2792 4940
307 423 364 466 too
599 404 843 464 POMPoNtt
878 406 1039 462 MELAE

312 599 367 662 ²9·
396 599 451 644 ar.
477 594 536 644 tta.
565 589 632 666 alp.
653 591 710 658 25.
735 580 908 652 Vedianae,
941 579 1159 653 Olitarianae,
1193 579 1333 644 schottus

309 665 475 773 Cypsellas
498 685 585 753 aliae,
607 683 686 744 olim
703 684 809 752 etiam,
826 673 971 773 Cypsela.
1004 701 1210 744 rzecrrvcrttc.
1261 685 1335 745 Scri·

305 783 449 846 bendum
474 775 621 876 Cypsella
642 803 700 866 pro
728 775 885 873 Gypsella.
918 801 1104 845 uenenato.
1133 783 1264 846 seruo
1283 803 1334 865 per

306 887 441 948 unicum
465 885 476 946 l
498 876 632 975 Cypsela
655 904 693 944 ex
708 885 868 966 Stephano
885 897 917 945 et
938 884 1105 954 Strabone,
1129 879 1184 971 [in
1201 887 1335 964 epitome

308 987 364 1048 lib.
381 1001 413 1062 7.
434 1007 464 1068 p.
487 995 567 1064 uolt.
584 985 633 1045 ed.
652 984 751 1046 Huds.
779 982 947 1070 Κυψὲλων
970 979 1084 1072 πόλις]
1118 987 1169 1044 cui
1188 986 1231 1048 est
1245 987 1337 1047 etiam

206 1141 209 1154 .
307 1087 458 1150 neutralia
486 1088 627 1170 generis.
662 1086 868 1167 adstipulante
891 1087 1024 1147 nomine
1051 1089 1180 1167 proprio
1207 1079 1337 1177 Cypseli,

307 1189 434 1270 tyranni
449 1188 620 1254 Corinthii,
646 1201 678 1248 et
695 1189 809 1248 eodem
828 1189 959 1248 nomine
973 1189 1032 1248 alia
1048 1189 1081 1247 in
1100 1187 1338 1270 fignificatiorre;

307 1287 430 1372 semper
461 1291 549 1350 enim
581 1307 654 1348 cnm
683 1290 780 1350 unico
809 1287 820 1348 l
851 1285 1004 1351 scribitur.
1072 1289 1259 1350 Herodotus
1285 1285 1337 1373 [5.

309 1406 367 1470 92,
390 1383 447 1474 5.]
469 1403 553 1452 certe
566 1404 599 1451 et
614 1387 777 1450 Pausaniae
797 1381 850 1472 [a.
866 1397 900 1466 4,
918 1397 952 1466 4.
969 1403 1002 1450 et
1015 1385 1109 1475 alibi]
1136 1390 1176 1450 sic
1192 1380 1339 1449 scribunt.

306 1493 345 1552 ln
372 1491 480 1552 codice
512 1509 638 1572 quoque
670 1491 906 1551 salmanticensi
937 1488 976 1550 stc
1002 1489 1151 1572 scriptum
1183 1491 1338 1552 invenies.

308 1593 520 1662 Ptolemaeus,
547 1591 683 1652 Graecus
701 1590 749 1668 [5,
774 1611 824 1652 ιι.
840 1591 896 1650 ubi
911 1591 1036 1652 Bertiue
1053 1585 1241 1675 Κύψελλα]
1267 1611 1341 1660 una,

307 1707 341 1756 et
362 1694 493 1753 Latinus
514 1711 587 1752 cum
608 1691 736 1772 duplici,
772 1689 822 1752 sed
845 1691 956 1774 procul
977 1693 1075 1754 dubio
1096 1690 1225 1761 vitiose,
1251 1693 1342 1752 utin

306 1795 366 1855 hac
387 1805 473 1874 parte
491 1793 567 1854 stdes
588 1791 729 1852 habenda
746 1812 812 1852 nun
837 1792 871 1851 lit
888 1793 1068 1864 Hermolao,
1099 1795 1153 1874 qui
1175 1795 1209 1852 in
1232 1807 1343 1874 quarto

217 1939 219 1946 =
307 1895 409 1978 castig.
440 1895 571 1956 tuine.
601 1913 653 1953 rr.
698 1885 843 1982 Cypsellat
875 1891 1067 1954 femininum
1098 1899 1244 1975 putat'et
1269 1913 1344 1954 cum

307 1996 432 2056 duobus
455 1994 478 2054 ll
499 1991 613 2054 scribit.
656 2012 856 2054 aruumrtve.
920 1994 1048 2074 Duplex
1070 1995 1093 2054 ll
1116 1995 1211 2055 habet
1235 1995 1345 2056 Ptole·

306 2115 415 2157 maeue
435 2109 465 2172 5,
489 2115 542 2155 ιι.
572 2093 699 2154 Nicetes
711 2095 885 2155 Cironiatee
903 2095 936 2152 in
953 2095 1065 2157 Annal.
1082 2095 1137 2156 lib.
1154 2111 1187 2156 a.
1205 2116 1237 2176 p.
1259 2108 1343 2175 238.

308 2194 382 2278 (ed.
406 2191 540 2276 Venet.)
571 2207 604 2254 et
631 2195 721 2264 alibi,
757 2195 839 2255 Plin.
859 2203 892 2275 4,
923 2193 1098 2271 18.s.'11.
1134 2195 1286 2277 deditque
1311 2199 1347 2256 in

202 2377 205 2384 .
306 2295 444 2377 Appiani
476 2295 623 2355 Mithrid.
652 2316 678 2357 c.
704 2297 763 2372 56.
801 2295 1131 2379 Schweighaeuserue,
1167 2295 1224 2356 ubi
1251 2311 1348 2360 antea

307 2391 470 2480 Κύψελα.
522 2396 668 2476 Plerique
685 2393 748 2457 lere
765 2417 820 2478 per
835 2395 964 2476 simplex
985 2396 1005 2466 l,
1030 2399 1062 2458 in
1080 2399 1116 2458 iis
1132 2398 1226 2457 etiam
1242 2400 1349 2480 aliqui

309 2488 460 2587 Cypsela,
483 2496 523 2556 de
538 2515 602 2576 quo
620 2497 689 2558 Vol.
706 2513 738 2558 a.
775 2498 906 2558 iuterim
924 2496 991 2560 vid.
1009 2501 1048 2560 de
1064 2499 1178 2558 variata
1195 2497 1349 2580 scriptura

306 2611 340 2659 et
354 2595 454 2658 forma
472 2595 633 2658 Drakenb.
649 2599 687 2657 ad
707 2597 776 2660 Liv.
796 2611 852 2675 5ι,
872 2599 926 2667 16,
946 2609 979 2674 5.
1010 2611 1065 2677 58,
1082 2611 1141 2677 4ο,
1159 2611 1192 2674 5.
1224 2601 1349 2660 Weffe·

305 2697 384 2782 ling.
407 2699 445 2758 ad
468 2698 626 2759 Antonini
646 2699 750 2760 itiner.
777 2719 808 2780 p.
833 2713 917 2776 352.
945 2711 977 2759 et
993 2700 1026 2758 in
1049 2701 1158 2781 primis
1182 2700 1285 2762 Wass‘e
1311 2703 1349 2761 in

160 2761 163 2768 Α
225 2867 232 2882 .
305 2799 459 2860 addendis
480 2799 516 2859 ad
544 2799 694 2876 Thucyd.
722 2811 753 2876 5,
786 2813 843 2878 55.
874 2820 904 2878 p.
930 2799 1013 2872 671.
1041 2801 1090 2862 ed.
1117 2799 1242 2862 Duker.
1286 2785 1350 2862 ubi

305 2901 401 2960 etiam
418 2900 458 2961 de
480 2899 611 2988 urbibus
635 2901 777 2961 eiusdem
798 2901 940 2966 nominis
961 2899 1040 2961 aliie.
1093 2901 1254 2980 Equidem
1270 2903 1347 2962 srm-

304 3001 377 3081 plett
397 2999 409 3060 ἱ
431 3001 558 3070 retinui,
584 3002 670 3080 quod
685 3001 820 3063 Codices
839 3013 1000 3082 praeeunt,
1027 3001 1081 3060 etsi
1100 3023 1211 3082 parum
1226 3004 1259 3061 in
1276 3003 1346 3064 hoc

304 3097 488 3170 constantes,
514 3113 582 3159 tum
603 3103 689 3180 quod
710 3103 910 3184 cognomini&
926 3101 1001 3163 urbe
1018 3103 1164 3163 Arcadiae
1182 3101 1220 3162 src
1237 3101 1346 3164 scribi·
1381 3157 1382 3162 ,

305 3212 357 3258 tur
377 3201 410 3258 in
430 3195 622 3278 Thucydide
643 3214 673 3260 et
688 3201 859 3281 Stephano,
886 3201 928 3262 ob
946 3221 1065 3263 nomen
1082 3205 1176 3262 etiam
1198 3202 1345 3283 Cypseli,

304 3299 426 3360 a'cuiue
443 3298 571 3380 posteris
588 3299 659 3358 urbi
679 3303 859 3381 impositum
877 3303 1013 3362 videtur.
1055 3303 1149 3364 Certe
1167 3304 1343 3376 Miltiades,

304 3397 430 3479 Cypseli
457 3401 556 3469 iilius,
589 3398 818 3462 Chersonesum
846 3403 1011 3462 Thraciam
1038 3405 1244 3486 expugnavit,
1285 3409 1345 3466 uti

302 3513 404 3560 nanat
428 3499 582 3561 Herodot.
607 3502 639 3570 6,
667 3515 724 3579 55.
775 3505 922 3583 Denique
944 3505 1054 3573 etiam,
1083 3503 1248 3584 siquando
1270 3505 1344 3568 hoc

301 3620 421 3660 nomen
444 3602 478 3660 in
496 3601 633 3662 versibus
656 3601 828 3682 expressum
844 3605 968 3685 legitur,
994 3585 1060 3663 urio
1079 3603 1091 3662 l
1113 3606 1254 3686 adparet;
1291 3607 1339 3669 cs.

277 3724 279 3728 ·
301 3700 459 3763 Herodot.
476 3720 502 3766 c.
518 3701 539 3764 l.
571 3701 687 3765 Avien.
705 3706 740 3764 in
756 3723 808 3764 ora
823 3705 926 3766 marit.
951 3725 983 3766 v.
1002 3716 1086 3786 527.

374 3901 519 3984 locus)
565 3903 648 3964 Edd.
670 3917 701 3983 5.
724 3914 758 3983 4.
783 3917 817 3982 5.
839 3906 947 3978 lacus,·
979 3905 1029 3968 ed.
1051 3905 1200 3968 lieinold.
1219 3920 1339 3985 1775.

298 4001 396 4074 lucus,
423 4005 463 4064 de
485 4021 546 4085 que
567 4003 752 4066 confusione
776 4008 815 4067 ad
841 4026 871 4076 r,
896 4025 930 4084 9,
957 4025 986 4068 u.
1012 4021 1044 4069 et
1068 4023 1099 4087 5,
1118 4009 1152 4086 ’9,
1176 4023 1202 4070 2
1253 4008 1341 4070 Post

297 4103 405 4167 Cibiu.
427 4105 512 4166 Gud.
534 4103 705 4189 Rehdiger.
732 4107 868 4170 Vindob.
890 4107 974 4189 Lips.
999 4122 1031 4170 et
1047 4111 1119 4170 edd.
1142 4121 1218 4188 1.5.
1235 4118 1271 4188 4.
1289 4123 1337 4189 5.
