2792 4940
286 467 345 529 ινδ
572 459 823 520 ΡΟΜΡΟΝΠ
865 459 1031 518 orem

286 631 339 694 vel
358 629 464 693 erralfe
480 633 673 713 Dionysium
694 646 726 696 et
745 631 919 696 confudille
938 646 1104 716 utramque
1122 629 1204 694 hanc
1220 629 1323 696 Cher-

287 731 448 804 luceium,
490 736 543 796 vel
576 734 739 820 impegille
767 739 801 795 in
828 751 927 796 artem
956 733 1056 804 luam,
1095 747 1128 797 et
1157 755 1222 796 non
1249 731 1325 794 [atie

289 833 433 896 distinete
457 833 516 898 effe
544 837 699 898 locutum.
767 837 880 906 llario,
917 835 1125 918 quamobrem
1147 835 1241 896 multi
1265 833 1325 895 hae

291 933 500 1000 Chersonesos
522 937 741 1006 confuderint.
775 958 810 998 ea
833 937 892 1004 ell.
926 937 1011 1018 quod
1043 949 1174 1017 utraque
1200 937 1326 996 dicatur

290 1037 452 1098 Thraciae.
486 1039 595 1120 ltaque
611 1039 788 1119 Stephanus
804 1051 835 1099 et
851 1039 902 1098 alii
919 1033 1098 1124 Παλλήνην
1116 1051 1209 1098 vocat
1225 1029 1326 1098 πόλιν

291 1131 432 1224 Θρᾴκην.
485 1139 610 1222 Nempe
632 1141 705 1222 quia
724 1140 861 1202 Thraces
883 1141 1051 1220 aliqnando
1075 1158 1147 1200 eam
1178 1151 1324 1200 terruere.

290 1240 464 1302 Sciendum
485 1242 589 1310 enim.
621 1255 660 1302 ut
681 1242 759 1301 olim
785 1241 912 1302 Graecia
934 1239 1111 1310 dicebatur,
1142 1237 1327 1318 ubicunque

291 1340 390 1401 ellent
406 1329 531 1412 Graeci.
559 1343 601 1402 ita
622 1362 749 1424 quoque
763 1341 912 1403 Thraciae
928 1343 1060 1402 nomine
1079 1339 1196 1401 venilie
1215 1340 1329 1400 omnia

294 1461 345 1512 ea,
380 1461 458 1522 quae
478 1443 645 1526 aliquando
668 1445 803 1504 'l'hracee
825 1443 1051 1504 inhabitavero.
1105 1441 1191 1502 Hinc
1208 1441 1259 1509 fir.
1285 1453 1328 1499 ut

293 1562 361 1602 non
382 1557 505 1606 tantum
525 1546 671 1627 pleraque
690 1545 894 1605 Macedoniae
915 1544 992 1614 loca,
1026 1541 1075 1604 led
1099 1557 1133 1602 et
1154 1539 1326 1602 Thellaliae

296 1655 328 1705 et
348 1645 477 1716 Atticae,
503 1667 706 1727 quaecunque
729 1646 907 1726 Eumolpus
926 1645 1031 1705 Thrax
1051 1644 1165 1713 tenuit,
1190 1643 1327 1703 Thracia

297 1741 384 1826 saepe
407 1747 625 1808 nominentur.
677 1751 779 1827 Atque
800 1745 877 1807 haec
896 1747 1025 1826 quidem
1043 1745 1204 1814 hactenus,
1236 1739 1327 1805 unde

296 1848 462 1908 innumera
489 1861 634 1909 vetemm
656 1848 739 1918 loca,
766 1847 934 1908 Poetarum
961 1845 1155 1928 praesertim,
1184 1841 1329 1905 illustrari

297 1947 433 2026 poliunt.
484 1949 634 2010 Ceterum
654 1963 686 2010 et
708 1949 768 2010 hoc
790 1967 916 2030 qnoque
934 1949 1144 2015 monendum,
1169 1946 1203 2007 in
1220 1945 1329 2007 verbis

298 2047 443 2126 Dionysii
462 2049 547 2109 aliud
564 2070 689 2131 quoque
704 2049 763 2112 elle
778 2051 944 2117 mendum,
970 2046 1243 2128 scribendumque.
1268 2047 1331 2130 τῆς

298 2137 481 2234 libamine,
507 2169 574 2210 non
592 2139 766 2237 Εὐρώπης,
792 2152 877 2233 quod
896 2151 1040 2230 ineptum
1061 2149 1223 2210 hocloco.
1263 2149 1329 2207 Eu·

296 2249 383 2330 ropia
410 2249 452 2310 ell
475 2253 564 2335 regio
589 2251 808 2318 Macedoniae.
843 2252 883 2312 lrc
908 2251 990 2310 dicta
1016 2250 1063 2311 ab*
1081 2251 1212 2330 Europe
1236 2248 1330 2312 urbe.

298 2351 383 2411 Huic
409 2352 533 2435 regioni
553 2349 675 2414 obiacet
700 2351 837 2416 Pallene.
876 2369 1018 2414 vorrrra.
1083 2351 1191 2411 Aliena
1214 2349 1329 2428 utique

298 2451 341 2513 ell
355 2451 493 2512 Pintlnni
508 2454 700 2523 emendatio,
726 2473 791 2514 noo
809 2451 909 2512 lolum
926 2453 996 2533 quia
1014 2455 1047 2514 fir
1061 2464 1181 2533 praeter
1202 2451 1330 2512 codices

299 2567 331 2614 et
352 2551 580 2624 neceffitatem,
620 2553 674 2616 led
695 2569 727 2616 et
756 2553 872 2614 Melam
893 2551 974 2614 facto
998 2551 1073 2612 saltu
1095 2552 1133 2612 ad
1154 2553 1331 2613 remotiora

298 2655 374 2716 inde
397 2655 465 2716 loca
487 2655 610 2736 abripit.
672 2656 781 2739 Quem
803 2674 880 2716 vero
904 2655 1049 2715 ordinem
1073 2667 1177 2715 teneat
1199 2653 1231 2712 in
1256 2647 1329 2734 ipio

298 2770 385 2819 recto
407 2754 513 2826 cursu.
540 2755 619 2817 infra
640 2757 776 2838 adparet.
828 2755 952 2818 Schotti
977 2755 1070 2814 lectio
1092 2749 1206 2834 etipsa
1227 2755 1329 2813 nimie

298 2877 314 2916 a
330 2855 484 2918 librorum
508 2857 642 2942 relligiie
663 2859 804 2926 recedit..
831 2855 1026 2936 vinculisque
1042 2854 1241 2915 constrictum
1257 2853 1331 2914 Me·

298 2959 360 3017 lam
381 2960 414 3018 in
439 2961 490 3019 via
509 2961 634 3020 retinet.
694 2957 807 3022 Senius
829 2957 964 3018 omnino
985 2955 1037 3015 lric
1060 2954 1119 3014 est:
1152 2955 1247 3016 Sinue
1269 2953 1327 3015 ille

297 3059 400 3118 veluti
421 3061 509 3142 vallio
530 3063 673 3142 undique
689 3059 825 3120 rnootosr
849 3058 951 3118 litoris
971 3057 1047 3139 iugo
1069 3055 1250 3137 incingitur,
1282 3069 1329 3115 at-

299 3179 360 3238 que
383 3161 435 3227 ita.
468 3161 553 3240 quod
574 3160 659 3231 lolet,
691 3159 905 3222 luciformem
924 3155 1110 3240 etspeciem
1132 3153 1271 3218 breviter
1293 3168 1330 3218 et

298 3258 473 3321 luculenter
491 3259 649 3323 describit.

373 3447 421 3488 ear
446 3419 616 3518 fluvio,
656 3427 794 3512 quem)
842 3427 932 3514 Prag.
951 3421 1102 3515 flumine,
1127 3445 1237 3510 quem
1270 3425 1327 3490 ed.

299 3527 448 3612 Lugdun.
468 3529 572 3607 1605.
595 3533 727 3612 accepit.

372 3698 417 3760 M
424 3697 508 3760 elas
517 3697 536 3780 )
592 3699 681 3784 Prag.
723 3669 906 3762 Melordeos
938 3695 1038 3771 ἄναες
1082 3695 1191 3760 cibin.
1217 3694 1326 3762 Meus.

295 3795 357 3859 Ed.
380 3799 570 3873 1.Melias,·
604 3817 635 3863 a.
659 3820 693 3881 9.
716 3799 843 3863 Melias.

369 3959 715 4059 Alopeconnesum
726 3967 744 4049 )
793 3969 892 4030 Vatic.
919 3967 1003 4031 Gud.
1027 3967 1117 4052 Prag.
1143 3964 1327 4030 Vindoboo.

295 4059 552 4158 alopeconesron;
580 4069 660 4152 Lipl.
679 4060 956 4160 olopocoonesum.·
989 4069 1158 4152 llebdiger.
1180 4067 1326 4144 alopeco-

293 4157 441 4258 oeosurm·
470 4169 576 4234 Cibin.
600 4185 636 4231 ut
658 4171 782 4234 Boccat.
804 4169 843 4232 de
864 4171 1004 4234 maribus
1025 4167 1046 4234 l.
1065 4189 1097 4234 ν.
1123 4167 1328 4231 Maffulianue
