2836 4940
339 393 396 462 apa
630 383 865 443 roucourt
910 383 1075 440 mutar:

337 557 429 642 gulos
450 557 511 643 leg.
531 558 657 622 monui.
709 559 863 630 Memini,
891 562 945 642 qui
962 559 999 621 ab
1018 558 1152 642 ingenio
1167 569 1334 640 reponerent,

340 651 400 750 effe
420 673 451 720 et
470 660 560 730 alios,
585 659 695 742 quibua
717 675 778 725 etc.
813 681 914 726 rnanr.
965 663 1137 723 Pintiauua
1153 673 1184 720 et
1199 659 1246 720 alii
1259 661 1337 718 Pano
1371 645 1372 650 ἵ

341 765 407 824 tius
421 762 472 822 vel
487 759 640 852 PonuJios
656 783 695 824 ex
711 763 829 827 Isidoro
844 777 1018 846 reponunt.
1060 764 1099 823 ln
1118 760 1252 845 pluribus
1264 781 1336 820 manu

342 865 473 927 exaratio
493 863 580 924 sibria
596 864 755 926 Sarmatos
772 864 930 937 scribitur,
955 867 989 926 in
1006 865 1077 926 aliie
1097 875 1128 924 et
1148 861 1262 923 anulos.
1303 861 1336 921 lo

345 965 507 1026 Yanrtotos
528 963 642 1048 scripsit
661 965 768 1030 Mela‘l
805 967 906 1030 Porro
924 966 1058 1029 diversra
1073 964 1253 1027 nominibua
1266 965 1337 1023 aurita

342 1067 419 1128 baec
442 1065 578 1128 monslra
602 1069 814 1150 appellantur,
847 1059 1111 1153 Μεγαλοὺατοι,
1137 1061 1337 1132 'Euorouoirnt

341 1161 525 1239 neodem.
551 1159 737 1241 Tumiwrot,
760 1164 963 1234 Ὠτόλικνοι.
990 1189 1140 1232 vosarve.
1187 1161 1337 1243 Sarmatos.)

341 1269 405 1334 Hic
427 1289 554 1352 quoque
577 1272 679 1335 inania
700 1271 743 1334 est
766 1273 912 1335 collectio
943 1271 1179 1333 vocabulorum
1200 1268 1235 1328 ab
1257 1261 1337 1327 Volso

339 1369 437 1442 iacta,
470 1391 609 1453 quorum
633 1375 756 1436 nullum
785 1389 839 1436 aut
866 1375 905 1436 ad
932 1375 1058 1444 literae,
1093 1392 1172 1454 quae
1195 1367 1339 1432 exstantia

342 1473 436 1536 MSS.
452 1475 557 1534 autad
579 1475 838 1558 explicationem,
869 1496 963 1556 quam
986 1475 1137 1558 adiungit
1159 1471 1251 1541 Mela,
1272 1481 1298 1530 et
1312 1467 1338 1528 rd

341 1595 438 1658 quam
460 1575 559 1636 allufit
584 1577 661 1638 baec
683 1597 762 1648 vox,
796 1577 966 1660 quidquam
997 1575 1141 1648 accedit;
1179 1591 1240 1634 non
1265 1571 1340 1652 magia

340 1675 502 1760 prosectu,
536 1697 628 1759 quam
659 1679 745 1760 quod
775 1699 813 1740 ex
838 1680 884 1740 aia
905 1681 1014 1764 eligit,
1060 1679 1226 1738 Tnnuotos.
1286 1671 1339 1753 Qua

339 1793 471 1861 propter
484 1777 559 1849 bae,
586 1799 661 1860 quae
680 1779 793 1852 citavi,
818 1781 927 1842 literae
949 1779 1193 1842 considerandae
1209 1773 1282 1843 sunt,
1302 1783 1341 1830 aut

340 1899 421 1960 quae
437 1881 470 1939 in
486 1881 553 1942 aliie
573 1883 670 1942 etiam
688 1882 779 1944 MSS.
801 1895 831 1942 et
853 1881 969 1943 anulos
984 1882 1038 1944 vel
1062 1882 1200 1961 denique
1213 1871 1339 1937 Sotinnltr

339 1993 393 2041 aut
420 1980 590 2043 Satinolos.
626 1979 717 2069 [Vid.
741 1975 861 2067 supro]
915 1983 1084 2045 Sntmasos
1113 1983 1148 2043 in
1179 1974 1338 2041 editionibus

338 2079 482 2142 habetur.
533 2082 686 2164 Scripsisse
706 2097 866 2145 auctorem
884 2084 958 2146 dico
977 2083 1191 2151 Ountmnllos.
1214 2097 1280 2162 quae
1293 2093 1338 2136 rot

339 2183 527 2264 composita,
562 2197 599 2243 ut
628 2185 743 2244 clarum
772 2185 831 2256 esi,
863 2203 933 2246 non
963 2200 1037 2271 eget
1068 2185 1265 2268 expolitione.
1302 2177 1339 2239 sic

339 2276 621 2370 δρακοντόμαλλοι
648 2280 808 2372 Γοργόνες
839 2284 998 2365 Aeschylo
1023 2289 1057 2349 in
1082 2284 1279 2349 Prometheo,
1300 2273 1337 2364 [v.

339 2377 446 2468 8⁰5·]
481 2385 553 2466 quia
582 2385 740 2448 habebant
765 2382 921 2469 κεφαλὰς
947 2375 1338 2476 περισπειραμένος-Φολὲσι

339 2479 536 2572 dpouo'ortov.
572 2508 595 2550 1.
619 2507 824 2553 cnouovrva.
893 2491 1091 2553 Admistmua
1118 2491 1265 2553 Pactolos,
1293 2479 1337 2546 vel.

341 2586 362 2646 li
384 2589 501 2658 mavia,
528 2591 696 2661 Panotios,
723 2592 824 2652 veluti
843 2591 1016 2652 lectionem
1034 2595 1139 2676 magia
1155 2584 1339 2650 verisimilem

339 2689 520 2752 addidimus
535 2705 640 2753 tamen
664 2693 730 2753 fieri
749 2692 843 2774 posse,
868 2707 905 2752 ut
925 2693 1089 2753 Tonuotos
1111 2687 1254 2772 scripserit
1267 2683 1338 2747 Melo

339 2805 454 2872 utpote
477 2793 561 2874 quod
579 2807 611 2855 et
634 2792 736 2874 ipsum
758 2813 825 2854 non
843 2795 985 2854 multum
1006 2795 1166 2855 recedata
1187 2789 1341 2870 scriptorum

339 2892 495 2954 librorum
526 2895 670 2956 lectione.
728 2897 845 2957 Verum
868 2907 1042 2976 utrumque
1069 2893 1210 2976 explodit
1230 2885 1340 2949 iuvenis,

338 3008 443 3054 et-
471 2995 614 3057 audacter
639 2993 771 3056 affirmat
792 2997 964 3081 legendum
991 2994 1051 3057 esse
1076 2989 1276 3056 Orrntmollos.
1316 2981 1342 3045 Si

337 3094 455 3156 Melam
483 3099 651 3158 Sarmatice
684 3099 866 3178 loquentem
897 3099 930 3158 in
963 3095 1086 3159 scenam
1112 3095 1276 3180 producere
1296 3101 1340 3146 vo·

336 3193 453 3265 luisset,
487 3200 590 3277 aptiua
611 3217 674 3258 non
699 3199 848 3280 potuisset
869 3200 1014 3260 invenire
1031 3197 1233 3260 vocabulum.
1273 3187 1341 3252 Con·

337 3298 439 3356 tendit
459 3311 561 3360 tamen
580 3300 727 3360 Graecam
744 3300 804 3362 else
819 3301 899 3362 hanc
913 3319 1041 3362 vocem.
1069 3329 1117 3344 -
1157 3293 1263 3358 Misere
1281 3285 1341 3349 salli·

335 3411 397 3460 tur.
444 3399 524 3482 Quia
546 3402 633 3460 enim
655 3399 768 3471 nescit,
802 3401 1006 3486 Gorgonibua
1028 3401 1160 3462 attribui
1179 3393 1338 3477 capillitiun

335 3501 536 3584 anguinum?
586 3502 667 3584 Quia
690 3505 768 3563 item
794 3521 860 3563 non
882 3503 1006 3574 videat,
1039 3505 1073 3566 in
1094 3503 1156 3562 hoo
1177 3486 1338 3579 Apollodori

334 3603 407 3664 loco
426 3599 479 3688 [2⁹
496 3613 529 3682 4,
549 3597 603 3690 2.]
628 3604 799 3688 legendum
821 3603 880 3666 else
904 3593 1064 3667 οκολλύσι
1086 3594 1273 3690 dpnrto'rrnr;
1295 3587 1335 3650 les

334 3719 366 3766 et
388 3707 456 3784 quia
481 3707 618 3788 ignorat,
652 3699 780 3794 pallito
800 3719 833 3766 et
854 3698 999 3768 σκολλὶον
1024 3706 1110 3766 idom
1125 3701 1182 3764 csse
1200 3695 1334 3778 accipiqul

332 3825 391 3888 pro
423 3808 523 3867 comit
553 3819 584 3867 et
611 3807 695 3868 cirria
716 3809 869 3890 anguium
900 3805 950 3867 scu
978 3809 1148 3868 draconum
1173 3800 1257 3863 inslar
1275 3811 1334 3855 coo·

332 3907 446 3968 tortia?
504 3909 544 3968 At
568 3927 644 3968 vero
668 3907 688 3968 li
715 3907 874 3968 barbaram
896 3907 983 3968 islam
1011 3909 1208 3968 admittamur
1230 3909 1331 3960 rocem·

330 4010 381 4069 cni
403 4009 533 4068 similem
552 4009 583 4068 in
604 4023 667 4069 tota
689 4009 794 4094 lingua
814 4009 926 4070 Graeca
943 4027 1042 4071 nemo
1059 4008 1204 4075 inveniat,
1227 3996 1331 4062 Mallon·

330 4123 379 4172 toa
399 4111 485 4171 enim
510 4124 563 4170 aut
587 4109 766 4184 Mallotioa,
801 4131 867 4175 uon
888 4110 1087 4174 Ouatmalloa
1108 4105 1253 4173 dixilicnb
1281 4097 1329 4156 3³³¹
