2814 4946
354 440 444 498 Lttt.
476 441 514 494 tt.
558 438 590 498 α
614 437 679 498 vtt-
720 439 798 510 Η.
1035 449 1099 514 6⁰⁵

61 631 92 680 et
109 615 279 678 :rbitratue
298 613 341 677 eil
358 613 529 676 Cluverius
545 633 572 676 c.
590 611 611 676 l.
639 611 694 694 qui
710 629 785 672 eum
802 629 942 675 errorem
956 611 1044 674 ducit
1060 631 1101 675 ex

64 721 151 780 omitt
178 719 269 780 clade
292 719 327 777 in
357 713 459 778 birico
491 715 571 778 meri
596 714 680 796 opud
707 713 935 796 Aegimurum.
972 717 1013 780 tle
1038 739 1101 800 qur

66 823 173 883 Florus
203 837 235 890 2.
261 835 293 888 2.
317 832 373 897 5⁰·
425 803 618 878 Emendatio
647 829 730 876 certe
752 815 814 876 loci
838 817 965 878 admitti
989 821 1103 901 nequit

67 923 106 984 ob
128 923 328 1003 pertinacem
351 919 498 980 codicum
521 913 724 986 consortium.
751 935 768 976 e
791 916 905 997 quibus
922 916 1001 980 solut
1018 919 1102 983 lieh-

66 1025 162 1106 diger.
179 1021 296 1084 hahet:
322 1021 423 1084 rboort
441 1017 531 1082 clade
550 1015 775 1089 memorabiles,
795 1019 881 1102 quod
896 1019 1015 1082 librarii
1028 1019 1104 1084 olci-

67 1127 178 1186 trntiee
202 1123 348 1188 debetur.

234 1329 264 1406 §.
299 1337 333 1405 8.
391 1322 679 1407 Europae-)
729 1325 858 1388 variant
882 1327 935 1388 hic
958 1327 1042 1400 libri,
1068 1331 1104 1391 in

72 1429 242 1492 verborum
270 1445 377 1490 tamen
402 1429 504 1512 megin
530 1428 643 1488 ordine
669 1439 702 1488 et
728 1427 959 1492 conlocatione.
1014 1429 1100 1494 Gud.

72 1529 213 1592 litoribus
234 1529 404 1612 Errropoe,·
442 1529 615 1613 llehdiger.
639 1529 767 1606 Europe
790 1527 936 1622 appofite
958 1529 1106 1594 litoribus

66 1625 160 1723 suum
185 1633 285 1694 l'etic.
310 1653 339 1694 r.
361 1631 469 1718 Cibin.
486 1627 653 1720 opposttae
667 1620 768 1720 sune,-
793 1631 930 1694 Vindob.
950 1631 1105 1724 oppostte.

72 1735 140 1796 Post
155 1735 252 1814 aliqui
267 1737 367 1814 Aegeo
383 1731 518 1794 solemni
535 1733 735 1792 librariorum
750 1751 856 1804 more,
882 1735 938 1815 qui
957 1737 1053 1796 etiem
1070 1737 1105 1796 iu

71 1837 140 1898 edd.
160 1833 302 1904 vetustis,
328 1836 361 1894 in
382 1835 527 1894 Vedienir
545 1833 625 1894 eden
643 1831 833 1896 Olivarianis
849 1849 881 1894 et
895 1837 979 1918 apud
994 1837 1105 1898 Schot-

72 1951 139 1996 tum
166 1949 306 1997 notetur.
359 1937 448 1996 Tum
474 1933 615 1998 Vindob.
639 1935 792 2006 tractuum·
826 1935 909 2018 Lipl.
933 1939 1104 2001 trachiam.

72 2038 238 2100 Gudianue
263 2036 379 2100 omillt.
429 2037 458 2100 A
489 2053 571 2097 voce
596 2033 704 2096 Plures
735 2049 829 2120 orput
850 2049 909 2116 55.
943 2039 1107 2104 constituit

72 2141 217 2202 Vinctus.

149 2329 335 2431 Thasos)
391 2339 563 2427 Rehdiger.
588 2329 708 2428 toffos,·
749 2339 856 2404 Cibin.
880 2333 1024 2432 tboffose
1055 2345 1109 2406 alii

77 2435 210 2535 illusos.
253 2445 302 2504 De
320 2440 468 2525 [criptura
482 2443 655 2524 quaeritur.
682 2455 789 2502 utrum
810 2436 940 2531 Thoffos
960 2443 1109 2526 praeferri

74 2545 196 2614 debeat.
219 2563 259 2604 en
280 2534 409 2633 Thasos.
450 2545 533 2605 lllutl
550 2541 668 2604 babent
683 2543 862 2626 Stephanus
878 2545 909 2606 b.
925 2565 958 2606 v.
984 2545 1111 2610 Plinine

75 2656 187 2725 425.
206 2641 228 2704 s.
250 2659 304 2708 ια.
328 2673 379 2688 -
403 2645 466 2706 hoc
487 2647 645 2728 plerique,
672 2647 719 2704 uti
736 2645 943 2722 Thucydides
967 2667 996 2716 ι,
1026 2665 1107 2710 too.

75 2761 104 2806 et
122 2747 218 2814 alibi.
245 2745 410 2808 Demostb.
433 2747 467 2806 in
485 2761 561 2809 orat.
582 2765 612 2810 r.
648 2749 681 2806 iu
704 2745 845 2828 Philipp.
866 2767 897 2828 p.
915 2759 974 2828 49.
997 2747 1109 2810 Ileirk.

75 2849 188 2928 scytax
212 2859 290 2908 extr.
322 2847 434 2909 Strabo
458 2847 513 2910 lib.
533 2863 566 2910 2.
590 2867 622 2928 p.
646 2867 691 2910 m.
715 2859 773 2924 35.
793 2845 813 2908 l.
839 2857 918 2926 124.
958 2847 1112 2926 Polybius

79 2965 134 3026 15.
151 2959 211 3030 24.
227 2949 272 3008 in.
305 2959 360 3025 18.
384 2963 441 3026 3¹·
465 2964 498 3010 o.
514 2963 547 3010 et
564 2962 622 3027 55.
637 2949 682 3010 in.
716 2947 851 3010 Diodor.
874 2967 929 3019 rr.
952 2963 1009 3022 70.
1046 2951 1111 3012 Dio

75 3051 155 3114 eati.
173 3063 235 3128 47.
255 3061 312 3128 55.
327 3061 360 3110 et
375 3059 435 3127 47.
457 3051 552 3111 etalii
570 3049 686 3131 plnres.
713 3050 785 3112 Vid.
801 3047 893 3109 walt.
912 3049 949 3109 etl
964 3051 1112 3130 Thucytl.

77 3171 108 3224 t,
138 3171 221 3214 roo.
257 3151 312 3232 qui
333 3150 468 3234 longum
491 3169 605 3212 eorum
626 3149 787 3212 recensum
807 3151 885 3234 egit,
912 3152 945 3210 in
964 3151 1114 3232 quibnes

75 3253 211 3336 fimplex
225 3253 354 3336 legitur.
382 3253 428 3312 lte
442 3271 481 3314 ex
497 3253 617 3314 Latinis
634 3253 742 3336 Nepos
757 3253 790 3311 in
808 3249 946 3314 Cimone
966 3271 994 3322 t.
1014 3264 1047 3330 5.
1063 3283 1114 3302 -

76 3359 168 3418 Turn
181 3367 293 3435 poetae
310 3353 521 3433 penultimam
537 3354 723 3436 corripiunt,
747 3355 795 3412 uti
805 3352 1017 3415 rirchellratur
1031 3355 1115 3436 opud

76 3459 283 3520 Athenaeum
302 3467 334 3532 3.
354 3466 411 3532 28.
446 3453 637 3516 Theocritus
657 3455 692 3516 in
713 3453 845 3516 Antbol.
864 3455 905 3515 T.
930 3475 960 3518 r.
980 3475 1012 3537 p.
1035 3471 1116 3535 197.

78 3560 142 3620 lac.
180 3553 314 3633 Dionys.
332 3575 363 3615 r.
383 3567 467 3634 529.
492 3553 640 3618 Priscian.
660 3577 692 3616 v.
712 3557 797 3637 546.
822 3555 965 3618 Avienus
982 3577 1014 3618 v.
1032 3571 1117 3632 701.

78 3659 200 3722 Statius
231 3655 335 3718 Theb.
365 3668 397 3734 5.
425 3667 504 3733 132.
555 3657 665 3742 Virgil.
697 3657 814 3740 θοοῖς.
842 3671 874 3726 e,
899 3673 958 3734 9¹·
990 3657 1116 3738 aliique.

79 3761 232 3838 Denique
265 3757 347 3818 hanc
387 3755 569 3840 scripturam
606 3753 773 3820 certiffime
804 3757 993 3818 confirment
1024 3760 1119 3820 multi

79 3861 272 3922 Thafiomm
294 3859 407 3930 numi,
440 3859 480 3919 de
503 3859 619 3940 quibnr
640 3861 707 3922 rid.
730 3857 848 3920 lielcbe
874 3859 907 3918 in
929 3859 1005 3921 Lex.
1027 3879 1117 3922 uum.

81 3964 121 4025 T.
139 3975 176 4040 5.
189 3961 227 4022 P.
250 3979 280 4022 r.
295 3979 328 4040 p.
349 3969 444 4040 ¹⁰⁰4
461 3957 502 4040 lq.
528 3975 561 4022 et
577 3959 702 4022 Eclrbel
716 3962 750 4020 in
768 3959 911 4022 doctrine
926 3979 1016 4022 num.
1034 3959 1072 4024 P.
1089 3979 1119 4025 1.

83 4064 156 4125 Vol.
175 4079 207 4126 2.
229 4083 263 4145 p.
282 4074 328 4140 55
346 4059 408 4144 sqq.
449 4063 552 4122 Veriat
567 4063 697 4144 quidem
715 4059 954 4122 Drakenborch.
977 4061 1010 4122 in
1027 4061 1120 4124 Liuio

87 4179 145 4244 53,
162 4179 222 4245 30,
240 4177 275 4244 5.
298 4176 331 4226 et
347 4177 405 4244 392
426 4179 457 4226 2.
486 4167 560 4244 quia
577 4165 663 4228 idern
680 4165 733 4225 fiet
753 4163 787 4224 iu
807 4161 954 4242 Polybio.
995 4161 1121 4246 Nempe
