2784 4944
304 459 365 524 300
604 441 845 504 nonronu
882 441 1045 502 notin

308 619 424 685 labent
451 619 549 683 etemi
573 621 624 684 vel
651 621 772 682 aeterni
792 611 963 708 flnmini5‚·
1010 635 1067 682 ιι.
1100 614 1142 679 ab
1164 637 1200 680 eo
1225 619 1363 680 Frentn

308 723 383 786 oilla
410 725 570 786 maritima
598 719 715 784 liabent
740 721 851 784 Aterni
875 713 1038 806 fluminis,·
1079 719 1166 782 idem
1201 735 1257 798 13.
1283 735 1366 782 tan·

309 845 379 892 tum
404 825 508 888 Trinii
528 843 588 910 pro
611 811 740 895 Ate'rnir
781 835 814 900 3.
840 831 875 900 4.
897 831 932 900 5.
955 819 989 886 6.
1014 835 1046 896 7.
1071 831 1104 899 8.
1130 841 1184 885 ro.
1207 837 1264 886 12.
1297 833 1364 903 ¹4·

314 947 369 1010 29.
393 925 434 990 ol>
456 947 491 988 eo
514 925 692 1008 senogallia
715 923 895 992 maritima.
939 919 1056 984 halent
1078 923 1159 983 enim
1176 915 1365 1011 fluminis,-

313 1033 368 1096 16.
396 1041 448 1106 ¹8·
475 1044 533 1094 αι.
562 1045 617 1092 oo.
647 1035 706 1110 24.
730 1032 789 1103 25.
823 1025 996 1096 vadianto,
1028 1023 1227 1086 Olivariame
1251 1023 1300 1086 ab
1323 1047 1368 1090 eo

309 1129 488 1213 senogallia
513 1130 674 1190 maritimo
702 1125 747 1188 ad
775 1121 886 1189 Aterni
906 1119 1080 1215 Jlnrninis,·
1122 1138 1176 1201 ¹5·
1201 1139 1259 1198 ¹7·
1295 1147 1364 1192 ιο.

310 1247 367 1312 23.
390 1230 431 1294 ab
449 1251 484 1293 eo
500 1229 701 1312 Sonnogallia
723 1223 738 1308 (
749 1243 805 1312 23.
824 1227 954 1308 simplici
973 1225 1030 1310 n.)
1051 1228 1211 1286 maritima
1234 1231 1366 1292 Aterni

296 1329 464 1423 fluminis,·
494 1335 642 1394 Vinetnot
670 1327 711 1389 al>
726 1349 762 1389 eo
776 1329 930 1390 Frentani
951 1327 1005 1390 illa
1028 1327 1190 1388 maritima
1211 1325 1362 1394 habene.

306 1437 417 1500 Aterni
439 1427 610 1522 flnnrinis,·
648 1430 814 1493 Schottut:
848 1427 889 1490 ab
922 1449 957 1490 eo
990 1427 1147 1490 Sanrnites
1180 1432 1365 1492 maritima

186 1549 192 1560 ’
305 1550 410 1598 tenent
431 1533 476 1595 orl
501 1525 790 1619 Atemiflrnninisr
827 1527 961 1600 Voil'tne.
984 1539 1044 1610 40.
1067 1527 1108 1590 ab
1130 1531 1365 1606 eoFrentani,

304 1639 402 1716 Apuli
424 1659 464 1696 ae
479 1637 643 1698 Marrrcini
665 1629 783 1694 liabent
802 1633 913 1694 Aterni
923 1625 1093 1722 flnminiu
1122 1641 1182 1710 [μ.
1211 1641 1275 1710 42.
1307 1656 1365 1697 re·

304 1740 407 1820 liquat
434 1757 507 1798 cum
535 1735 772 1797 Relnoldionit:
812 1729 854 1792 ab
876 1753 911 1792 eo
934 1733 1091 1794 Frentani
1113 1734 1176 1794 iam
1200 1732 1366 1798 Matrini

305 1837 421 1902 habent
450 1840 558 1900 Aterni
571 1831 734 1924 fluminis.
783 1835 933 1896 Proxime
959 1833 1027 1915 poll
1057 1833 1129 1894 libri
1156 1834 1270 1902 multi,
1318 1853 1364 1899 ut

303 1941 394 2014 alibi,
421 1937 533 2032 hestia.
575 1935 626 2000 Ci.
658 1957 686 2008 ι,
710 1955 746 2016 9.
769 1945 804 2014 4.
840 1953 1047 1997 rzecnvcnn.
1092 1933 1269 1997 Olenium
1299 1938 1364 2012 eli,

305 2039 366 2129 [ad
390 2045 419 2121 ς.
440 2053 472 2116 5.
493 2032 671 2128 fanestris]
708 2037 763 2097 ubi
790 2037 921 2097 locanda
946 2035 982 2096 sn
1008 2035 1191 2116 senegalia.
1246 2035 1364 2102 Nunc

303 2145 404 2214 addo,
437 2141 623 2201 Ptolemaeo
652 2133 711 2224 [3,
739 2130 792 2221 ι.]
822 2135 882 2197 elle
914 2137 1028 2198 Senam
1054 2136 1227 2206 Gallicam,
1262 2140 1365 2204 Stra.

305 2243 383 2302 boni
406 2239 462 2329 [5.
487 2263 519 2324 p.
543 2261 587 2302 m.
617 2239 697 2318 146.
722 2236 744 2298 l.
769 2233 876 2324 227.]
905 2237 1121 2318 senogalliam,
1150 2233 1366 2324 [Σηνογαλ-

302 2336 400 2429 lion]
433 2343 539 2404 Plinio
564 2335 621 2426 [3.
653 2337 746 2418 19.s.
771 2333 849 2426 ¹4]
876 2339 1106 2420 Senagalliam,
1132 2340 1208 2401 Silio
1232 2339 1363 2406 Sereem

302 2447 335 2506 ln
353 2445 434 2504 libro
452 2455 485 2522 g,
510 2443 557 2520 [v.
574 2444 677 2522 453]
702 2451 735 2500 et
753 2439 908 2500 Senonum
926 2439 966 2500 rie
982 2441 1104 2502 nomine
1119 2439 1204 2502 Sene.
1231 2434 1362 2525 [nunc

304 2540 420 2630 Senon]
473 2547 511 2606 ln
535 2543 591 2605 lib.
623 2555 675 2619 15,
698 2534 872 2628 [v.552.]
898 2553 1010 2602 autem
1029 2541 1141 2602 Senam
1160 2541 1362 2620 Gallicam,-

301 2668 365 2730 qna
383 2645 465 2708 Sena
488 2645 629 2706 relictam
654 2641 817 2706 Gallorum
842 2663 863 2702 a
884 2643 1012 2722 populis
1034 2643 1137 2702 traxit
1158 2664 1214 2723 per·
1226 2635 1362 2732 secula:

301 2769 423 2810 nomon.
464 2745 621 2808 Restituto
640 2759 750 2806 autom
767 2745 799 2802 in
816 2743 990 2824 proprium.
1017 2763 1114 2823 quem
1131 2744 1207 2813 dixi,
1229 2745 1361 2810 locum

301 2849 401 2911 verbo
433 2847 624 2928 Serngnllin,
667 2843 809 2926 sequitur
840 2846 984 2925 proxime
1017 2845 1190 2906 Maritima
1215 2865 1359 2911 nomen

299 2951 426 3033 oppidi,
464 2941 554 3009 enim
587 2947 738 3008 meminit
772 2945 985 3007 Ptolemaeus.
1021 2939 1078 3030 [3.
1106 2937 1158 3031 1.]
1216 2947 1357 3032 lnligni

299 3065 405 3112 tamen
429 3051 462 3110 in
484 3069 522 3111 eo
546 3047 609 3109 five
630 3047 849 3116 librariorum,
888 3047 951 3108 live
972 3059 1187 3108 correctorum
1211 3067 1356 3124 errore;

297 3153 434 3214 duorum
455 3151 545 3212 enim
562 3149 756 3232 oppidorum
778 3147 911 3208 nomina
929 3145 1105 3216 miscentes,
1132 3167 1234 3207 unum
1257 3145 1355 3212 iece-

299 3272 341 3322 re,
371 3253 512 3332 Capram
536 3251 729 3311 maritimam
753 3247 928 3310 scribendo.
979 3239 1221 3318 Caulo'errorin
1245 3254 1354 3330 qnod

297 3371 396 3434 prope
418 3367 484 3413 erat
504 3352 599 3413 altera
625 3351 733 3430 Cupra
756 3351 950 3432 cognomino
975 3363 1146 3418 montana.
1180 3350 1219 3409 od
1242 3351 1351 3416 culus

296 3453 507 3514 differentiam
546 3464 743 3535 putaverunt
772 3451 852 3510 hanc
881 3451 999 3512 dictam
1032 3449 1092 3510 elle
1125 3452 1351 3517 maritimam.

297 3553 349 3616 Est
364 3555 459 3614 etiam
475 3553 647 3628 Maritima
661 3551 817 3634 oppidum
833 3548 913 3612 infra
936 3545 995 3637 [2.
1018 3565 1050 3628 5.
1076 3545 1130 3638 3.]
1151 3553 1184 3610 in
1209 3550 1353 3616 Narbo·

295 3653 394 3716 nenli.
435 3673 632 3715 mnrrnnvo.
698 3653 886 3736 Legendum
909 3666 1007 3734 puto:
1040 3649 1145 3714 Abeo
1168 3653 1349 3726 i'reretnni,

294 3773 433 3836 quorum
462 3753 549 3836 supra
575 3757 765 3816 meminerat
797 3755 1014 3834 Pomponium
1057 3753 1186 3814 ethaeo
1211 3757 1351 3836 oppida

295 3857 459 3918 Frentanis
490 3857 674 3916 tribuuntur
699 3875 716 3915 a
746 3853 853 3917 Plinio
883 3855 939 3916 lib.
967 3867 1001 3934 5.
1028 3875 1055 3916 c.
1084 3869 1139 3918 ια.
1175 3851 1219 3942 [l.
1251 3855 1348 3944 17.]

294 3959 332 4018 ln
355 3958 514 4020 itinerario
537 3957 696 4020 Antonini
719 3951 772 4043 [p.
801 3976 879 4018 too.
900 3949 1046 4040 waiet]
1069 3955 1137 4037 poll
1161 3953 1350 4020 Pisaurum

290 4061 465 4144 senogallia
488 4057 540 4120 est.
581 4075 790 4119 crocconrvo.
841 4053 889 4118 Ab
913 4077 949 4118 eo
983 4058 1142 4118 Sanmites
1168 4057 1351 4121 maritima

290 4159 416 4244 tenent)
459 4159 617 4222 lllemlum
632 4161 727 4222 latere
748 4157 888 4220 luboluit
904 4159 1122 4222 Fredemmlo.
1155 4159 1227 4245 Ego
1248 4159 1351 4224 hanc
