2810 4944
8 587 13 620 l

385 455 476 511 cru.
505 455 543 510 11.
589 455 622 512 c.
650 457 688 516 v.
730 453 810 526 to·
895 497 900 506 -
1060 471 1122 536 599

89 625 284 690 scribendum
308 627 368 690 elle
397 621 569 719 degreffns‚
603 631 675 712 quia
698 649 817 714 nempe
846 629 885 691 stc
907 629 1021 694 iubent
1042 651 1124 694 non·

86 732 162 788 nulli
189 731 407 792 Grammatici.
468 734 530 794 Sed
566 751 604 793 ex
637 731 870 814 antiquioribus
900 733 1124 798 Graiumaticit

88 831 212 902 constat,
240 847 412 914 utrumque
428 847 551 896 rectum
568 833 638 903 elle,
665 855 738 894 curn
754 835 903 916 particula
920 835 967 894 dir
986 837 1018 894 in
1037 855 1124 896 com·

87 933 242 1012 politione
266 935 353 995 idem
370 935 456 1016 laepe
473 938 585 1004 valeat,
610 936 695 1017 qnod
719 933 767 1004 de,
794 937 879 994 unde
901 937 933 995 in
952 935 1123 998 Philoxeni

8 1055 9 1058 ¹
87 1030 189 1116 glolsu
212 1038 385 1116 exponitur
410 1057 476 1096 non
498 1051 622 1097 tantum
645 1031 715 1106 dni.
750 1035 800 1098 sed
823 1051 856 1098 et
880 1031 967 1100 nurci
989 1051 1021 1098 et
1045 1031 1122 1102 diri.

87 1135 173 1196 ldem
187 1154 362 1218 utrumque
377 1137 504 1217 degredi
517 1153 548 1199 et
564 1138 687 1218 digredi
708 1138 813 1206 ltabet,
838 1157 905 1198 non
924 1151 1044 1198 tantum
1063 1159 1121 1220 pro

87 1236 252 1308 discedere,
282 1237 332 1299 sed
349 1251 381 1300 et
397 1238 596 1302 descendere.
634 1241 686 1302 Sic
701 1231 860 1327 dirnr'ffirrn
881 1259 939 1320 pro
959 1233 1121 1328 demissum

86 1339 117 1396 in
136 1337 363 1421 antiquissimis
384 1341 498 1402 Bembi
515 1341 708 1402 membranis
730 1339 839 1422 pullim
862 1339 1010 1423 scriptum
1033 1339 1122 1402 soille

87 1441 210 1500 testatur
239 1441 381 1512 Pierius,
420 1463 553 1524 eamque
588 1443 757 1504 lectionem
791 1443 933 1524 pluribus
967 1443 1122 1525 exemplis

85 1543 250 1602 confirmat
272 1543 399 1604 Nonius
426 1545 610 1614 Marcellus,
637 1537 685 1630 [c.
707 1553 742 1622 4.
767 1541 788 1605 s.
814 1564 845 1604 r.
875 1539 1053 1632 dimittere]
1086 1557 1124 1605 ut

85 1645 236 1705 audiendi
253 1665 320 1706 non
343 1647 418 1714 lint,
445 1647 498 1726 qui
517 1647 661 1727 pleraque
680 1645 794 1707 isthaec
810 1647 1023 1706 immutarunt
1043 1647 1121 1716 loca.

84 1759 113 1804 et
144 1745 295 1806 Nonium
330 1745 437 1808 enalse
478 1747 667 1808 existimant.
717 1767 846 1808 vosoro
884 1750 915 1808 in
949 1747 1123 1826 appendice

85 1846 125 1905 ad
146 1849 180 1907 Ιι.
209 1849 231 1908 l.
287 1847 338 1908 Ne
355 1849 407 1908 hic
428 1851 557 1928 quidem
574 1849 602 1910 se
619 1851 763 1909 continet
781 1845 915 1910 Volsure.
939 1883 986 1894 -
1023 1849 1122 1931 Quod

84 1951 239 2030 quidquid
272 1950 322 2016 lit.
358 1950 531 2012 Rhenanus
559 1951 751 2031 locupletior
775 1947 882 2010 Vollio
913 1949 995 2010 tellit
1018 1949 1123 2010 scribit

86 2052 118 2108 ad
142 2055 295 2112 Taciturn
322 2051 378 2114 lib.
407 2070 436 2114 ι.
462 2051 530 2113 hist.
553 2071 620 2134 cap.
646 2053 704 2114 61.
739 2051 868 2110 Petrinis
894 2052 976 2130 iugis
996 2049 1124 2128 degredi

86 2143 191 2238 inffus.
222 2155 354 2232 (Codex
373 2153 441 2214 lllS.
464 2173 521 2234 pro
537 2151 659 2232 digredi
681 2153 867 2232 plerumque
886 2151 982 2213 habet
997 2151 1124 2232 degredi

85 2259 163 2330 etc.)
201 2256 247 2314 td
266 2255 403 2316 eundem
418 2255 566 2314 Tacitum
590 2254 644 2314 lib.
663 2275 695 2333 4.
720 2255 831 2316 Annal.
853 2273 919 2334 cap.
937 2265 995 2332 49.
1020 2253 1123 2334 degre-

86 2353 254 2414 diebantnr
273 2375 311 2416 ex
325 2357 421 2416 unico
439 2355 507 2418 MS.
522 2354 657 2416 rellituir
674 2355 831 2424 Picltena,
858 2357 924 2414 illic
942 2355 1070 2416 laudane
1088 2359 1122 2416 in

87 2455 177 2516 hmili
202 2455 290 2516 causa
312 2458 493 2540 Sigonium.
544 2457 580 2516 lrl
600 2457 772 2518 ninstidi
796 2457 902 2518 locum
925 2475 992 2516 uon
1017 2457 1122 2526 habet,

86 2576 137 2617 rur
161 2560 263 2642 igitur
286 2560 384 2618 inodo
404 2571 479 2617 anre
502 2557 583 2618 dixit
605 2579 644 2618 ex
667 2557 830 2620 Gebeunie
852 2549 1023 2645 derniffns?
1056 2559 1122 2620 Cur

86 2659 138 2721 lib.
163 2673 198 2738 5.
221 2679 289 2740 cap.
307 2673 340 2720 o.
367 2680 406 2719 ex
422 2661 581 2740 Pyrenaeo
599 2671 704 2718 oronte
723 2649 894 2750 delapsus?
930 2659 996 2720 Cur
1012 2657 1067 2720 lib.
1092 2679 1121 2720 r.

88 2779 150 2842 cap.
177 2772 233 2838 ¹8·
259 2757 301 2820 ab
324 2758 424 2818 Idaeo
447 2775 551 2820 munte
568 2751 739 2848 derniffur?
789 2761 854 2823 Cur
879 2761 972 2822 toties
991 2754 1124 2846 defluere

86 2863 136 2922 rel
161 2861 290 2922 devolvi
300 2863 316 2922 9
367 2863 429 2922 Sed
458 2857 568 2922 Vollio
595 2865 691 2922 etiam
726 2861 879 2922 dedoctus
908 2873 940 2922 et
970 2859 1124 2920 diductus

86 2983 142 3043 pro
166 2964 282 3025 iisdem
303 2961 462 3022 habentur
482 2963 518 3022 ad
540 2963 595 3024 lib.
618 2977 649 3042 3.
675 2983 701 3024 c.
720 2963 753 3026 6.
779 2957 829 3048 [§.
854 2955 908 3047 7.]
937 2963 1021 3042 quod
1043 2963 1124 3022 nulli

88 3065 212 3125 Latino.
255 3083 279 3124 1.
306 3083 503 3124 nuonovrva
527 3065 559 3123 in
587 3077 665 3125 nota
690 3063 863 3156 posteriori.
920 3065 1000 3125 Satis
1025 3063 1122 3124 hodie

88 3167 291 3226 constitutum
311 3165 353 3226 ell
373 3167 536 3246 utriunque
559 3167 740 3236 discrimen,
773 3179 805 3226 et
827 3166 958 3228 variatio
978 3178 1042 3226 tam
1064 3163 1123 3226 sre-

87 3287 203 3347 qoena,
238 3281 276 3327 ut
299 3269 421 3328 taedeat
440 3267 540 3348 aliqua
565 3265 697 3330 adserre.

161 3491 243 3554 qna
262 3461 357 3560 sni)
409 3471 507 3532 Vatic.
533 3489 561 3532 ι.
594 3467 676 3551 Lips.
706 3469 790 3532 Gutl.
819 3471 958 3554 lielrdig.
983 3471 1122 3532 Vindoh.

90 3573 202 3655 allique
219 3573 336 3633 conlati
355 3587 475 3654 practer
494 3570 675 3632 Parisrensee
692 3593 755 3652 qna
771 3573 805 3632 ui
817 3565 949 3662 suntin·
975 3574 1073 3634 Vatic.
1090 3585 1122 3650 5.

90 3673 181 3736 Paris.
216 3695 243 3736 r.
267 3673 375 3735 Cilrin.
408 3675 496 3756 Prag.
518 3695 583 3756 qua
612 3675 644 3732 in
665 3665 788 3762 sontis.
841 3675 924 3735 Erld.
954 3695 983 3736 ι.
1008 3689 1040 3736 a.
1065 3671 1123 3757 (l)

93 3789 123 3851 3.
149 3789 184 3856 4.
213 3787 246 3852 5.
272 3773 305 3838 6.
330 3789 363 3846 7·
388 3789 422 3852 8·
446 3795 479 3854 9·
503 3795 556 3838 ιο.
583 3793 635 3836 ιι.
661 3791 714 3837 ra.
741 3790 794 3850 ις.
820 3785 872 3856 14.
898 3787 950 3850 15.
982 3791 1035 3846 ¹7·
1068 3793 1122 3852 ις).

95 3893 147 3940 20.
172 3891 231 3950 α’).
255 3897 321 3958 qna
341 3879 375 3936 vi
399 3867 525 3962 suntid·
562 3891 732 3958 praeeunte
755 3877 900 3938 Vodiauo
925 3877 1038 3958 reliqui
1060 3897 1125 3958 qun

85 3967 136 4064 sni
150 3971 275 4067 fontis.
327 3978 407 4038 lllira
433 3979 561 4058 quidem
585 3979 690 4060 primo
715 3979 834 4038 intuitu
857 3981 1003 4039 videatur
1030 3991 1125 4039 notae

94 4083 175 4143 vocis
199 4081 380 4161 corruptio,
418 4093 485 4140 orta
517 4079 579 4140 sine
606 4081 705 4140 dubio
739 4101 777 4141 ex
810 4077 977 4142 omilsrone
1004 4081 1124 4164 primae

93 4179 193 4246 literae
217 4185 250 4243 in
270 4184 392 4246 Codice
409 4183 525 4264 aliquo.
567 4181 634 4244 Nec
657 4181 737 4244 bene
760 4196 994 4266 componantur
1014 4183 1125 4246 elircrsr
