2880 4940
389 441 481 500 tta.
509 445 560 498 m.
611 441 644 500 α
666 445 745 505 vm.
787 443 890 514 tro.
1097 459 1161 522 503

121 613 208 681 tabe.
246 617 358 680 Sidon.
376 616 515 700 Apollirt.
532 615 587 680 lib.
607 627 640 695 8.
659 617 755 699 Epist.
778 635 834 682 tt.
861 629 947 680 terra
966 614 1042 678 taio
1057 619 1161 680 made·

113 711 223 811 sacta
254 721 415 780 contiuuo.
475 719 574 802 Quod
610 721 716 803 pergit
748 715 889 789 Voii‘tua,
917 753 966 768 -
992 717 1053 804 (de
1078 719 1161 784 sanie

122 817 280 904 aiba—-)
307 841 346 882 an
372 819 472 882 saniee
496 821 606 901 utique
634 821 677 882 ett
701 820 787 892 alba,
824 835 857 882 et
895 821 1004 882 tabum
1032 822 1162 886 atrum‘i

124 923 196 986 Cur
214 924 312 1006 igitur
327 923 431 982 iunxit
449 921 597 1006 Virgilius
614 933 648 999 8.
670 923 802 984 Aeneid.
824 915 876 1008 [v.
899 917 1002 1010 197.]
1032 923 1100 984 Ora
1114 925 1162 987 vi·

124 1045 194 1086 nrm
210 1021 297 1115 trssi
316 1021 497 1104 pendebant
520 1023 645 1102 pallida
662 1021 765 1086 tabo?
804 1023 873 1088 Cur
895 1025 999 1086 iunxit
1015 1025 1162 1092 Lucanttr

123 1125 182 1188 lib.
200 1127 235 1188 6.
258 1119 312 1210 [v.
331 1118 438 1208 549]
462 1121 625 1216 stillantis
647 1123 716 1185 tabi
729 1116 864 1214 sortierit,
890 1126 951 1186 hoc
977 1124 1029 1196 est,
1055 1143 1163 1189 atrum

124 1247 166 1289 ex
182 1225 335 1288 sententia
352 1221 449 1288 Vossti
472 1239 504 1286 et
520 1225 651 1287 aibum‘i
688 1228 738 1287 Au
755 1227 831 1288 irinc
853 1230 942 1289 venit
960 1227 1058 1292 sanies
1072 1226 1163 1293 albai

124 1331 177 1391 De
200 1329 360 1412 phoenice
387 1327 465 1408 qnid
492 1329 535 1388 ait
560 1327 734 1389 Clemens?
763 1325 871 1416 [epist.
895 1330 933 1392 ad
957 1333 1106 1392 Corinth.
1133 1352 1162 1402 ι,
1206 1389 1212 1402 ,

129 1441 188 1507 25.
209 1449 241 1511 p.
257 1431 316 1508 63.
339 1429 390 1492 ed.
408 1424 602 1514 Coittmesii]
628 1449 745 1510 nempe
768 1427 944 1518 σηπομένης
960 1433 1017 1514 τῆς
1034 1425 1162 1520 σαρκὸς,

124 1545 197 1592 tum
228 1527 264 1592 ἐκ
296 1531 354 1616 τῆς
381 1525 515 1618 ἰκμάδος
540 1529 609 1594 ’τοῦ
635 1525 909 1614 τετελευτηκότος
939 1527 1035 1618 (riou.
1096 1535 1163 1597 Cur

124 1635 272 1694 iunxerat
289 1631 430 1692 Lucilius
454 1627 550 1719 [apud
572 1631 698 1692 Nunc.
716 1643 751 1708 4.
769 1631 787 1694 s.
806 1655 837 1696 r.
853 1625 1018 1722 spargere]
1045 1635 1163 1697 Latere

121 1733 274 1815 penderes
292 1725 383 1822 saxa
401 1723 563 1822 spargertr
592 1729 685 1800 tabo.
716 1725 810 1822 sanie
835 1749 863 1794 et
888 1727 1047 1826 sauguine
1076 1750 1160 1802 atre.

121 1837 227 1898 Porro
253 1837 402 1916 nuspiam
435 1833 475 1894 stc
503 1833 587 1894 Mela
615 1827 654 1895 τὸ
679 1833 792 1894 deinde
821 1837 854 1895 in
880 1837 933 1897 ista
962 1835 1036 1900 serie
1057 1841 1162 1920 Ponit,

123 1935 249 2018 semper
271 1957 287 2000 a
306 1937 474 2017 principio.
513 1936 638 1996 Deinde
655 1937 741 1996 unde
761 1937 953 2000 concrescit?
988 1939 1163 2020 Supposuit

123 2042 215 2100 enim
232 2038 378 2098 ultimam
395 2039 634 2117 corruptionem
650 2049 683 2098 et
699 2036 975 2118 putrefactionem,
1002 2039 1164 2122 supposuit

112 2159 253 2224 =quoque
274 2138 524 2200 dissolutionem.
578 2139 684 2199 lmmo
706 2137 875 2200 concrescit
892 2163 930 2200 ex
945 2161 999 2210 eo,
1023 2143 1055 2202 in
1077 2145 1163 2224 quod

122 2241 269 2304 membra
292 2238 463 2322 putresacta
484 2238 640 2300 abierunt.
680 2241 718 2300 ld
739 2260 835 2311 voca.
862 2258 958 2324 prout
975 2243 1073 2306 iubet.
1113 2248 1163 2307 De

46 2329 53 2336 ’
123 2345 238 2406 eadent
263 2361 298 2402 re
317 2353 416 2426 agunt
431 2342 468 2402 ad
487 2341 591 2400 Taciti
613 2340 668 2404 lib.
688 2359 718 2402 a.
742 2343 853 2404 Annei.
871 2363 936 2426 cap.
953 2343 1012 2423 69.
1039 2364 1064 2408 t.
1082 2365 1164 2409 utto·

125 2465 253 2508 uovrva
290 2445 323 2503 in
356 2455 435 2504 nota
467 2439 643 2534 ptfieriori.
718 2443 771 2502 Et*
796 2447 830 2504 in
863 2443 924 2506 huc
956 2447 1058 2506 'i'aciti
1091 2447 1162 2510 ioco

123 2545 249 2628 Lipsttre
271 2543 460 2606 emendabat
482 2540 558 2604 tubo
578 2563 635 2624 pro
657 2540 744 2610 tabe.
770 2557 879 2605 contra
901 2545 942 2608 N.
960 2547 1106 2609 Heinsius
1128 2551 1163 2610 in

121 2648 206 2712 Silio
227 2647 336 2709 Italico
357 2659 410 2724 13,
430 2655 515 2724 487.
532 2645 570 2704 ad
590 2657 620 2721 3,
637 2655 721 2726 542.
748 2645 898 2728 idemque
920 2644 1028 2728 pasi'tm
1045 2649 1079 2708 in
1102 2651 1163 2710 Lu·

123 2768 217 2812 cano.
261 2747 398 2810 Perinde
426 2761 532 2806 tamen
559 2745 679 2814 valere,
714 2758 816 2806 utram
844 2749 907 2808 hoc
934 2747 1021 2810 sensu
1047 2769 1163 2813 vocem

122 2849 281 2934 posueris,
306 2849 498 2928 alteramque
515 2843 592 2906 tubo
612 2847 739 2932 magica
754 2849 856 2928 poetis
875 2847 1082 2930 frequentari.
1107 2853 1163 2913 do·

125 2967 265 3014 cuerunt
285 2950 346 3010 viri
368 2950 454 3010 docti
474 2948 587 3017 musti,
615 2949 703 3010 iniis
724 2947 966 3013 Drakenborch.
985 2954 1022 3012 ad
1040 2953 1111 3015 Liv.
1128 2963 1163 3036 4,

127 3069 187 3134 50.
206 3073 240 3133 9.
265 3051 337 3136 (nbi
351 3050 423 3112 libri
440 3052 536 3112 etiam
552 3047 685 3130 variant)
708 3063 740 3110 et
757 3065 815 3124 go,
830 3063 887 3131 34,
907 3071 961 3114 ιο.
988 3053 1164 3119 Burmann.

125 3157 165 3218 ad
186 3154 335 3218 Suetonii
357 3153 463 3212 Viteii.
488 3170 554 3231 cap.
577 3171 630 3212 ιο.
664 3151 786 3212 Ernesti
801 3155 840 3212 ad
858 3155 1005 3214 Tacitum
1027 3159 1110 3218 dnn.
1130 3172 1163 3227 a,

126 3259 189 3336 69.
212 3272 244 3318 et
260 3273 340 3337 quoe
355 3265 544 3315 memorant.
581 3251 671 3312 Nihil
688 3253 784 3336 igitur
799 3253 860 3326 hic,
882 3257 993 3318 invitis
1006 3271 1163 3338 praeterea

124 3359 215 3422 librie
240 3355 409 3425 omuibus.
443 3353 487 3416 eii
512 3353 713 3414 mutandum.
780 3355 879 3438 Quod
910 3359 944 3418 in
972 3361 1163 3438 repetitione

126 3461 228 3523 huius
245 3459 308 3520 ioci
325 3456 475 3518 Batthiue
496 3453 647 3516 adversar.
665 3465 725 3533 44,
746 3470 805 3534 29.
829 3459 922 3539 ponit
940 3450 1162 3548 paciscentium

127 3581 296 3644 operarum
313 3559 395 3619 vitio
410 3555 528 3620 sactum
549 3555 608 3617 eise
625 3557 769 3628 videtur,
795 3577 868 3620 cum
885 3557 949 3641 ipse
966 3561 1006 3622 de
1023 3560 1080 3621 hac
1094 3581 1164 3621 tnu-

127 3667 250 3726 tatione
268 3659 349 3722 nihil
363 3660 544 3730 monuerit;
570 3657 624 3718 etsi
644 3651 771 3748 putisco
788 3656 809 3720 s.
827 3651 957 3750 patesco
972 3675 1004 3724 et
1018 3655 1163 3752 putresco

126 3767 226 3828 etiam
259 3763 336 3824 alibi
369 3762 474 3823 veluti
505 3761 538 3820 in
571 3759 681 3820 Horat.
707 3761 809 3838 Satyr.
834 3777 866 3832 α,
894 3775 928 3838 3,
961 3773 1040 3841 ¹94·
1076 3783 1164 3824 com.

124 3864 327 3930 misceantur.
379 3861 623 3924 Disiinctionem
650 3855 747 3920 Voisti
771 3863 969 3944 gravioribus
993 3863 1090 3924 causte
1116 3885 1163 3927 re·

125 3971 204 4032 iecit
226 3973 251 4030 l.
271 3965 466 4030 Gronoviue.
505 3963 555 4024 Ex
571 3961 693 4022 MSStis
713 3960 791 4022 haec
808 3961 984 4024 subtexam:
1013 3961 1106 4026 Paris.
1131 3985 1160 4030 r.

123 4070 238 4132 deiude
257 4071 291 4129 iu
314 4051 579 4158 putrescentium
604 4061 695 4158 ξτες.
710 4053 843 4154 suorum
860 4063 949 4136 taber
978 4063 1160 4130 vindobon.

121 4171 189 4259 ipsa
214 4170 372 4254 concepit·
