2826 4936
360 451 449 508 mu.
477 453 529 506 m.
574 451 678 512 cvl.
721 451 800 526 Μ.
1042 441 1100 520 165

60 623 191 706 legunt:
225 623 425 703 propriarum
441 645 539 686 rerum
555 621 666 716 fidem.
693 637 727 685 ut
752 621 830 686 dello
850 617 1096 711 affectavitotc.

62 727 110 784 ita
124 726 253 786 Solinus
267 745 333 806 cap.
349 727 407 802 65.
432 719 519 812 [cap.
534 739 554 802 5
561 739 592 802 5.
605 725 623 787 s.
638 720 718 812 52.]
746 747 794 786 res
810 725 943 785 Indicus
951 713 1097 812 scripsit,

61 837 102 884 ut
109 823 222 915 fidem,
243 847 339 908 quarn
354 819 648 916 oculissuhiecerut‚
669 827 835 888 memoriae
849 825 952 886 duret,
986 825 1098 884 Liuius

60 923 122 988 fol.
150 937 231 1004 258.
255 923 337 1014 [33.
360 942 419 1006 32,
443 923 498 1016 7.]
525 917 659 1018 suuntur
688 930 809 988 orarium
831 925 913 1020 fidei
936 927 1099 986 minimum

60 1027 232 1088 credentes.
255 1061 305 1075 —
337 1031 376 1092 tt
392 1027 474 1091 forte
496 1043 658 1092 vacanter
674 1029 779 1100 verba,
803 1049 901 1110 usque
918 1029 956 1088 ad
976 1037 1099 1106 portat,

61 1143 100 1190 ut
122 1129 185 1212 legi
204 1129 332 1200 debeat,
358 1133 540 1210 ignotarum
555 1152 674 1212 quoque
690 1133 829 1212 gentium
849 1133 966 1191 victor.
1012 1127 1100 1189 Geta·

63 1251 133 1290 rum
151 1243 188 1290 ut
209 1229 316 1290 adhuc
336 1229 511 1294 habuimus.
557 1233 661 1294 Poffet
684 1235 779 1293 etiam
803 1233 882 1316 legi:
913 1229 978 1328 Qui
1000 1231 1099 1290 irrrat-

63 1343 192 1409 ruptum
221 1353 321 1392 rerum
345 1329 447 1423 fidem
473 1347 510 1396 ut
542 1331 618 1394 bello
646 1329 831 1424 affectavit,
865 1335 912 1394 itu
939 1331 1099 1410 triumpho

62 1431 286 1492 declaraturus
314 1447 437 1512 portat.
490 1435 667 1518 Quomodo
707 1437 825 1498 Seneca
855 1435 892 1494 ad
928 1432 1099 1494 Marciam:

63 1529 155 1620 [cap.
174 1528 225 1619 t.]
249 1533 293 1594 ad
309 1553 388 1616 quos
404 1537 491 1597 veuit
506 1539 689 1616 incorrupta
705 1559 805 1598 rerum
817 1533 912 1627 fides.
948 1535 1011 1596 Pro
1028 1551 1100 1616 pro·

62 1638 205 1716 priorum
225 1639 336 1716 reponi
361 1639 456 1697 etiam
478 1633 572 1720 possit
592 1639 744 1714 priorum.
780 1656 988 1698 ciaccourva.
1035 1633 1101 1732 Qui

59 1739 286 1820 propriarum)
325 1739 377 1800 Sic
393 1758 505 1800 onmea
520 1741 616 1800 etiam
631 1735 835 1822 antiquiffimi
851 1741 976 1800 codices
990 1737 1100 1798 locum

58 1837 150 1898 huno
172 1837 336 1900 exhibent.
390 1841 427 1900 ln
450 1859 516 1901 uno
540 1853 682 1910 tantum,
709 1859 810 1922 eoque
834 1859 899 1902 nou
923 1839 1100 1900 admodum

59 1937 206 2008 vetusto,
234 1939 295 2001 hoc
324 1953 415 2022 pacto
438 1939 586 2022 scriptum
610 1943 737 2002 invenit
771 1943 977 2024 Propriarum
999 1960 1099 2001 rerum

1 2037 2 2042 ’
53 2037 176 2132 finem,
208 2053 245 2101 ut
267 2039 343 2102 bello
365 2041 546 2106 delectavit.
596 2045 763 2128 vulgatam
787 2043 959 2106 lectionem
985 2041 1099 2124 probo.

60 2139 182 2204 Seniue
202 2141 261 2202 eii:
290 2143 460 2204 Claudiurn
478 2141 639 2206 Caesarem
656 2143 806 2206 affectatio
827 2143 911 2205 bello
934 2141 1014 2204 istud
1035 2139 1101 2204 efn-

60 2263 151 2312 ατε,
179 2263 220 2303 ne
238 2247 310 2323 quia
330 2247 363 2304 in
386 2243 546 2326 posterum
563 2246 602 2306 de
624 2247 783 2306 Britannia
801 2259 832 2306 et
853 2265 958 2306 rerum
976 2243 1101 2306 [uatum

61 2345 126 2407 fide
154 2343 325 2408 dubitaret.
384 2347 561 2427 Antequam
588 2349 675 2408 euim
707 2347 861 2410 Claudius
887 2365 956 2408 eam
986 2343 1102 2426 patefa-

62 2459 167 2516 ceret,
201 2449 319 2506 incerta
341 2461 430 2506 eraut
453 2449 577 2516 omnia.
610 2451 751 2530 quaeda
775 2449 937 2510 Britannia
961 2445 1101 2508 sereban-

62 2559 134 2615 tur,
167 2565 228 2607 nec
249 2547 421 2617 constabat.
447 2563 555 2610 utrum
578 2549 652 2610 effet
675 2549 787 2618 insuia.
813 2571 851 2610 an
872 2549 997 2610 alteriue
1016 2547 1102 2608 urbia

62 2649 215 2717 initium,
241 2669 279 2708 an
295 2669 414 2710 nomeu
432 2671 571 2722 vanuum
596 2653 668 2734 quia
686 2673 752 2712 uon
770 2651 837 2712 satis
852 2649 1035 2714 credebatur
1052 2649 1101 2718 iia,

62 2769 147 2830 quae
176 2751 216 2810 de
242 2749 300 2810 hac
327 2749 444 2832 scripsit
469 2750 588 2812 Caesar.
649 2755 685 2814 ln
721 2757 823 2815 reteri
849 2753 1035 2834 epigramm.
1062 2749 1102 2810 ad

63 2853 258 2922 Claudium,
286 2853 324 2912 de
344 2865 432 2932 capta
454 2853 632 2913 Britannia:
664 2851 785 2914 Fabula
805 2845 875 2944 nisa
893 2851 963 2920 diu,
989 2849 1103 2912 media·

62 2975 123 3036 que
143 2951 308 3012 recondita
329 2967 432 3031 ponto
444 2951 559 3014 Libero
576 2957 691 3016 victuri
708 2975 805 3035 qrraur
819 2957 883 3014 citu
901 2953 983 3012 colia
1003 2951 1103 3014 dedit.

62 3055 168 3117 Addit
184 3053 300 3114 deinde
318 3053 417 3123 Mein,
444 3057 533 3114 illum
556 3058 651 3116 etiarn
675 3055 840 3138 triumpho
863 3054 1102 3124 decimandum,

61 3157 266 3218 Britanniam
282 3173 348 3214 non
364 3173 484 3216 nomen
499 3155 558 3218 effe
575 3171 711 3236 tantum.
737 3177 879 3218 vossius.
931 3157 968 3215 iu
990 3169 1106 3238 neutro

63 3259 139 3318 MS.
167 3255 263 3316 exsut
285 3275 464 3336 pronomen
485 3259 669 3324 reiativum.
699 3279 756 3318 uec
781 3257 934 3319 deutero.
978 3277 1000 3318 t.
1024 3275 1105 3319 ottu-

65 3376 211 3420 novrva.
265 3355 329 3448 {iai
347 3357 428 3418 abest
448 3377 463 3418 a
487 3361 631 3440 piurimis
651 3361 755 3428 libris,
789 3359 836 3420 sed
859 3379 922 3420 non
942 3379 959 3418 a
978 3359 1108 3418 duobua

63 3461 219 3540 optimis,
243 3477 320 3537 quoa
342 3462 509 3540 praecipue
527 3457 620 3521 scorti
639 3459 753 3522 snmus.
808 3461 904 3542 Quod
923 3475 1029 3520 autern
1046 3461 1108 3519 hoo

64 3579 338 3644 pronomen-non
360 3557 391 3620 fe
406 3560 580 3622 desiderare
599 3565 680 3624 dicat
698 3564 831 3626 iureuiu
859 3561 933 3630 esto,
961 3559 1011 3620 [ed
1031 3559 1107 3620 deii·

67 3665 159 3722 derat
182 3659 245 3740 ipi'a
270 3661 361 3720 ratio.
422 3661 517 3722 Valde
540 3665 626 3724 enirn
653 3664 755 3722 hiulca
778 3676 810 3724 et
833 3663 1022 3722 inconcinna
1048 3661 1108 3721 etit

67 3763 273 3844 compotum,
302 3761 320 3818 st
345 3763 521 3824 omittatur.
567 3785 696 3826 vuastva
717 3767 750 3823 iu
770 3763 942 3844 uppreuclt'ca
965 3761 1008 3821 ad
1031 3761 1062 3823 Ιι.
1083 3761 1105 3822 l.

67 3865 234 3926 Desiderat
263 3857 408 3925 Vuffiaua
432 3864 512 3924 ratio
546 3865 607 3946 ipsa
638 3864 761 3926 infulsa.
805 3884 827 3924 r.
854 3881 1051 3924 ououovrva
1074 3861 1108 3922 r'n

69 3979 151 4028 noto
182 3961 355 4054 prfiert'urr'.
428 3967 568 4028 Duritieo
601 3969 702 4046 aliqua
739 3967 771 4026 in
812 3965 934 4048 vuigari
968 3965 1129 4042 lectione„

69 4065 166 4128 ineffe
187 4067 323 4134 videtur.
350 4085 445 4146 quam
462 4069 571 4126 intulit
589 4061 628 4130 τὸ
650 4081 686 4128 ut
707 4068 804 4126 nimis
825 4066 921 4149 longe
938 4085 955 4125 a
970 4061 1040 4126 sede
1058 4063 1109 4126 [ua

69 4169 212 4253 legitima
234 4169 425 4250 proiectum.
479 4167 565 4230 Cum
586 4182 692 4230 tamen
712 4163 823 4230 omiii'o
842 4167 898 4228 iilo
917 4167 1110 4249 pronomina
