2848 4942
380 441 505 501 ΜΒ.
548 449 608 502 11.
675 451 722 508 c.
762 453 801 506 u.
842 451 867 522 ς.
891 465 920 510 2.
1190 471 1233 536 73

131 610 272 694 9641εηί
300 611 445 698 spiritu
485 621 539 684 in
587 623 766 688 Graecia
788 623 943 708 pnelerre
967 625 1090 700 scribit,
1127 631 1231 694 immo

130 726 231 775 unurer
249 717 344 780 causa
378 725 588 788 nominis
621 747 650 788 a
685 727 756 790 Gr.
778 749 857 792 voce
880 723 981 818 αἷμα.
1018 751 1118 813 quam
1139 735 1233 796 iactat

126 817 248 899 lpoludor.
272 841 304 890 r.
335 823 381 896 6,
414 838 460 904 3.
540 829 688 890 Valet
723 829 792 892 huc
813 829 978 892 Theocriti
999 833 1089 913 idyll.
1113 849 1146 908 7,
1170 837 1230 910 76.

123 919 338 988 lerurCrllario
360 928 406 986 in
430 927 670 1016 Orthogr.
696 933 773 994 Lat.
793 953 826 1014 p.
840 953 884 996 m.
906 943 990 1012 244.
1015 947 1047 995 et
1063 935 1097 996 in
1113 935 1231 1020 Geogr.

120 1035 324 1108 ut2‚15.5.
359 1033 609 1106 excitatus,
648 1033 726 1096 ubi
748 1035 866 1120 legitur
885 1030 1015 1126 μακρδν
1037 1025 1098 1120 ὑφ’
1118 1031 1233 1128 Αἶμον,

116 1144 158 1186 rou
174 1117 213 1191 ὑπ’
231 1119 360 1222 Αἷμον.

159 1337 288 1422 coetu)
347 1339 468 1404 Vuff.
500 1343 729 1425 optimus,
762 1341 811 1402 uti
835 1355 949 1405 mouet
968 1339 1007 1410 A.
1023 1342 1170 1412 Gronov.
1195 1345 1234 1410 td

107 1449 130 1506 t,
149 1455 173 1510 1.
192 1457 223 1520 9.
247 1456 283 1504 et
308 1441 457 1506 Cibin.
489 1447 654 1516 coitu,-
694 1441 739 1506 cf.
761 1443 801 1506 rel
820 1465 847 1508 c.
867 1445 890 1508 l.

163 1667 206 1708 err
229 1669 284 1731 qu
296 1647 373 1730 is)
440 1649 482 1710 1.
507 1648 705 1710 Gronov.
723 1666 762 1708 ex
783 1645 837 1710 [uo
854 1661 886 1710 et
900 1647 1075 1711 Mediolrn.
1099 1647 1138 1714 A.
1156 1649 1236 1712 Gro-

100 1765 169 1810 nov.
183 1770 221 1811 ex
235 1752 432 1834 plerisque
455 1763 618 1812 notant
637 1773 656 1810 e
673 1751 749 1832 quis
756 1771 768 1822 ,·
793 1751 876 1812 addo
890 1771 930 1813 err
944 1751 1025 1812 meir
1043 1749 1127 1834 Lipl.
1148 1751 1235 1818 Gut.

101 1849 187 1936 Prug.
207 1853 380 1916 vindob.
407 1867 452 1915 et
480 1853 586 1914 edd.
624 1871 660 1914 ι.
689 1865 721 1929 3.
744 1861 780 1932 4.
804 1865 838 1928 5.
863 1853 897 1916 6.
920 1867 953 1926 7.
977 1865 1010 1930 8.
1034 1869 1068 1931 9.
1093 1871 1150 1916 ιο.
1176 1871 1233 1918 ιι.

107 1969 162 2014 12.
185 1969 245 2033 13.
269 1965 338 2035 14.
364 1973 437 2036 ²9·
465 1969 512 2015 et
534 1954 731 2016 interiecto
747 1953 876 2035 quidem
893 1953 991 2036 spatio
1009 1955 1126 2016 iterum
1148 1975 1235 2036 prae·

109 2071 210 2116 eunte
228 2058 440 2120 Reinolrlio
471 2067 554 2136 43.
590 2063 661 2137 44.
691 2056 789 2116 etiam
812 2053 1099 2139 Norimbergensrr.
1152 2057 1258 2138 Krp··

115 2158 272 2238 pius’uir
288 2181 333 2220 erc
357 2162 468 2242 quin
502 2157 637 2220 Cibin.
655 2169 686 2217 et
705 2159 791 2240 quis,
817 2157 904 2239 quod
925 2171 1060 2240 utroque
1079 2155 1159 2218 trahi
1179 2175 1236 2239 po·

120 2258 203 2319 rest.
248 2261 439 2338 [4415.
475 2260 891 2342 1,7.2o.23.equeis‚·
929 2259 985 2322 16.
1011 2271 1066 2336 ιε.
1090 2273 1148 2320 αι.
1175 2273 1234 2322 uu.

125 2370 194 2442 24.
223 2375 288 2439 25.
310 2365 374 2427 26.
398 2363 606 2429 Vaelium,
635 2359 802 2441 pleraeque
826 2359 1036 2431 Olivarienue,
1066 2361 1162 2421 etiam
1186 2361 1238 2421 Vi·

123 2479 245 2524 nctus
264 2477 298 2524 et
312 2465 494 2526 schottus
519 2483 538 2522 e
559 2457 696 2542 quibua
723 2475 782 2541 33.
803 2475 861 2542 39.
878 2473 938 2540 4ο.
953 2471 1013 2540 41.
1030 2471 1091 2540 42.
1112 2481 1152 2522 ex
1170 2463 1238 2544 qui·

134 2561 222 2626 bus.
271 2583 503 2626 merrvcxu.
560 2561 649 2624 Cum
671 2562 733 2624 hoc
751 2567 851 2624 morlo
876 2557 912 2650 [e
931 2557 1023 2650 quis]
1048 2563 1238 2624 totiesalibi

143 2666 256 2726 malit
279 2667 375 2747 loqui
398 2667 634 2744 Pomponius,
660 2683 717 2724 uur
733 2665 765 2724 id
787 2683 873 2726 nunc
892 2663 1090 2750 negligitur?
1121 2665 1239 2744 Vtique

153 2785 232 2848 cap.
257 2781 292 2844 3.
311 2768 423 2828 huius
443 2766 530 2827 libri
550 2766 638 2847 queit
656 2777 695 2826 ut
708 2763 804 2862 fibris
824 2757 934 2856 incisa.
971 2767 1071 2850 Supra
1093 2763 1238 2848 praeced.

158 2887 236 2950 oep.
266 2869 341 2951 quis
362 2865 504 2958 frnguli
526 2879 561 2926 et
585 2863 714 2948 saepius.
758 2887 781 2929 r.
810 2885 1018 2930 erouovrve.
1079 2865 1165 2928 Cum
1190 2879 1240 2928 tot

158 2967 248 3029 libri
265 2984 402 3032 veteres
422 2969 545 3029 malint
560 2989 576 3027 e
590 2971 669 3052 quir,
694 2969 900 3031 retinendum
917 2967 1034 3030 censui.
1074 2969 1124 3029 De
1138 2963 1240 3032 forma

159 3073 250 3152 quis
275 3072 349 3133 vid.
374 3071 419 3132 ad
442 3088 476 3141 2,
501 3089 532 3142 r,
552 3085 583 3132 η.
610 3083 643 3131 et
657 3069 757 3135 Corte
771 3073 811 3134 ad
826 3069 948 3135 Salluli.
963 3071 1032 3156 lug.
1050 3079 1109 3148 8⁰·
1129 3079 1164 3148 5.

254 3271 482 3356 Haemos)
532 3274 580 3336 lta
607 3275 748 3356 potiores
772 3273 878 3339 codd.
906 3285 1030 3336 tanturn
1056 3273 1168 3356 aliqui.
1202 3285 1242 3334 ut

167 3375 369 3460 liehdiger.
390 3397 433 3437 err
452 3395 546 3438 more
563 3377 687 3450 hemon
712 3379 826 3438 Venet.
842 3377 985 3438 lrermr'os.
1021 3374 1103 3436 Edd.
1122 3375 1242 3436 malut-

165 3493 261 3538 rnnt
280 3479 437 3539 Haemus
454 3477 494 3538 ad
514 3478 721 3540 lleinoldium
736 3498 848 3560 utque,
875 3481 930 3560 qui
947 3475 1095 3560 sequente
1109 3477 1148 3538 A.
1163 3475 1243 3538 Gro-

165 3599 264 3642 nov.
295 3581 337 3640 ad
364 3579 447 3640 edit.
475 3587 537 3658 44.
562 3579 693 3662 aliirque
723 3578 864 3663 reposuit
896 3577 1048 3642 Haemos.
1106 3575 1244 3639 Praellrt

168 3683 289 3742 etiam
311 3683 392 3742 ideo
414 3681 494 3741 haec
513 3677 631 3751 forma,
669 3683 716 3742 uti
738 3683 803 3744 iam
827 3681 956 3744 monuit
980 3683 1019 3744 Λ.
1045 3677 1242 3752 Gronoviur.

168 3785 276 3862 quod
298 3803 339 3844 ea
363 3781 476 3864 paullo
497 3793 588 3844 antea
606 3779 680 3846 usur
700 3781 754 3850 eil.

263 4009 317 4048 ex
349 3976 511 4078 [ummo
543 3983 727 4068 vertice)
776 3985 878 4048 Vrtic.
908 3997 942 4064 3.
970 3973 1098 4075 summo
1128 3983 1246 4045 vertice

174 4089 251 4152 fine
270 4111 337 4161 ex‚·
370 4088 647 4172 Preg.euertice‚·
673 4087 1022 4150 Guiomifirverrice.
1059 4085 1142 4146 Ante
1160 4083 1245 4146 (iud.

174 4191 287 4277 Prag.
304 4206 346 4252 ut
361 4190 440 4252 alibi
456 4185 632 4285 Rufinum
663 4189 736 4254 cib.
753 4189 913 4264 hadriam
944 4189 1043 4253 Vatic.
1060 4184 1245 4258 Hadrume
