2848 4942
303 447 346 510 na
608 437 851 498 rouronu
886 437 1047 496 nonan

303 612 446 674 Tantum
477 599 547 694 post
573 609 745 696 llehdiger.
777 612 953 674 involvitur
983 611 1150 674 evolvitur.
1211 609 1353 674 Primus

303 714 357 774 illa
377 712 474 774 verba
495 714 619 795 excepit
634 709 781 786 Volllue,
808 733 904 796 quem
926 713 1023 776 secuti
1046 711 1117 774 lunt
1139 713 1268 794 reliqui,
1297 715 1352 772 ita

303 827 341 876 ut
379 827 501 897 praeter
538 815 748 876 lieinoldium
786 817 920 877 minutia
958 817 1056 878 literis
1098 814 1348 898 distinguerent.

303 933 507 978 rzscuvcua.
566 918 657 979 Duoe
686 915 845 998 promisit,
881 919 1018 978 alterum
1043 928 1168 976 tantum
1199 915 1350 976 fluvium

303 1017 454 1079 reddidit.
507 1017 647 1101 Apparet
662 1019 759 1102 igitur
774 1020 883 1081 locum
899 1019 959 1079 elle
977 1031 1168 1086 truncatum,
1194 1030 1226 1076 et
1242 1017 1350 1078 verba

304 1117 413 1182 omilla
433 1118 551 1180 librarii
571 1121 783 1204 indiligentia.
835 1119 1031 1182 Reiarcietur
1053 1133 1159 1180 tamen
1180 1138 1218 1179 ex
1237 1119 1348 1179 Hero·

304 1221 382 1282 doto
399 1225 431 1282 iu
447 1221 503 1286 lib.
519 1232 553 1299 4.
574 1215 622 1307 [c.
640 1213 722 1306 55.]
748 1237 781 1284 et
797 1221 905 1283 Plinio
919 1223 1047 1283 itemin
1064 1221 1151 1297 libro
1161 1229 1196 1298 4.
1218 1215 1264 1306 [c.
1279 1219 1347 1280 26.

302 1321 325 1384 i.
350 1317 426 1408 rm]
450 1326 542 1384 cuiue
567 1323 663 1385 verba
683 1321 817 1384 subieci:
855 1323 945 1383 Nam
972 1321 1106 1384 Gerrhos
1123 1319 1288 1412 Rufiliclns
1310 1331 1349 1380 ec

303 1423 477 1485 Nomadas
490 1415 637 1514 separat.
687 1425 870 1506 Hypaeyrir
890 1444 947 1505 per
962 1421 1133 1484 Nomados
1153 1437 1184 1483 et
1198 1421 1347 1502 Hylaeus

293 1521 387 1614 fluit.
421 1525 602 1606 Hypacyrr's
615 1525 702 1587 enirn
718 1527 750 1586 in
767 1523 876 1588 Plinio
892 1525 1074 1610 legendum,
1096 1543 1162 1584 nou
1178 1523 1344 1602 Hypanis,

303 1625 389 1708 quod
406 1627 596 1688 Hermolaur
612 1645 678 1688 non
699 1627 792 1688 vidit.
830 1623 922 1714 [Nec
938 1626 1121 1686 Harduinue
1135 1623 1255 1692 voluit,
1282 1623 1346 1702 qui

304 1729 344 1790 de
373 1727 434 1788 alio
467 1727 594 1807 Hypani
630 1721 886 1814 interpretamu]
944 1726 1108 1788 Constabit
1137 1725 1200 1785 hoc
1230 1737 1344 1804 aperte

303 1825 479 1890 conferenti
504 1827 708 1889 Herodotum
728 1849 800 1888 cum
824 1829 932 1890 Plinio
955 1841 988 1888 et
1007 1827 1199 1908 Pomponio.
1251 1825 1345 1885 illud

302 1931 384 1990 arido
406 1927 523 1989 Gerrou
547 1949 620 1989 cum
638 1929 756 2012 duplici
779 1950 810 1990 rr
830 1929 920 1991 scribi
942 1929 1123 2012 Stephano,
1156 1927 1343 1994 Herodoto,

301 2029 409 2092 Plinio
437 2023 501 2116 [cc.
524 2023 577 2115 ll.]
615 2029 735 2101 Melam
779 2049 852 2091 curn
886 2050 954 2092 uno
988 2043 1114 2091 tantum
1146 2029 1342 2089 Ptolemaeo

303 2127 358 2220 [3,
379 2145 412 2207 5.
435 2151 555 2212 nempe
573 2131 613 2190 lic
634 2131 729 2200 olim,
756 2133 839 2191 etin
861 2125 1002 2218 Latinis]
1027 2145 1060 2192 et
1079 2129 1206 2192 Valerio
1227 2129 1343 2189 Flacco

302 2226 433 2318 [innuit
455 2233 487 2301 6,
506 2225 586 2317 67.]
618 2231 805 2314 Hypncyriu
825 2247 933 2294 autem
954 2231 1143 2314 Hypncarr'u
1165 2231 1342 2311 aliquando

301 2331 486 2394 Herodotus
509 2333 671 2402 nominat,
704 2333 726 2393 fi
751 2334 906 2394 mendum
931 2353 997 2394 uon
1028 2331 1071 2392 est
1096 2334 1128 2391 in
1150 2332 1338 2412 exemplari.

303 2429 402 2522 [Vid.
427 2426 551 2518 antea]
587 2451 786 2494 rtnrranvs.
839 2434 1024 2495 Herodotus
1044 2433 1100 2495 lib.
1119 2441 1154 2512 4.
1183 2429 1229 2518 [c.
1248 2425 1338 2516 55.]

301 2533 483 2628 Sextusesr
509 2534 708 2616 Hypucyrt's,
744 2535 799 2616 qui
815 2557 854 2594 ex
870 2533 985 2616 palude
1002 2555 1139 2619 marmur
1159 2532 1341 2614 mediosque

302 2636 438 2720 Scythas
457 2637 619 2717 pecuarios
638 2629 792 2722 perfluens
812 2637 844 2697 lu
867 2657 952 2696 utare
967 2635 1122 2696 evolvitur
1142 2635 1235 2694 iuxta
1254 2635 1341 2694 (lar-

191 2780 195 2797 .
299 2739 423 2800 ciuitr'n.
474 2736 663 2820 Lugendum
694 2739 816 2818 itaque:
856 2735 1042 2818 Hypaeyrt‘s
1066 2755 1122 2814 per
1153 2724 1238 2824 ipsos
1262 2734 1340 2796 No·

299 2839 425 2904 madar.
464 2837 546 2899 Nam
562 2836 630 2919 poll
643 2839 739 2900 etiam
756 2840 838 2899 inter
855 2837 1016 2898 Nomadas
1033 2834 1236 2919 Georgonque
1253 2837 1340 2896 dicit

298 2944 396 3006 fluere
414 2939 616 3022 Panticapen.
667 2939 757 3002 Addo
773 2939 914 3000 Plinium
936 2937 991 2999 lib.
1009 2947 1044 3016 4.
1061 2957 1088 2998 c.
1108 2952 1163 2998 ro.
1184 2931 1228 3020 [l.
1248 2931 1336 3024 est]

297 3060 501 3105 ciacconii-a.
552 3041 636 3101 Aliae
656 3041 833 3122 Hypaciris
851 3037 921 3132 post
945 3028 1032 3130 ipsos
1055 3037 1224 3098 Nomadas
1249 3039 1339 3099 euol-

297 3145 396 3206 uitur.
440 3141 563 3202 Plinius
585 3139 641 3200 lib.
660 3149 694 3222 4.
718 3160 745 3202 c.
769 3155 823 3204 ια.
861 3158 961 3202 mun.
1021 3136 1138 3200 Merito
1162 3138 1213 3199 hic
1234 3139 1337 3200 lecto-

297 3263 366 3307 rem
386 3241 548 3304 offendere
572 3237 676 3322 poffit,
703 3241 800 3320 quod,
828 3259 902 3300 cum
926 3241 1010 3300 dicat
1032 3240 1110 3302 haec
1130 3239 1262 3300 flumin'a
1283 3241 1337 3300 di-

295 3345 392 3408 veriie
413 3339 554 3402 fontibua
579 3352 613 3400 et
635 3341 763 3401 aliunde
786 3340 905 3411 delabi,
938 3341 1040 3402 statim
1067 3340 1195 3401 subdat:
1238 3341 1336 3400 Nom

299 3445 413 3508 Gerros
429 3444 511 3502 iuter
524 3436 685 3530 Bafllidm
701 3453 731 3501 et
747 3441 918 3502 Nomadas
933 3426 1099 3504 evolvitur.
1138 3443 1224 3526 Quid
1241 3443 1336 3504 euim

297 3565 380 3628 opus
403 3543 445 3606 est
467 3545 586 3612 dicere,
620 3541 678 3601 ubi
700 3541 815 3605 Gerroe
838 3543 1022 3613 evolvatur,
1057 3563 1130 3603 curn
1154 3548 1215 3604 ianr
1236 3556 1334 3603 antea

295 3646 468 3714 monuerit,
496 3644 631 3705 Gerrum
654 3643 778 3714 eodem,
805 3657 899 3724 atque
918 3645 1100 3724 Hypacaris,
1123 3644 1201 3704 ostio
1220 3643 1334 3705 exire?

296 3750 416 3812 Fontes
436 3745 550 3806 horum
573 3745 755 3816 fluminum,
780 3765 848 3806 uon
872 3743 955 3814 ostia,
982 3744 1143 3806 ostendere
1165 3745 1330 3806 debuerat.

296 3851 426 3912 llectiue
457 3848 561 3928 itaque
593 3847 645 3906 hic
675 3847 799 3930 legetur
831 3845 1025 3916 deuoluitur,
1067 3863 1134 3905 nou
1160 3846 1328 3907 evolvitur.

296 3949 465 4012 Montibus
483 3949 569 4009 enim
587 3943 794 4026 fontibusque
810 3946 1030 4006 devolvuntur
1046 3945 1147 4014 fluvii,
1173 3947 1331 4004 evolvun-

296 4063 349 4111 tur
365 4069 452 4120 rero,
475 4069 547 4110 curn
564 4049 596 4107 in
613 4067 697 4106 ruare
713 4059 842 4108 exeunt.
894 4045 955 4107 Sed
972 4045 1034 4106 hoc
1051 4045 1130 4116 lere,
1155 4047 1233 4106 illud
1249 4065 1327 4108 veru

295 4153 423 4222 maiorie
444 4151 619 4220 momenti,
650 4148 753 4230 quod,
780 4166 855 4208 cum
873 4146 1010 4208 duorum
1031 4147 1201 4208 liuruinum
1222 4145 1329 4210 fontes
