2880 4940
390 427 483 488 m.
513 429 568 486 111.
612 429 646 486 o.
676 429 729 485 IX.
771 427 851 499 ιι.
1080 439 1144 507 ³¹9

97 605 295 668 mutandum
319 601 442 668 censeo.
494 604 578 689 Qoit
597 604 781 668 eommunia
801 601 877 666 effet
895 605 1044 665 omnium
1066 601 1144 666 ineo

99 705 226 776 menia,
251 706 324 770 ideo
337 707 420 770 Soiie
434 691 661 790 eppeilabaturss
699 707 754 769 Sol
771 707 858 768 enim
877 706 1030 768 omnibns
1047 705 1142 768 lucet.

101 828 248 872 voenrs.
301 808 443 870 Pintieni
462 807 726 870 emendationem
746 808 857 870 reiecit
873 809 969 869 etiam
992 807 1143 872 Barthiue

98 911 136 970 in
151 907 304 974 adversor.
325 923 381 988 15,
402 911 458 974 16.
502 909 571 971 Nec
587 909 681 980 vaiet,
704 911 789 991 quod
805 909 971 972 Salmaiiue
985 909 1022 970 ed
1040 909 1141 973 Solio.

100 1031 170 1094 cap.
190 1025 247 1092 33.
263 1009 285 1074 i.
298 1025 356 1090 30.
372 1031 405 1094 p.
421 1031 467 1074 m.
487 1025 570 1090 275.
594 1010 679 1072 iliam
697 1011 772 1072 inde
791 1011 870 1072 tueri
885 1023 1028 1080 conetur,
1053 1011 1143 1094 quod

100 1113 232 1176 Solinus
255 1111 381 1174 scribet:
418 1111 525 1173 locres
546 1113 636 1191 aprtd
656 1133 707 1174 eos
729 1111 826 1174 IJeiiu
843 1125 974 1193 tropezo
997 1113 1143 1192 opiparis

102 1215 201 1294 cpolin
213 1206 339 1306 semper
354 1205 501 1304 refertus,
524 1211 637 1297 quibus
653 1213 821 1276 indiscrete
839 1234 945 1274 ornnes
960 1207 1140 1304 vescuntur.

101 1317 233 1379 Diverso
256 1317 344 1378 enirn
368 1315 456 1398 [eope
472 1315 515 1378 eii
535 1317 671 1377 alimum
689 1329 854 1377 auctorum
871 1317 952 1376 ratio
972 1329 1005 1380 et
1027 1313 1140 1388 forme.

101 1437 163 1480 nec
179 1415 280 1480 senine
298 1419 514 1495 mutationem
532 1419 645 1502 exigit.
683 1417 766 1478 Mela
782 1437 899 1498 nempe
916 1417 1061 1500 explicet.
1086 1437 1143 1479 cor

100 1517 305 1582 scitamenta
322 1519 372 1580 ilie
389 1519 472 1580 dicte
488 1517 596 1580 fuerit.
633 1515 688 1582 Sol
706 1520 805 1590 enim,
822 1532 857 1579 nt
873 1519 915 1580 est
931 1521 1014 1600 apud
1032 1519 1142 1582 Petro·

101 1623 196 1682 nium
217 1641 282 1703 cap.
305 1641 384 1684 roo.
409 1620 561 1682 omnibus
584 1621 685 1690 locet,
715 1633 748 1681 et
771 1621 956 1682 commonia
979 1617 1050 1682 funt
1072 1625 1142 1683 eioe

101 1721 240 1792 lumine,
266 1735 304 1782 ut
320 1723 363 1784 eit
378 1721 518 1784 Ovidius
539 1721 754 1803 Metamorph.
777 1743 805 1792 r,
827 1733 908 1800 135.
960 1723 1048 1784 Tom
1071 1735 1142 1786 orte

102 1824 175 1885 luce
189 1825 346 1894 accedere,
366 1835 409 1894 et,
424 1842 504 1904 qnae
520 1837 617 1885 noctu
628 1825 765 1905 adposita
780 1835 869 1884 erant
885 1825 1053 1886 comedere
1068 1825 1141 1886 lice·

103 1925 175 1994 bet.
201 1925 287 2007 qnod
303 1923 399 1988 refert
418 1925 615 1988 Herodotue.
655 1925 805 2008 Denique
820 1921 1023 2010 quibuslibet
1041 1925 1141 1988 inhio

98 2045 168 2090 noo
189 2025 318 2090 obscure
339 2025 451 2088 [obest.

178 2223 302 2316 ἣλίου
326 2221 562 2318 τράπεζαν)
601 2231 724 2293 Letinie
739 2229 860 2300 literis.
882 2228 931 2291 sed
946 2229 1031 2312 quod
1049 2227 1141 2294 focile

98 2331 279 2414 praevideri
294 2329 405 2415 potest,
431 2327 500 2396 sotio
513 2331 590 2395 haec
603 2345 750 2414 corrupte
763 2331 901 2393 efferunt
915 2345 1039 2393 veteres
1054 2331 1141 2396 iibri.
1213 2353 1217 2361 ·

101 2431 187 2516 Lips.
210 2433 309 2494 latnie
330 2433 498 2513 Repeccn3
537 2434 624 2498 Gnd.
648 2433 722 2494 eluit
748 2453 906 2511 raperem
943 2433 1032 2517 Prag.
1059 2433 1140 2495 heliu

99 2527 274 2627 trapesorn
315 2535 428 2602 Venet.
451 2533 746 2616 Ileirrierapetzn1013
785 2531 877 2594 Paris.
900 2547 932 2612 3.
958 2547 993 2594 ot
1011 2533 1085 2597 edd.
1109 2555 1137 2598 ι.

104 2653 138 2704 2.
156 2655 190 2716 9.
212 2636 294 2696 iulio
315 2647 494 2715 imperuim·
516 2635 652 2698 Vindob.
670 2636 751 2695 helin
766 2649 965 2726 inciperem,-
987 2637 1041 2695 eiii
1057 2633 1139 2696 heliu

102 2751 269 2819 trapezcn.
322 2737 400 2798 Vere
422 2737 517 2800 lectio
540 2739 603 2798 fine
626 2755 713 2797 irrora
735 2735 827 2798 adest.
869 2737 1021 2798 Ceterum
1051 2737 1138 2817 qnod

100 2853 192 2902 notet
209 2841 246 2901 A.
265 2837 460 2908 Gronovius,
486 2839 619 2922 margini
641 2850 786 2919 paternae
803 2837 956 2898 editionis
976 2835 1141 2922 adscripse-

101 2955 150 3003 τοι
165 2940 364 3002 Perizoniur.
400 2941 507 3019 „Vide
524 2939 649 3000 Gruteri
669 2939 861 3018 Lampadem
877 2939 917 3000 T.
936 2959 964 3002 1.
981 2957 1013 3020 p.
1028 2931 1140 3018 243⁶

101 3041 161 3103 ubi
177 3041 349 3104 Beroaldue
371 3041 500 3126 Sylloge
515 3053 657 3104 annotat.
674 3041 707 3100 in
725 3039 864 3100 Gellium
882 3040 921 3101 de
936 3037 1041 3102 mense
1056 3041 1141 3104 Solio

99 3163 198 3228 egene
218 3145 371 3226 integram
398 3141 479 3203 hauc
500 3143 671 3224 periodum
694 3139 842 3210 exhibet,
878 3137 927 3200 sed
958 3141 1050 3204 valde
1075 3161 1141 3204 cor·

100 3259 240 3330 ruptam.
301 3243 347 3304 ito
371 3243 458 3304 enim
483 3245 553 3306 iiie:
587 3245 662 3320 „De
687 3241 744 3302 hec
766 3239 873 3303 menia
897 3243 982 3305 Solie
1006 3243 1049 3304 itn
1073 3241 1142 3304 scri·

100 3361 194 3431 ptum
215 3345 346 3427 reliquit
364 3343 565 3427 Pomponius
588 3344 701 3406 Melie:
733 3341 795 3435 Est
809 3342 895 3404 locus
913 3343 947 3405 in
964 3345 1141 3424 Aethiopia

100 3460 253 3532 paratus.
272 3439 400 3538 semper
418 3447 517 3524 epuiis
539 3438 695 3535 reserens.
721 3457 752 3505 et
774 3445 868 3526 qnia,
895 3455 932 3504 nt
952 3441 1025 3505 tiber
1046 3436 1139 3535 vesei.

100 3547 277 3611 volonibus
297 3545 384 3618 iicet.
411 3547 669 3627 Heliotroprzom
692 3545 872 3623 appellant.
900 3559 930 3605 et
952 3539 1062 3634 pnffirn
1083 3567 1141 3623 op·

101 3645 210 3740 postia
230 3641 330 3739 sunt,
363 3649 439 3732 quia
464 3640 639 3739 affirmant
664 3638 788 3738 innasci
807 3635 946 3735 subinde
972 3645 1139 3710 divinitus.

101 3753 199 3817 Forte
230 3769 270 3812 ex
300 3742 405 3834 aiiqoo
436 3751 546 3812 codice
577 3747 715 3832 repetiit.
766 3747 854 3808 Tum
881 3746 989 3812 Cibin.
1023 3749 1140 3812 nenne

99 3848 263 3946 adposita.

177 4043 370 4146 innasci)
419 4054 581 4118 vediano·
605 4073 679 4116 oum
712 4051 760 4114 iun
786 4063 882 4134 gente
905 4039 1006 4141 irasci.
1055 4047 1140 4111 iliud

99 4159 233 4242 propior
245 4161 286 4246 pd
302 4177 384 4221 rem.
420 4157 541 4222 Vocem
556 4146 694 4252 [obinde
712 4151 892 4216 redundare
909 4163 999 4234 potet
1014 4147 1140 4214 Citooe·
