2880 4940
347 369 850 509 hmmomem
1055 451 1119 516 Μ

65 612 251 695 Hesychius
264 624 298 677 et
315 613 445 686 Suidrt.
472 633 591 698 nempe
612 613 653 676 de
670 613 758 686 loco,
784 611 842 674 uhi
866 610 991 676 tthuloe
1011 614 1117 698 publi·

66 737 124 778 cae
146 729 361 799 reponuntur.
413 717 567 798 sicquae
587 717 663 778 urbe
679 714 740 778 tot.
764 727 818 792 15.
840 717 895 779 ιδ.
921 717 1057 805 Kiry'atir
1070 753 1115 768 -

57 809 182 911 sepher
203 819 237 878 in
254 819 419 882 Hebroioio
440 833 584 886 vocatur.
609 819 643 878 in
661 816 788 880 Graecis
808 811 902 890 πόλις
924 817 991 880 τῶν
1012 841 1116 908 ypop-

65 915 205 1010 μα’των,
232 919 412 983 Chaldaeus
435 920 591 1004 interpret
610 920 708 981 vertit
738 919 839 1015 ⁸22ss
871 919 992 1018 unp.
1045 925 1113 1008 Qui

66 1023 110 1084 ad
130 1021 287 1104 temptum
304 1042 344 1084 ex
358 1022 492 1084 Polluce
514 1041 543 1093 t.
564 1040 596 1086 t.
615 1019 635 1086 i.
653 1034 712 1099 25.
733 1020 887 1091 referunt.
914 1023 1017 1084 veluti
1039 1025 1114 1088 Pot-

68 1137 159 1185 teror
185 1124 219 1184 iu
246 1123 491 1208 Archaeologia,
524 1119 596 1206 (ed.
620 1121 795 1184 hornbach.
824 1124 864 1186 Τ.
892 1147 919 1186 t.
948 1145 980 1206 p.
1002 1127 1115 1215 462.)

68 1225 204 1286 dubiem
225 1225 397 1287 lectionem
419 1223 600 1308 sequuntur.
630 1243 705 1286 curn
722 1224 767 1284 ibi
785 1221 847 1290 τοῦ
866 1223 953 1311 iepot'i
974 1230 1116 1310 epitheto

68 1323 295 1388 recenseantur
310 1329 439 1410 potine,
466 1328 499 1387 in
513 1325 629 1408 quihus
645 1325 688 1386 est
712 1322 857 1412 ἀρχεῖον,
878 1346 938 1406 pro
960 1324 1113 1415 ἀρχαῖον,

66 1431 120 1488 uti
137 1429 235 1490 etiarn
252 1429 359 1490 innuit
375 1428 539 1498 Kuhoiun
565 1427 620 1490 etii
644 1425 753 1488 contro
771 1425 900 1514 ἀρχαῖα
918 1449 977 1512 pro
994 1427 1116 1517 ἀρχεῖα

68 1531 158 1612 apud
175 1529 424 1612 Xenophontem
441 1531 504 1592 dici
519 1531 664 1592 adfirmat
680 1529 795 1594 Suidoe
808 1529 842 1592 h.
856 1550 889 1592 v.
931 1531 973 1592 At
990 1535 1055 1596 vid.
1075 1537 1115 1597 de

68 1633 126 1692 itte
142 1635 347 1714 corruptione
361 1631 399 1693 ud
415 1627 576 1693 Thomam
595 1632 680 1715 Mag.
698 1652 730 1713 p.
754 1642 835 1710 125.
875 1631 1008 1697 Accedit
1025 1648 1114 1710 rerot

68 1734 208 1815 opinor.
239 1753 279 1796 ex
303 1731 370 1815 ipio
394 1733 464 1795 loco
488 1735 616 1817 gravior
641 1732 811 1794 dubitandi
834 1733 933 1796 causa.
986 1733 1115 1822 Nempe

69 1835 249 1898 verborum
275 1835 416 1896 detracto
443 1849 558 1896 ornotn
585 1833 740 1898 sentdntie
764 1834 841 1897 haec
864 1837 925 1900 eiit
965 1838 1118 1908 Phoenix

70 1935 136 1998 oss'a
159 1935 280 2018 pristini
301 1936 442 2018 corporie
461 1939 494 1996 in
516 1937 600 2000 Solio
620 1933 734 1998 urbem
757 1937 886 1999 odorato
908 1937 1003 2010 strue,
1030 1943 1114 2024 quast

70 2037 188 2109 batth.
212 2035 319 2110 interr,
369 2037 404 2100 st
417 2050 601 2118 quaeretur,
622 2038 711 2099 unde
727 2035 867 2124 fragrent
881 2039 976 2110 buliu,
1003 2047 1115 2108 aredio

70 2141 185 2221 inepte
205 2135 388 2222 respondet.
421 2140 477 2201 Sin
493 2139 602 2200 locum
618 2137 844 2210 deiiderernue,
868 2141 1014 2206 dubitare
1030 2145 1114 2220 licet,

68 2261 112 2302 an
130 2241 169 2302 fic
184 2239 325 2302 absolute
341 2255 374 2302 et
389 2239 453 2300 stne
467 2239 710 2324 praepositione.
736 2256 771 2302 ut
787 2244 927 2324 quietem
944 2257 976 2306 et
993 2266 1115 2312 rnorem
1188 2277 1190 2287 ·

68 2344 205 2412 indicet.
229 2342 338 2404 niune
358 2354 505 2423 ponatur,
529 2343 582 2404 vel
601 2343 751 2404 idoneam
773 2341 877 2406 [edem
901 2345 953 2406 hic
969 2365 1115 2432 occupet.

69 2465 168 2526 quern
186 2441 290 2525 postea
304 2443 418 2504 melior
435 2440 538 2506 sortite
554 2441 668 2507 fuiffet.
721 2445 850 2506 Veteree
870 2443 945 2515 fere,
972 2451 1028 2528 qni
1052 2449 1115 2513 huc

68 2544 183 2608 referri
200 2543 337 2626 poliunt,
361 2545 422 2605 ita:
452 2545 609 2608 Herodot.
628 2559 660 2614 α,
678 2557 737 2626 75.
767 2543 909 2630 κομίζειν
929 2543 978 2610 ἐπ’
993 2542 1115 2632 Aipor-

71 2670 136 2712 rou
162 2642 192 2722 ἐς
211 2645 272 2710 τοῦ
294 2642 412 2709 Ἡλίου
433 2641 472 2708 ro'
493 2640 571 2734 iptio.
623 2645 707 2708 Plio.
731 2667 785 2714 to.
810 2663 842 2708 o.
869 2659 972 2708 totum
994 2643 1117 2739 deferre

70 2747 184 2814 nidum
209 2749 242 2808 in
268 2747 349 2812 Solis
374 2743 477 2808 urbem
503 2760 532 2808 et
559 2747 592 2808 in
616 2767 675 2808 oro
701 2743 744 2808 ibt
769 2747 930 2828 deponere.
983 2753 1115 2818 'l'ucitue

70 2851 191 2916 Anttrl.
209 2851 243 2920 6,
264 2861 322 2927 28.
346 2848 379 2908 t'n
396 2847 477 2910 Solis
488 2869 579 2908 aram
597 2839 736 2936 perferre
750 2861 846 2931 atque
861 2848 993 2914 adolere.
1022 2853 1117 2916 Clau.

71 2955 191 3014 dianue
212 2971 244 3012 v.
262 2969 320 3036 91.
337 2969 363 3012 c.
379 2949 401 3012 l.
428 2949 588 3010 inuehitur
614 2950 776 3028 templum.
828 2950 947 3014 Lnoon.
971 2953 1003 3020 6.
1028 2956 1114 3034 630.

68 3067 133 3116 aut
153 3053 231 3114 cinit
245 3051 320 3114 Eoo
334 3045 433 3141 postti
450 3051 617 3132 phoenicis
634 3052 666 3111 in
688 3071 758 3114 aro.
797 3051 939 3116 Lactont.
957 3055 997 3114 de
1017 3057 1116 3136 phoe.

70 3156 148 3218 nice
172 3174 204 3216 v.
232 3169 312 3218 122.
351 3153 444 3235 ireque
475 3173 535 3212 nro
565 3147 701 3241 restdens
731 3153 824 3228 ponit
849 3155 882 3214 t'n
908 3153 984 3214 aede
1002 3147 1115 3246 sacra.

71 3259 169 3340 Quae
191 3257 323 3336 quidem
344 3254 452 3316 omnia
473 3253 511 3314 ad
533 3253 692 3335 templum
718 3251 867 3334 spernor.
920 3255 1069 3319 Attonten
1093 3261 1116 3324 fi

68 3356 178 3422 roardo
191 3353 355 3438 praeferor,
373 3353 456 3414 nihii
471 3355 503 3414 id
520 3357 600 3416 novi
615 3351 726 3426 adfert,
749 3375 824 3414 cnm
843 3357 905 3416 iant
922 3359 1118 3437 praecederit

69 3459 219 3539 myrrha,
254 3471 287 3519 et
313 3457 389 3518 hinc
412 3456 545 3538 languor
570 3455 694 3520 exsistit.
760 3454 851 3517 Busta
882 3459 970 3518 enirn
998 3461 1118 3525 incluse

71 3561 205 3640 myrrha
229 3558 290 3620 offe
313 3557 384 3620 sunt
404 3555 522 3618 incluse
544 3557 691 3636 myrrho,
723 3557 775 3618 vei
793 3577 831 3620 ex
854 3557 1020 3622 Herodoto
1042 3581 1069 3624 c.
1092 3565 1117 3628 l.

70 3681 177 3732 ovunt
200 3660 328 3741 myrrha
347 3657 484 3728 foetum,
517 3661 549 3718 in
570 3677 634 3740 qno
650 3671 801 3719 excavato
826 3672 989 3740 parentent
1012 3665 1117 3743 ponit,

72 3779 110 3828 et
125 3754 265 3828 θάπτειν
287 3761 398 3824 Noster
417 3760 566 3828 reddidit,
592 3758 794 3820 mernorondo
813 3751 926 3848 funere
941 3756 1115 3851 consecrat.

71 3865 177 3930 ovid.
201 3864 334 3924 Metam.
357 3875 409 3939 ¹5·
427 3874 513 3940 405.
532 3853 667 3951 fertque
686 3861 760 3939 pins
781 3881 938 3942 cunasque
952 3852 1035 3952 siros
1057 3887 1115 3944 pa.

70 3969 232 4048 triumque
253 3956 435 4055 sepulerum
469 3963 566 4034 dicht
602 3958 631 4025 ir
661 3957 780 4046 θήκαις
818 3961 1028 4025 καταθέσθαι
1056 3962 1114 4033 τὸν

71 4065 203 4156 πατέρα
233 4067 356 4130 Aetion.
384 4064 427 4128 H.
451 4063 513 4128 du.
539 4063 573 4136 6,
599 4073 658 4142 58.
709 4063 771 4124 Sed
800 4083 841 4124 ne
866 4067 1004 4146 argutari
1030 4061 1115 4132 forte
1228 4085 1231 4092 ⁴

700 4163 778 4226 Vn
