2880 4940
389 379 481 438 cto.
508 380 561 437 m.
606 379 640 438 c
669 379 721 435 IX·
762 377 841 450 ie·
1074 397 1138 464 337

89 557 183 642 episi.
203 565 237 636 5,
258 565 339 634 150.
365 567 398 618 et
421 553 626 616 Gronovium
648 551 686 614 ad
710 553 823 618 Senec.
845 555 933 638 epist.
956 570 1014 638 30.
1066 559 1138 644 lpse

90 661 186 724 addit
202 657 324 720 causam
341 656 440 728 hanc,
465 661 553 740 quod
570 674 619 716 ree
633 674 693 716 nos
709 656 842 719 deiicere
858 655 995 730 dicatur,
1022 675 1055 724 et
1078 685 1139 727 noe

90 762 174 823 hinc
198 781 233 822 re
258 761 458 832 deliciamur,
488 779 554 822 non
582 751 777 822 deficiamus.
836 761 917 822 lude
938 761 1137 828 Columellae

89 863 204 925 locum
221 861 370 943 explicat,
394 881 468 922 cum
486 861 521 921 in
537 853 695 922 Suetonio
712 859 774 920 iam
790 857 914 922 dudum
930 879 1014 926 recte
1030 885 1138 928 emen·

92 965 205 1026 datum
227 961 334 1030 suerit.
386 948 513 1044 Nempe
534 957 653 1020 librarii
676 958 781 1042 saepe.
808 962 916 1024 omilla
938 979 1015 1028 nota
1037 965 1139 1031 litera·

93 1085 169 1128 nrm
190 1087 243 1136 ur,
274 1085 313 1127 ex
335 1059 457 1147 paffivo
479 1061 580 1125 verbo
601 1073 753 1123 neutrum
774 1061 934 1136 fecerunt,
968 1063 1139 1150 inprimis

92 1169 131 1228 in
156 1167 233 1237 hoc,
267 1167 320 1228 vel
344 1162 441 1228 etiam
464 1185 480 1226 r
502 1177 666 1224 mutarunt
690 1164 723 1223 in
745 1185 777 1233 s.
810 1168 900 1228 cuiue
925 1169 1139 1254 negligentiae

95 1269 198 1330 multa
221 1269 376 1349 exempla.
401 1265 524 1328 adscitis
541 1265 634 1327 bonia
650 1265 825 1335 codicibus,
848 1270 962 1330 adtulit
979 1271 1138 1336 Heinsius.

93 1371 151 1434 stc
171 1371 253 1452 apud
278 1365 479 1430 Lactarrtium
500 1387 527 1438 t,
546 1381 577 1446 3,
600 1379 654 1444 15.
680 1385 737 1445 pro
760 1365 922 1456 deficimus
938 1373 971 1432 in
988 1375 1059 1436 cod.
1079 1375 1141 1437 Bo·

7 1533 9 1536 .
95 1473 244 1534 nouieusr
267 1471 390 1532 vetusto
409 1483 441 1532 et
463 1471 587 1550 optimo
610 1467 704 1530 exllat
726 1466 896 1558 deficinrnr.
951 1471 1141 1540 Omilsronie

98 1573 285 1654 exemplum
312 1572 416 1633 fillum
437 1585 560 1632 tautum
583 1589 649 1630 non
666 1589 780 1632 omuee
796 1574 921 1634 codices
939 1577 970 1636 in
991 1577 1141 1640 Suetonii

95 1676 182 1758 Aug.
203 1695 229 1736 c.
245 1685 302 1752 774.
322 1693 367 1736 m.
395 1669 451 1746 nbi
468 1671 588 1734 consuli
605 1671 740 1752 poll'unt.
766 1693 844 1752 quae
863 1677 1017 1756 prolixius
1036 1677 1142 1760 dispu-

96 1789 169 1836 tant
186 1775 361 1836 Goeiiuret
377 1774 648 1854 Ouderrdorpiue.
676 1773 727 1833 iric
744 1777 838 1834 etiarn
856 1791 946 1837 antea
963 1780 999 1840 ad
1019 1779 1041 1840 F
1043 1783 1142 1843 ronti·

96 1897 180 1939 num
198 1895 225 1938 c.
247 1877 268 1940 l.
297 1889 330 1938 et
353 1877 413 1938 lul.
441 1873 528 1938 Caes.
558 1876 598 1936 de
624 1875 661 1936 li.
683 1873 721 1936 G.
743 1885 775 1952 8,
803 1889 836 1952 3.
887 1879 941 1941 Sic
967 1895 1142 1964 utrumque

97 1980 217 2040 iactant
235 1977 305 2038 libri
326 1980 359 2038 in
377 1977 499 2038 Valerio
518 1975 603 2040 Mart.
620 1988 653 2054 fi,
671 1989 703 2054 3,
723 1991 756 2038 o.
797 1977 835 2036 ln
859 1977 1056 2044 Columellae
1075 1985 1143 2065 qui·

100 2081 178 2142 dem
199 2080 268 2140 loco
286 2079 461 2140 conllanter
478 2079 596 2162 legitur
611 2079 794 2156 importuno
809 2093 902 2156 porte
916 2079 1035 2172 deficit.
1054 2087 1144 2166 quod

101 2196 137 2242 et
160 2181 294 2242 retinuit
317 2179 540 2242 Schneiderue.
592 2179 634 2240 tlt
661 2197 710 2242 rea
733 2179 795 2261 ipsa
822 2179 989 2264 sensusque
1015 2187 1145 2260 docent,

96 2285 133 2344 iu
163 2283 299 2342 ablativo
324 2281 439 2342 subesse
460 2281 622 2366 languoris
647 2279 788 2352 caulam,
823 2303 916 2362 quare
941 2289 1036 2346 etiam
1059 2303 1145 2351 recte

98 2385 318 2448 Schneiderue
339 2383 511 2464 explicavit
540 2401 597 2466 per
621 2395 763 2460 propter.
818 2385 1020 2446 Constantior
1047 2389 1145 2472 igitur

5 2565 7 2572 Α
98 2501 134 2548 et
150 2487 265 2546 certior
283 2482 354 2546 usue
371 2485 522 2566 postulat.
547 2497 584 2544 ut
599 2484 720 2566 legatur
735 2505 797 2544 rrorr
812 2475 851 2572 ſse
868 2507 967 2554 more.
984 2481 1045 2578 fid
1063 2511 1144 2550 corrr-

99 2601 250 2656 mentum,
277 2587 324 2645 uti
348 2587 444 2645 etiam
466 2598 645 2647 memorant
671 2583 759 2644 hunc
785 2587 891 2646 locutu
916 2589 1083 2677 §aldradus
1105 2593 1145 2652 ad

98 2691 254 2752 Soliuum
277 2705 343 2767 cap.
362 2689 421 2762 56.
442 2685 462 2749 s.
481 2689 539 2748 60.
564 2707 596 2767 p.
618 2705 661 2747 m.
686 2699 771 2762 877.
796 2699 828 2744 et
854 2687 981 2750 Ludols.
1004 2693 1037 2749 in
1058 2711 1147 2752 com·

5 2875 7 2878 ¹
101 2803 204 2852 ment.
226 2789 294 2850 hist.
320 2788 471 2868 Aethiop.
492 2803 523 2858 2.
548 2789 642 2850 t.in.
695 2785 1019 2869 Atcasuepersouae.
1048 2810 1145 2872 quem

102 2903 237 2960 uocant,
265 2890 401 2948 varietur
423 2891 456 2950 in
474 2888 673 2958 auctoribus.
700 2903 732 2949 et
751 2890 850 2950 ruodo
874 2891 1017 2960 rlativoe.
1045 2897 1145 2956 modo

101 2990 295 3056 accusativus
320 2991 463 3061 additur.
498 2992 537 3050 de
562 3011 627 3072 quo
652 2989 718 3052 vid.
742 2987 917 3054 Burmann.
939 2993 977 3052 nd
999 2995 1144 3076 l'ropert.

109 3115 139 3163 t.
169 3113 197 3164 r,
222 3107 255 3166 7.
292 3092 347 3153 etsr
378 3091 592 3152 accusativum
622 3089 801 3172 praeierunt
833 3091 1076 3157 Drakenborch.
1107 3099 1147 3157 ad

103 3195 178 3256 Liv.
198 3209 255 3264 22,
274 3205 334 3273 49.
354 3205 385 3272 3.
415 3193 562 3254 Hetnttun
586 3193 623 3254 ad
643 3192 742 3254 Ouid.
760 3193 870 3254 Amor.
894 3213 920 3263 t.
940 3207 973 3272 8.
989 3209 1048 3275 93.
1078 3198 1149 3258 Me·

101 3309 180 3358 tam.
193 3311 224 3363 o.
245 3309 328 3373 382.
355 3305 387 3356 et
402 3315 481 3376 quoe
495 3295 648 3377 produxit
663 3297 702 3356 ad
718 3294 817 3358 Valet.
829 3293 914 3358 Max.
933 3311 965 3374 7.
982 3313 1013 3370 α,
1030 3315 1065 3378 9.
1082 3311 1147 3362 ext.

102 3398 292 3460 Torreniue.

184 3595 430 3679 memoratu)
466 3595 574 3662 Cibin.
592 3611 794 3662 memoratur.
818 3599 1005 3672 Rettuleratr
1030 3619 1148 3683 nempe

103 3694 146 3766 rb
168 3721 185 3760 r
207 3721 246 3762 ex
269 3702 486 3784 geminatione
512 3718 622 3762 natum
652 3699 712 3770 ell3
753 3701 868 3780 reliqui
892 3721 966 3762 cum
998 3702 1149 3766 Ciaccou.

107 3813 301 3872 memoratu,
334 3801 382 3860 uti
405 3801 564 3865 editiouee
588 3815 725 3864 veteres.
777 3803 936 3864 Vadianua
959 3803 992 3862 iu
1016 3805 1066 3864 ed.
1090 3805 1147 3866 ro.

105 3903 199 3966 dedit
226 3915 431 3962 memoratum
454 3919 487 3964 et
510 3903 586 3964 binc
615 3915 668 3980 ¹8·
690 3920 747 3965 eo.
773 3917 830 3982 24.
858 3917 913 3981 25.
937 3907 1149 3984 omninoque,

105 4025 187 4086 quae
205 4023 245 4065 ert
270 4005 403 4064 Vadiani
422 4016 454 4064 et
477 4003 611 4066 Olivarii
631 4006 754 4066 ratione
777 4005 935 4084 pendent.
965 4025 1040 4066 cum
1059 4007 1151 4065 Vine-

104 4109 208 4178 tiaoa3
241 4104 394 4166 Schottue
416 4107 640 4168 commentario
668 4107 858 4168 minusculis
878 4107 1011 4190 quidem
1033 4107 1153 4180 literie;

159 4221 254 4296 comp.
279 4221 372 4276 Mota.
405 4221 514 4276 L.111.
794 4209 819 4268 Υ
