2880 4940
383 387 473 446 cru
502 390 557 444 111.
607 389 714 447 cdx„
757 387 837 458 §.s
1072 399 1135 464 535

92 561 180 626 dunt
193 561 233 626 ab
254 563 350 624 initio
369 561 436 635 Cir.
462 562 549 644 quod
566 573 599 624 et
621 563 655 622 in
677 561 833 642 lapidibus
855 556 964 643 paffim
982 565 1138 638 cerniturs

93 667 199 749 magis
229 665 392 748 posterior.
453 664 581 746 Nempe
615 663 757 746 plerique
781 665 923 734 codices.
958 667 993 724 in
1019 665 1135 746 quibus

93 765 205 830 Cibin.
230 765 312 848 Lips.
342 767 434 850 Prag.
458 765 542 828 Gud.
574 763 713 828 Vindob.
741 764 914 848 Rehdiger.
937 763 1067 839 diserte,
1102 780 1136 829 et

4 903 6 908 ·
96 887 138 930 ex
164 869 286 932 silentio
311 868 513 929 consutorum
540 867 697 936 Vaticani.
731 863 931 935 Parisienses.
965 867 1076 931 Vener.
1103 879 1135 930 et

97 971 206 1032 Earn.
227 989 303 1032 cum
329 969 524 1030 editionibus
551 965 691 1028 scribunt
717 963 997 1056 Carthaginerrfis‚
1032 973 1135 1032 donec

94 1092 114 1132 a
146 1071 320 1132 Gronoriis
347 1081 380 1131 ct
411 1070 584 1132 Reinoldio
610 1069 744 1130 inlatum
772 1067 815 1130 esi
848 1067 1132 1161 Carthaginienfis.

3 1231 4 1238 ,
98 1172 213 1255 Neque
229 1185 335 1232 tamen
353 1185 433 1241 erat.
460 1190 516 1232 cur
529 1171 616 1253 prius
635 1183 828 1238 mutaretur.
855 1189 928 1230 curn
945 1173 1056 1233 eadem
1073 1171 1135 1235 sor,-

94 1295 148 1336 ma
163 1291 195 1336 et
211 1273 286 1334 aiibi
307 1273 340 1332 iu
359 1273 464 1342 libris,
497 1272 552 1334 etsi
574 1290 641 1332 non
662 1269 783 1352 semper
798 1269 951 1333 consianti
972 1271 1134 1347 consensu,

94 1388 249 1438 occurrat.
300 1375 347 1434 lta
369 1373 514 1436 Frontis.
532 1389 565 1450 5,
587 1393 615 1442 r.
635 1387 666 1452 3.
697 1373 796 1434 Valsr.
814 1371 899 1436 Max.
922 1395 951 1443 r,
969 1387 1003 1444 7.
1016 1389 1082 1438 ext.
1099 1387 1134 1454 3.

2 1526 3 1532 ,
92 1490 128 1538 et
149 1477 213 1544 stit.
251 1475 303 1538 Sic
325 1475 406 1538 Cod.
431 1475 599 1536 Gothanus
620 1475 824 1556 perantiquus
850 1475 884 1535 in
916 1475 1073 1558 Eutropio
1098 1493 1134 1546 Ω.

96 1594 158 1642 αι.
179 1591 212 1640 et
237 1577 323 1639 alibi.
376 1577 525 1638 Tuentur
555 1576 650 1638 etism
681 1575 774 1634 moiri
806 1575 868 1635 viri
894 1577 999 1648 docti,
1033 1579 1135 1641 veluti

95 1679 235 1764 Scaliger
256 1677 295 1738 ad
311 1679 413 1760 Priap.
439 1697 534 1740 carm.
553 1690 611 1754 32.
646 1671 769 1738 Voffius
789 1677 830 1738 ds
851 1689 916 1738 arte
938 1678 1079 1742 Gramru.
1103 1701 1133 1752 ι,

96 1791 161 1860 43.
197 1781 352 1842 Gruterus
371 1781 405 1840 in
427 1780 532 1840 indice
554 1777 768 1840 Grammatico
788 1777 1030 1861 inscriptionum
1047 1779 1081 1844 h.
1101 1803 1134 1846 v.

93 1885 131 1944 in
148 1881 302 1945 Curtiauo
318 1881 565 1948 Freinshemius.
588 1879 769 1941 Taunusius
784 1879 822 1939 ad
838 1879 982 1943 Frontin.
1004 1903 1031 1950 r.
1049 1899 1080 1952 u,
1100 1899 1132 1948 2.

94 1983 220 2048 Adsunt
245 1995 403 2065 praeterea
436 1981 655 2063 inscriptiones
680 1981 845 2061 antiquae.
880 2001 962 2062 quae
988 1981 1135 2068 cognosci

95 2085 227 2169 possunt
246 2083 329 2166 apud
352 2084 524 2146 Gruterum
548 2103 579 2166 p.
601 2097 682 2158 174.
705 2104 737 2145 n.
756 2095 788 2161 3.
813 2079 889 2164 (etsr
912 2085 945 2143 in
962 2083 1134 2168 Hispania)

97 2199 185 2268 549.
201 2208 235 2249 u.
257 2207 286 2248 r.
307 2199 341 2262 3.
368 2187 451 2263 536.
468 2206 502 2246 u.
519 2203 554 2263 9.
580 2183 635 2244 ubi
658 2181 774 2246 scilicet
798 2197 952 2247 monente
966 2183 1133 2250 Boissardo

94 2287 173 2352 salso
194 2289 246 2349 ille
270 2287 393 2350 retulit.
444 2287 507 2348 Atii
530 2287 615 2366 iique
636 2285 741 2367 plures
764 2282 965 2346 inserendum
982 2289 994 2347 i
1009 2302 1134 2369 putant.

92 2393 142 2454 lta
157 2409 275 2472 nempe
293 2389 327 2450 in
345 2388 443 2450 Ennii
466 2385 555 2450 uersu
572 2387 654 2469 apud
673 2386 819 2450 Ciceron.
838 2405 896 2469 pro
912 2387 1010 2450 Balbo
1030 2409 1056 2452 c.
1074 2405 1134 2454 Μ.

94 2495 226 2580 legitur.
265 2491 395 2552 Accedit
408 2489 557 2552 colurnus
570 2488 728 2558 Duiliana‚
752 2489 786 2548 iu
801 2489 892 2549 cuius
905 2487 967 2549 basi
983 2487 1134 2572 scriptum

96 2595 239 2656 cernitur
258 2587 516 2680 Cartuciusensts.
538 2609 626 2652 more
646 2590 789 2669 antiquo,
817 2607 882 2670 quo
903 2589 932 2650 G
953 2609 1011 2670 pro
1029 2591 1057 2652 C
1077 2611 1134 2674 po.

93 2695 244 2758 uebatur.
281 2689 333 2756 Cs.
355 2691 499 2754 Norisrus
514 2693 552 2752 ad
573 2691 771 2773 cenotaphia
787 2687 896 2750 Pisana
917 2691 984 2753 diss.
1002 2701 1036 2769 4.
1054 2711 1082 2754 c.
1097 2705 1132 2770 5.

94 2819 130 2881 p.
153 2805 239 2879 475.
266 2797 344 2856 item
367 2791 542 2877 fragmenta
562 2791 720 2853 Fastorum
741 2794 824 2873 apud
843 2791 1024 2854 Rcinesiuut
1042 2804 1076 2870 4,
1098 2809 1132 2868 7.

96 2919 129 2982 p.
155 2911 241 2979 341.
293 2897 341 2956 Ex
366 2895 465 2978 priori
488 2907 597 2956 contra
621 2889 799 2955 Vosstumc.
824 2893 845 2955 s.
865 2893 1004 2973 disputat
1026 2893 1134 2956 Mazu-

96 3001 187 3062 chius
203 2999 238 3059 ad
258 2997 320 3060 tab.
337 2997 460 3058 Heracs.
483 3015 515 3076 p.
539 3009 622 3074 357.
671 2995 835 3056 Accedunt
850 2995 976 3056 cortices
998 3009 1134 3068 veteres,

96 3103 131 3162 in
158 3101 258 3181 iisque
283 3099 420 3160 inarime
444 3097 648 3158 Florentinus
677 3115 706 3158 t.
745 3095 847 3158 Orosii
870 3115 945 3156 cum
968 3097 1136 3161 Pandectis

98 3202 306 3266 Florentinis.
357 3201 506 3280 Denique
528 3219 566 3260 ex
584 3197 805 3258 Grammaticis
829 3195 1002 3260 Priscianus
1025 3199 1078 3261 sib.
1097 3211 1132 3278 4.

97 3327 130 3390 p.
150 3306 234 3382 633.
257 3323 274 3363 a
297 3301 442 3386 genitivo
462 3299 673 3378 Carthaginis
690 3299 732 3360 its
749 3301 888 3370 derivat,
921 3313 957 3358 ut
978 3299 1098 3362 abiecto
1117 3319 1135 3360 s

97 3406 233 3468 addatur
251 3400 342 3493 susas.
392 3403 427 3466 si
447 3401 562 3462 similes
585 3398 699 3463 fortnas
719 3399 878 3484 respicias,
911 3401 1021 3461 eadem
1047 3404 1135 3485 viget

99 3505 297 3588 disceptatio.
336 3503 389 3568 Sic
407 3491 613 3592 crotonenses
632 3501 772 3584 plerique
787 3503 911 3562 codices
929 3505 961 3560 in
981 3503 1135 3563 Frontino

101 3623 136 3688 3,
155 3609 187 3678 6.
204 3619 239 3686 4.
267 3605 323 3666 ubi
347 3617 454 3668 tamen
476 3601 593 3664 inserto
620 3605 632 3664 i
656 3603 744 3664 dedit
771 3601 1028 3682 Oudendorpius.
1081 3605 1135 3665 Sic

102 3705 292 3799 Vibonensis
309 3722 342 3770 et
365 3705 400 3770 V
400 3701 565 3796 sdouieufls
589 3705 621 3764 in
644 3705 737 3766 Livio
759 3719 816 3773 nr.
844 3717 903 3780 51.
921 3699 941 3764 s.
978 3703 1032 3764 ubi
1054 3703 1135 3764 illud

98 3807 292 3896 praefertur,
319 3821 356 3870 ut
378 3810 412 3870 in
429 3807 592 3872 Ciceronis
612 3803 699 3886 epist.
719 3807 757 3867 ud
774 3805 867 3867 Attic.
892 3805 943 3873 16.
967 3805 1001 3868 6.
1055 3805 1135 3866 Noti

99 3913 173 3975 sunt
189 3900 420 4001 Srssmousnses,
450 3897 705 3997 Tarraconenses.
754 3907 876 3970 Eadem
899 3908 1030 3967 variatio
1051 3907 1135 3968 valet

98 4017 198 4078 etiam
220 4015 253 4074 in
275 4012 360 4082 asiis,
392 4011 446 4072 etsi
468 4031 506 4072 ex
522 4011 585 4072 alio
602 4005 691 4070 sonte
714 4008 825 4070 ductis.
877 4009 929 4069 Sic
953 4005 1135 4099 Cutiueufis

96 4113 275 4202 pnesertur
290 4113 374 4198 apud
392 4113 496 4190 Cicer.
516 4113 551 4174 in
570 4111 655 4176 vm.
676 4122 708 4190 3.
724 4120 784 4191 43.
820 4109 976 4172 Frontino
995 4123 1028 4191 3.
1046 4111 1079 4182 6,
1098 4110 1132 4174 6.
