2752 4944
284 427 382 505 W*
411 429 449 484 11.
494 427 527 484 c.
554 427 609 482 111.
651 425 751 494 ιιι.
981 437 1040 502 873

60 599 106 660 iliu
125 599 216 682 potior
235 599 379 662 Palatius
401 598 461 662 effe
484 599 620 680 Appiani
640 598 675 658 in
698 597 784 678 illyr.
801 617 829 660 e.
854 613 910 660 to.
942 619 1038 680 quem

59 701 155 780 &tuus
182 703 280 764 Meloe
313 715 346 764 et
378 699 513 800 Pontia
533 701 687 762 existimat
720 699 1038 782 Schweighaeuiente
1137 723 1141 730 ’

58 805 150 881 p667.
172 805 286 886 quirin
305 815 439 884 utroque
455 823 529 864 cum
547 803 686 862 Ardiaeie
708 801 891 884 iungantur.
944 801 1039 866 Certe

58 901 146 963 obseura
163 905 231 966 htec
247 903 335 976 sunt.
371 917 404 965 et
428 919 482 966 eut
503 905 634 964 vitietur
656 903 700 966 est
715 901 810 974 Melo,
835 915 890 964 ettt
911 905 1038 970 erravit.

57 999 106 1064 tot
120 1005 211 1070 Cibin.
231 1005 324 1091 Prag.
345 1005 395 1070 ed.
417 1025 448 1070 1.
470 1003 625 1088 Lyburm'.

102 1205 233 1298 Istrin)
287 1207 372 1292 Lipi’.
395 1207 478 1270 Gud.
502 1205 642 1270 Vindob.
666 1205 797 1298 hssriue
822 1205 929 1270 Cibin.
953 1209 1039 1272 neh·

58 1303 122 1390 diget.
137 1307 267 1403 hystein
292 1311 389 1372 vatic.
410 1327 440 1374 ι.
463 1327 493 1372 u.
517 1323 550 1371 et
568 1309 620 1369 atii
640 1305 753 1400 ψύας
780 1309 877 1370 Vatic.
898 1323 930 1388 5.
951 1309 1039 1402 istrt',·

57 1403 117 1468 Puii
131 1425 157 1471 o.
179 1413 290 1473 Venet.
314 1409 406 1495 Preg.
431 1407 529 1503 iristrt'.
566 1411 649 1472 Edd.
672 1407 780 1502 Istrr'n.
807 1423 930 1470 tantum
948 1411 1040 1472 Vine-

57 1509 214 1602 utussn'a.
274 1513 395 1574 Similis
418 1513 549 1572 variatio
578 1508 657 1570 inire
684 1511 818 1571 occurrit
849 1527 880 1572 et
911 1531 977 1592 cap.
1002 1525 1037 1591 4.

57 1605 192 1674 Ciuouiue
219 1614 330 1694 procul
352 1613 450 1674 dubio
471 1613 612 1696 regionis
638 1610 783 1672 societate
811 1631 884 1674 cum
914 1615 1040 1694 populis

56 1707 151 1774 offensui
166 1713 241 1800 legit
261 1713 350 1808 Istri.
400 1715 450 1776 Sic
470 1718 555 1775 inter
567 1713 710 1794 Belgium
731 1725 762 1774 et
779 1713 896 1792 Belgae
920 1715 1040 1776 variant

56 1807 138 1872 libriin
154 1817 206 1876 iui.
225 1813 315 1878 Cetei.
333 1819 373 1876 de
391 1815 427 1877 B.
448 1815 486 1878 G.
510 1827 543 1892 5,
573 1830 625 1876 to.
646 1817 691 1876 in.
729 1825 785 1894 24.
813 1830 846 1876 tt.
901 1815 1040 1876 Arcon-

54 1908 122 1994 iungit
139 1917 203 1977 utta
223 1915 328 1978 noiier
343 1917 438 1977 etiam
456 1915 539 1986 alibi,
564 1917 612 1976 uti
636 1933 666 1984 u,
683 1923 719 1992 4.
741 1933 772 1978 2.
802 1905 921 2004 Volsci,
945 1916 1039 1977 Cum·

55 2017 131 2084 pura,
151 2019 279 2080 Bnrttii.
327 2017 439 2080 Strabo
463 2031 496 2096 ss.
518 2039 551 2100 p.
567 2037 612 2078 m.
632 2030 713 2094 23²·
737 2013 757 2078 s.
776 2017 859 2094 336.
888 2015 1037 2100 Φωκέων,

25 2135 26 2142 “
54 2107 160 2178 Βοιωτῶν
178 2111 231 2180 καὶ
256 2117 316 2203 τῆς
337 2115 529 2206 Μεγαρίδος.
582 2119 628 2178 lta
651 2117 685 2178 in
709 2115 917 2199 descriptione
938 2121 1041 2202 regio·

54 2231 105 2274 nun
121 2231 147 2277 et
165 2232 317 2281 terrenrm
346 2220 445 2282 modo
475 2219 610 2302 populoe
639 2235 819 2288 enumeret.
855 2219 954 2280 modu
976 2219 1040 2302 ipse

54 2308 95 2374 luo
108 2321 248 2391 nominet,
275 2320 330 2382 etti
346 2321 446 2404 magio
463 2319 562 2382 divise
582 2333 615 2382 et
637 2339 694 2400 per
715 2333 815 2401 parter
833 2319 959 2404 singula.
990 2321 1040 2382 uti

58 2430 112 2480 ιη.
159 2423 207 2482 Sic
241 2421 427 2484 Herodotus
457 2441 486 2490 1.
521 2431 601 2500 145.
653 2411 749 2508 Adpo,
780 2413 833 2482 uui
864 2419 1036 2508 Τριταιέες.

53 2512 102 2599 ifin'
113 2522 253 2584 ridentur
271 2523 405 2584 librariis
421 2523 539 2594 deberi,
561 2525 616 2604 qui
632 2521 670 2582 ud
684 2525 899 2603 praecedentia
917 2543 1040 2584 accom-

53 2619 187 2692 modarent,
220 2643 318 2706 quare
342 2623 474 2684 aiterum
504 2643 570 2684 non
597 2625 797 2684 movendum
824 2625 943 2704 putavi.
997 2625 1039 2684 At

52 2713 75 2774 de
90 2721 298 2803 adspiratione,
332 2744 427 2804 qnam
454 2725 550 2784 multi
575 2725 769 2808 praefigunt,
801 2725 907 2806 quaeri
935 2721 1038 2806 point,

52 2814 75 2873 de
91 2842 138 2900 que
165 2839 289 2906 praeter
312 2825 392 2888 ulioe
424 2825 599 2908 ditputavit
624 2825 792 2888 Cluverius
820 2827 853 2884 in
880 2825 946 2885 itui.
974 2839 1038 2888 unt.

54 2935 130 2986 het.
174 2927 294 2988 Parum
316 2926 474 2998 intereiie,
504 2927 669 3008 quomodo
692 2939 851 2996 exuretur,
885 2925 1041 2986 existimet

51 3013 176 3087 Eukettue
195 3029 233 3088 ud
257 3027 456 3108 Stephanum
479 3049 510 3108 p.
527 3039 612 3108 423.
658 3027 720 3088 ttttt
743 3028 891 3088 reiiciunt
911 3041 1041 3109 propter

51 3115 147 3196 Graece,
170 3131 216 3188 uti
233 3129 387 3211 Sigoniue
410 3129 447 3188 ed
466 3129 536 3192 Lir.
555 3143 613 3197 αι.
636 3127 689 3198 ι6.
711 3137 746 3206 4.
780 3137 838 3208 41,
860 3147 889 3197 t.
912 3127 932 3188 i.
948 3141 981 3208 5,
1002 3138 1037 3207 4.

51 3224 176 3307 tuifitque
198 3231 232 3289 in
255 3244 344 3290 textu
365 3228 662 3299 Drakenborchiue;
697 3228 809 3308 probat
831 3229 981 3291 Celiariue
1005 3231 1040 3291 in

50 3323 152 3410 Orthogr.
172 3331 240 3392 Lat.
262 3331 303 3390 T.
327 3349 355 3391 t.
376 3351 408 3411 p.
427 3343 509 3406 252.
545 3343 577 3390 et
600 3331 757 3390 editiones
778 3331 923 3410 Eutropii
950 3344 980 3408 3.
1003 3349 1035 3406 7.

50 3413 101 3506 (2.)
122 3449 155 3488 ex
173 3431 261 3490 librie
285 3429 421 3512 scriptio,
456 3445 647 3510 tuenturque
671 3431 796 3510 antiqua
819 3445 1037 3493 monumenta.

50 3519 81 3580 Sic
96 3527 225 3620 Hssn'ue
244 3521 368 3618 furtum
397 3533 478 3612 apud
499 3529 623 3593 Reines.
650 3533 684 3590 in
707 3533 910 3612 Syntegmate
933 3531 1037 3594 iuscrr.

50 3635 90 3686 tut.
107 3629 176 3691 eutr.
200 3647 234 3694 2.
257 3653 289 3692 n.
305 3640 365 3714 4ο.
407 3629 534 3724 Hssriu
554 3633 588 3692 in
609 3631 720 3692 Museo
739 3633 906 3692 Veroncnii
927 3653 959 3712 p.
978 3643 1036 3708 83.

50 3737 69 3778 n·
85 3741 108 3789 2.
142 3733 268 3793 Gruter.
291 3753 322 3814 p.
348 3743 429 3810 285,
454 3751 486 3796 2.
517 3743 601 3813 402,
622 3741 657 3810 4.
690 3743 776 3810 453.
799 3745 833 3810 4.
865 3732 940 3816 (ubi
971 3737 1038 3813 qui·

25 3819 96 3884 {dem
114 3829 265 3924 Hystriu)
316 3831 394 3896 Non
425 3835 523 3918 igitur
560 3834 701 3916 adparet,
741 3834 904 3914 quomodo
941 3837 1038 3896 Dauo·

50 3929 124 3996 tutu,
141 3935 171 3993 in
187 3933 329 4016 orthogr.
351 3934 384 3996 h.
402 3957 434 3998 v.
456 3936 618 3998 adfirmare
638 3931 739 4016 poiiit.
766 3953 921 3994 marmora
941 3935 1038 4017 adipi-

49 4025 163 4094 sffl'onem
188 4033 343 4115 respuere.
403 4036 472 4098 Nec
497 4035 613 4098 Graece
643 4035 707 4096 huc
736 4035 860 4104 valent,
895 4055 973 4114 quae
1003 4039 1036 4096 iu

47 4133 172 4198 punto
186 4135 373 4196 nominibus
388 4138 440 4200 itio
456 4159 473 4202 tt
489 4139 598 4200 Latino
614 4141 737 4199 ratione
752 4137 911 4198 dietidont.
940 4135 1036 4226 Ist'rt'n

77 4241 153 4320 Pomp,
174 4250 267 4306 Mela.
288 4252 327 4306 L.
347 4251 384 4308 Η.
687 4240 707 4300 S
