2792 4940
6 59 9 226 ι

6 473 11 702 i

354 428 445 486 m
474 431 513 484 n.
556 429 590 488 C.
617 430 655 486 11.
698 380 798 500 bo·
1038 439 1098 508 147

62 601 110 665 ihe
134 613 267 672 umen,
310 601 370 684 qui
395 613 553 664 recoctam
576 599 684 686 satagit
706 601 829 666 tradere
852 602 1097 688 Geographiam.

62 707 163 766 reiecta
195 703 351 766 Acantho
378 705 527 766 omnium
558 717 706 766 veterum
742 706 928 768 auctoritate
962 704 1097 782 suffulta,

63 805 209 884 Toyffum
232 803 404 875 substituit,
431 805 586 886 oppidum
607 805 711 868 eidem
732 807 819 870 litori
839 819 872 868 et
887 809 1006 888 eidem,
1032 829 1097 890 quo

61 908 138 976 Sane,
162 907 332 990 Singitico
355 907 532 988 appohturu
555 905 646 978 finni,
673 919 706 968 et
728 909 887 990 pluribuc.
920 929 1018 992 quam
1041 913 1100 972 du·

62 1010 148 1070 cernua
170 1007 294 1078 stadiie,
321 1029 338 1070 a
359 1005 434 1068 ioffa
454 1023 625 1078 remotum,
651 1021 687 1068 ut
708 1027 827 1094 nempe
849 1011 1004 1083 conficiat,
1030 1031 1099 1075 nou

62 1107 233 1182 Athonem,
271 1108 325 1171 red
350 1107 455 1192 ipsum
479 1129 496 1170 a
519 1109 619 1172 Xerxe
646 1107 817 1192 perioiium
842 1107 932 1174 fuiffe
955 1113 1096 1196 pelagus.

64 1231 180 1273 rorarro
204 1213 244 1272 ιἰι
266 1209 444 1290 appendice
466 1209 512 1271 od
531 1212 563 1274 h.
587 1209 608 1272 l.
660 1213 701 1272 At
722 1211 836 1278 Cicero
857 1213 981 1286 Livius.
1007 1216 1099 1276 Taci-

62 1327 101 1374 tus
120 1313 247 1376 habent
267 1313 387 1375 multae
406 1331 457 1374 ree
478 1325 630 1374 novaret
650 1313 818 1380 iuufitatae.
872 1315 958 1376 Hinc
978 1313 1102 1380 Voffiua

61 1413 142 1486 dicit.
176 1433 291 1476 novae
315 1415 413 1474 etiam
436 1427 467 1475 et
500 1433 567 1476 non
589 1413 714 1476 uiitataa
744 1415 809 1478 illic
834 1417 965 1500 reperiri
992 1435 1099 1482 vocet.

61 1515 242 1580 Credeane‘i
286 1516 375 1576 'sum
389 1514 412 1576 sa
427 1517 498 1596 quir
513 1514 637 1598 superet
650 1518 746 1578 colica
760 1519 913 1588 minutor.
933 1531 971 1578 ut
989 1519 1022 1578 in
1039 1519 1101 1580 hoc

58 1617 117 1680 ioco
142 1635 284 1682 tautum
311 1615 382 1676 suut
405 1609 541 1682 κολωνοὶ
563 1607 602 1680 οὗ
625 1611 786 1704 μεγάλοι.
823 1619 885 1680 hoa
907 1620 1101 1704 trauaiugare

60 1721 185 1783 dicetur.
245 1718 346 1786 Vide,
372 1737 436 1800 quo
457 1717 644 1780 delabantur
664 1719 733 1780 illae
750 1739 855 1781 novae
874 1733 907 1784 et
922 1741 990 1782 non
1009 1721 1103 1782 inuii-

59 1833 127 1884 tatae
148 1841 214 1890 reo,
243 1822 379 1902 quondo
396 1821 482 1881 eninr
501 1839 566 1896 non
583 1817 766 1901 superantur
782 1821 852 1884 iiiii
900 1823 1025 1904 Repeto
1047 1823 1103 1884 ita·

57 1942 143 2003 quea
168 1922 262 1983 Mela
290 1923 558 2004 transnavigatum
575 1921 662 1983 Atho
680 1921 754 1984 dici.
806 1923 841 1986 Si
858 1935 965 1986 tamen
988 1925 1029 1984 ita
1050 1943 1102 1986 ex·

58 2027 180 2086 tendere
213 2017 313 2108 ὕψος
337 2020 487 2086 sermonis
515 2021 561 2082 sui
583 2023 724 2084 voluerit
751 2023 884 2094 Auctor,
918 2027 1004 2106 quod
1032 2044 1104 2106 pro·

58 2122 132 2186 iectu
147 2124 216 2208 ipie
233 2143 318 2186 mox
334 2123 483 2205 deprimit
499 2143 554 2204 per
568 2125 707 2185 additam
723 2125 981 2208 explicationem,
1006 2145 1103 2206 quam

60 2228 198 2288 omiiiffet
228 2225 320 2286 haud
347 2225 459 2297 dubie,
492 2225 615 2286 nittud
637 2239 759 2307 captare
780 2225 939 2288 ruiuiss'et.
993 2227 1103 2311 Quare

61 2324 147 2391 ioreo
167 2329 231 2388 diu
254 2339 445 2408 conceptam
464 2327 653 2408 opinionem
675 2327 754 2386 iilud
776 2329 1105 2410 transnavigaturque

62 2443 90 2490 et
108 2431 214 2491 Athos
235 2427 295 2490 vel
318 2427 420 2488 Athos
441 2447 480 2489 ex
502 2429 631 2489 mirifica
655 2427 819 2488 literarum
846 2431 1104 2492 commutatione

66 2545 161 2592 ortum
183 2529 265 2608 effe,
295 2541 328 2590 et
343 2527 513 2590 Auctorem
534 2527 688 2610 [cripfiiie‚
713 2519 876 2618 persoffirs
891 2542 924 2590 et
937 2529 982 2590 od
998 2530 1104 2590 Seuere

62 2629 98 2691 ab
115 2653 216 2716 usque
242 2621 364 2718 Thyffo
374 2619 495 2718 sactus
506 2619 603 2719 freto
620 2651 697 2692 ιιαο.
759 2629 843 2690 Num
865 2631 953 2711 quod
979 2627 1104 2694 vosfiua

61 2737 147 2794 audet
168 2731 330 2800 scribere.
365 2731 568 2792 Herodotum
590 2731 672 2792 libro
697 2749 731 2808 7.
754 2731 859 2794 dicere
882 2729 991 2792 foliam
1016 2731 1105 2794 iilam

59 2835 92 2894 ab
107 2834 261 2896 Acantho
279 2832 358 2892 urbe
370 2833 474 2894 Saoeu
491 2852 590 2914 usque
607 2830 804 2915 pertinuiffe.
830 2833 1010 2894 Acanthum
1026 2849 1104 2896 vero

58 2936 92 2996 ab
113 2957 154 2998 eo
179 2935 267 3018 poni
294 2933 334 2994 ad
358 2931 459 2992 houm
486 2935 698 3017 Singiticum‚
742 2933 847 2996 Sanen
877 2935 911 2994 in
940 2933 1106 2996 Pallenaea

59 3033 283 3104 Chersoneso,
309 3047 343 3095 et
360 3035 433 3096 ideo
453 3053 520 3096 uon
542 3033 627 3116 poffe
647 3035 790 3116 concipi,
816 3049 852 3094 ιιι
867 3031 941 3096 ioffa
958 3035 1009 3094 illa
1025 3034 1105 3096 duo·

59 3139 161 3200 decim
177 3149 312 3198 tantum
327 3131 422 3196 fuerit
436 3134 615 3205 stadiorum.
642 3135 726 3216 quod
742 3135 786 3195 ait
802 3135 888 3198 idem
908 3135 1105 3210 Herodotum

58 3237 170 3300 iulium
207 3237 291 3298 dicit
315 3237 466 3308 omuino,
501 3251 534 3296 et
562 3235 628 3320 ipse
658 3237 714 3298 fibi
742 3239 842 3298 nectit
867 3237 1026 3318 laqueum.
1054 3265 1106 3280 -·

60 3339 230 3422 Nunquam
253 3337 294 3398 ab
317 3337 482 3400 Herodoto
506 3338 624 3400 dicitur
647 3337 836 3400 Attachaeua
861 3335 1043 3420 praemiiiua
1066 3337 1105 3398 ad

59 3442 258 3503 Acanthum.
310 3439 372 3500 Sed
395 3441 428 3498 iu
449 3439 531 3500 libro
550 3453 583 3514 7.
608 3459 675 3522 cap.
694 3457 751 3502 οι.
772 3439 815 3500 ett
837 3439 1014 3506 Attachaea.
1039 3457 1106 3498 nar·

59 3563 125 3605 rana
146 3553 353 3625 praeparatae
368 3540 408 3602 ari
431 3541 602 3602 Eieuntem
621 3561 678 3622 per
695 3541 869 3601 triennium
891 3541 997 3622 copiae
1017 3539 1105 3610 dicit,

60 3647 110 3724 qui
125 3659 163 3706 et
176 3640 351 3724 quomodo
367 3637 523 3710 foderint,
549 3631 714 3728 Βούβορις
730 3637 764 3704 δὲ
783 3635 799 3704 ο’
822 3635 1034 3726 Μινγοβάζου
1050 3633 1106 3704 καὶ

61 3739 271 3832 Ἀρταχαίης
291 3737 308 3802 o‘
333 3736 483 3828 'Apruiou
505 3737 703 3826 ἐπεστᾰτηον
723 3737 784 3806 τοῦ
806 3737 914 3826 ἔργον.
969 3741 1106 3802 Eodem·

62 3867 119 3924 qne
144 3845 209 3907 lib.
230 3863 266 3921 7.
291 3861 317 3904 c.
340 3858 420 3912 ιι7.
453 3839 507 3904 Ἑν
529 3839 681 3924 'Aedesio
704 3839 738 3905 hi
765 3837 873 3916 ἐόντος
896 3839 957 3906 τοῦ
979 3828 1107 3928 Ξέρξεω

64 3933 236 4034 ἔοιὴνεικε
258 3933 325 4006 ὑπο
345 3938 463 4008 νούσου
483 3940 659 4010 ἀποθανεῖν
676 3939 736 4008 τον
756 3939 942 4010 ἐπεστεῶτα
962 3945 1019 4028 τῆς
1040 3935 1109 4006 trh-

65 4067 163 4132 ιιχος
195 4041 404 4132 ’Δρτοχοίην
428 4059 489 4110 etc.
542 4047 728 4108 Herodotuc
753 4045 831 4106 dicit
856 4059 998 4114 tantum.
1033 4060 1110 4106 tuuc

64 4163 234 4214 mortuum
257 4147 351 4206 illum
376 4143 484 4218 initio,
517 4168 620 4228 quum
646 4147 763 4209 Xerxes
786 4145 861 4210 effet
882 4146 1029 4212 Acanthi.
1074 4145 1108 4210 Si

693 4249 772 4312 tto

1214 3885 1234 3920 Χ
