2752 4944
309 441 369 500 272
604 429 854 488 POMPONII
892 427 1057 486 MELAE

308 607 417 669 nuliue
437 595 478 668 rb
501 625 609 667 ocum
633 606 744 667 ntultie
763 603 926 666 codicibus
942 619 975 666 et
991 602 1184 666 editionibus
1204 602 1330 664 retinue-

308 722 373 778 rat,
401 707 478 766 illud
499 707 734 768 extrudendum
753 707 879 788 potavit
901 706 1081 768 auctoribus
1097 706 1186 768 MSS.
1207 706 1330 788 integer·

308 811 399 871 rimie
421 822 453 870 et
475 804 700 870 vetustiffirnio.
741 810 794 870 Sic
815 808 919 871 Codd.
938 808 1066 888 quidam
1086 807 1204 888 Illyrici
1224 806 1332 865 habent

309 913 344 972 in
362 911 516 971 Frontino
538 925 569 990 5,
589 912 621 978 6,
641 925 673 988 3.
701 913 750 970 uti
771 911 803 968 in
821 909 948 968 Nazarii
971 910 1161 992 panegyrico
1178 928 1204 968 c.
1221 925 1274 970 20.
1291 910 1330 966 in.

309 1012 366 1073 ubi
384 1032 421 1072 ex
436 1013 504 1072 aliie
521 1015 648 1074 alteram
667 1009 803 1071 formam
821 1009 1002 1090 praeferunt
1017 1011 1168 1078 Bauniue.
1194 1009 1332 1070 Cellarius

310 1129 345 1174 et
367 1115 525 1196 laegerue.
579 1113 648 1174 Nec
669 1114 757 1172 aliter
773 1111 888 1172 volunt
906 1113 1030 1172 codices
1052 1111 1107 1192 ipsi
1133 1113 1166 1172 in
1187 1111 1329 1189 Eutropio

313 1229 346 1295 5,
372 1229 406 1294 4.
435 1213 456 1278 l.
485 1235 514 1278 r.
556 1213 610 1274 etit
634 1214 709 1274 alibi
734 1216 866 1273 variant.
927 1210 977 1275 of.
1007 1233 1086 1293 quae
1115 1213 1224 1274 notavi
1254 1209 1331 1291 [upra

309 1318 349 1378 ad
372 1335 402 1385 2.
425 1318 518 1378 lain.
551 1317 631 1377 item
648 1313 799 1376 Dukerue
815 1313 853 1376 ael
871 1313 955 1374 Flor.
978 1329 1009 1383 o,
1035 1327 1069 1390 5.
1087 1315 1133 1374 iu.
1167 1315 1277 1388 13.in.
1305 1323 1332 1369 et

310 1419 345 1480 in
366 1419 478 1500 primia
498 1416 660 1478 Drakenb.
683 1417 720 1477 ad
739 1417 810 1478 Liv.
827 1417 904 1495 epit.
925 1415 980 1476 lib.
1005 1431 1063 1476 tto.
1089 1416 1145 1495 qui
1166 1415 1264 1495 plures
1284 1431 1332 1470 no·

231 1517 236 1528 ’
311 1520 424 1582 minat.
476 1519 566 1580 Idem
588 1537 666 1580 vero
693 1531 726 1578 et
753 1519 804 1577 bic
833 1515 945 1598 probat
971 1537 1009 1577 ex
1042 1515 1202 1578 Ciacconii
1226 1515 1331 1580 codice,

312 1624 363 1683 cui
385 1639 473 1682 nunc
493 1618 682 1680 accesserunt
702 1621 774 1688 alii,
809 1619 842 1678 in
862 1617 976 1697 quibua
998 1619 1119 1679 eminet
1146 1615 1333 1682 Cibinionlis,

310 1724 366 1804 qui
389 1736 421 1782 et
444 1722 484 1782 src
504 1719 592 1802 supra
616 1719 740 1802 scripsit.
795 1717 922 1780 Constat
947 1721 1078 1800 quidem
1107 1720 1234 1779 aliunde
1252 1731 1281 1777 et
1300 1735 1334 1775 ex

312 1824 437 1884 Graecis
460 1821 619 1902 Illyricum
642 1836 674 1882 et
696 1822 841 1903 Illyricos
862 1821 901 1880 de
920 1821 1051 1903 regione
1074 1821 1138 1880 dici
1160 1821 1281 1902 Illyrios
1301 1819 1335 1877 cle

310 1926 434 1986 incolis.
485 1925 588 2003 Atque
613 1925 655 1982 ita
676 1923 798 1984 Pliniuo
822 1935 854 1999 5,
879 1923 937 1984 26.
956 1919 977 1984 l.
997 1938 1054 1985 22.
1078 1921 1198 1982 Melam
1219 1921 1335 1980 retulit:

308 2027 436 2105 proprie
465 2021 545 2084 dicti
584 2024 698 2107 Illyrii.
768 2026 872 2108 igitur
911 2043 979 2085 non
1020 2023 1189 2094 haelitari,
1228 2035 1260 2084 et
1290 2021 1337 2080 hic

308 2145 475 2209 reponere.

383 2326 559 2410 Pyraei)
610 2325 696 2412 Lipl.
715 2329 809 2409 pirei,·
834 2329 973 2391 Virulob.
995 2326 1088 2413 Prag.
1112 2329 1228 2409 pirrei,·
1256 2325 1335 2387 (iud.

309 2430 427 2512 piraei,·
452 2430 625 2513 Rebdiger.
648 2431 794 2511 pyrroci,·
827 2431 938 2494 Vener.
962 2432 1089 2512 plzyrer‘,·
1115 2432 1224 2494 Cibin.
1247 2429 1334 2509 pyrri.

309 2531 394 2594 Edd.
420 2552 448 2594 r.
475 2548 506 2593 o.
532 2533 666 2592 Vinctus
687 2533 783 2611 pirei;
817 2551 850 2614 9.
879 2553 933 2594 rr.
958 2532 1097 2612 aliaeque
1122 2533 1227 2614 plures
1250 2533 1282 2590 io
1302 2531 1336 2588 iis

309 2632 482 2702 Vedianae,
514 2631 711 2694 Olivariauoe
732 2633 842 2714 Pprcr';
881 2631 930 2693 led
954 2635 1016 2693 iam
1040 2648 1072 2708 3.
1093 2647 1128 2712 sp.
1156 2647 1189 2710 5.
1213 2647 1244 2692 et
1266 2633 1336 2691 aliae

309 2734 449 2796 vetustae
474 2735 586 2814 Pyraei
610 2755 683 2794 cum
705 2733 813 2798 Plinio
839 2747 869 2812 3,
898 2736 954 2796 26.
973 2733 991 2794 l.
1018 2749 1075 2796 22.
1109 2749 1142 2796 et
1169 2735 1335 2814 Stephano·

308 2855 446 2916 quorum
469 2836 521 2894 ille
541 2855 615 2896 cum
639 2837 814 2897 Taulantiio
836 2837 1019 2918 coniungit,
1061 2836 1114 2896 hic
1135 2838 1168 2896 in
1191 2833 1337 2895 Tlrellalia

307 2938 418 3018 ponit,
451 2949 488 2996 ut
509 2937 572 2997 huc
591 2935 698 2998 referri
721 2957 788 2996 nou
811 2934 936 3016 poffiot.
990 2938 1097 3019 Quare
1112 2939 1208 2998 etiarn
1225 2938 1258 2995 iu
1274 2939 1337 2996 Ste-

307 3037 414 3118 phano
446 3051 530 3099 recte
558 3041 707 3099 emendat
738 3038 919 3098 lloll'teuius
947 3059 978 3119 p.
1008 3039 1089 3110 267.
1124 3033 1274 3124 l'lop'piuia
1307 3047 1336 3093 et

307 3133 485 3224 Πυρῥαῖος,
513 3141 598 3218 quod
620 3141 740 3202 evincit
761 3138 873 3200 Strabo
896 3137 950 3198 lib.
974 3158 1007 3218 9.
1026 3137 1048 3200 f.
1082 3153 1114 3200 et
1137 3139 1253 3199 llhiani
1274 3157 1335 3196 ver·

307 3236 356 3298 lue
371 3240 456 3319 apud
472 3239 578 3302 Schol.
596 3241 756 3321 Apollonii
780 3241 816 3300 ad
842 3253 876 3316 5,
902 3252 1005 3318 1089·
1034 3244 1068 3300 in
1083 3242 1196 3320 quibua
1212 3240 1334 3320 quidem

306 3340 443 3423 Scaliger
462 3341 500 3400 ad
519 3339 692 3402 Eusebium
710 3363 740 3423 p.
759 3357 817 3403 20.
839 3361 878 3400 ex
894 3343 1045 3403 Strabone
1067 3363 1122 3421 pro
1145 3333 1279 3428 Πύρῥαν
1300 3335 1334 3418 br}

304 3460 386 3504 ποτε
409 3441 480 3500 vult
502 3436 670 3528 [Iop'p‘ur'av
694 3441 784 3505 ποτέ.
849 3442 954 3503 Restat
981 3445 1078 3526 igitur
1099 3441 1183 3504 solus
1206 3444 1334 3506 Pliniru.

284 3543 361 3632 vqui
385 3561 458 3602 corn
482 3542 565 3603 Mela
589 3539 641 3603 hic
665 3544 802 3622 Pyraeos
825 3557 1067 3606 commemoret.
1118 3547 1157 3605 At
1177 3543 1336 3624 dispicien-

306 3643 388 3704 dum
410 3643 553 3714 videtur,
583 3665 622 3706 an
646 3664 713 3706 non
735 3649 769 3705 in
798 3659 935 3724 utroque
959 3645 1131 3728 legendum
1161 3645 1198 3704 sit
1221 3643 1336 3704 Pleruri

306 3763 346 3806 ex
367 3743 520 3806 Strabone
544 3759 576 3818 7.
603 3767 635 3826 p.
656 3767 700 3806 m.
730 3757 812 3822 218.
836 3744 857 3807 l.
882 3759 966 3823 515.
1006 3749 1125 3829 quippe
1157 3747 1211 3826 qui
1241 3763 1335 3826 prope

305 3844 477 3924 Corcyram
490 3847 614 3930 nigram
630 3849 664 3907 in
680 3847 741 3908 hoc
764 3859 862 3907 tractu
884 3849 1047 3928 producit,
1081 3847 1136 3908 etl'r
1160 3847 1337 3910 Phaeacum

304 3947 465 4010 Scheriam
490 3947 613 4011 Plinius
643 3949 682 4010 de
716 3950 810 4010 altera
837 3951 974 4026 Corcyra
1002 3951 1145 4030 explicat.
1199 3951 1253 4010 Sic
1276 3950 1336 4006 ianr

306 4047 458 4110 Cellariue
473 4052 506 4109 iu
524 4050 641 4134 Geogr.
662 4064 726 4112 ant.
754 4069 784 4118 o,
810 4063 842 4126 8,
871 4069 950 4111 102.
989 4049 1087 4112 Plinii
1105 4051 1243 4131 Pyroeos
1265 4067 1337 4108 curu

303 4149 469 4214 Strabonis
489 4153 624 4214 Pleraeis
645 4145 826 4235 conponere
853 4153 997 4214 tentavit.
1051 4158 1171 4216 Contra
1193 4149 1339 4216 Pleraeor
