2826 4936
365 457 455 518 Ltn.
483 459 535 512 111.
580 458 612 514 c.
637 457 672 518 V.
715 457 741 526 §-
765 467 794 526 7·
1038 465 1095 534 ²4¹

62 633 150 696 Gna.
168 631 259 718 Prag.
275 633 376 694 Vatic.
394 629 501 695 Cibin.
518 627 625 693 ierunt
639 624 767 722 orniffis3
789 629 927 716 Rehdig.
939 623 1097 721 omiffinn3

61 749 236 814 utrumque
256 736 353 796 etiam
374 735 407 795 in
427 732 528 794 tribua
544 733 661 816 legerat
677 735 703 796 1.
722 733 924 806 Gronttvitn;
953 731 1098 798 Leideni.

61 835 146 898 von.
166 851 198 914 3.
216 833 309 898 Parii.
329 849 359 914 3.
384 833 523 895 Vindob.
540 835 604 894 omi
619 847 663 906 ιτς
689 835 803 896 Venet.
819 849 851 896 et
866 836 972 896 Havn.
988 835 1100 896 viden-

60 951 114 998 tur
137 936 276 999 habuiiie
296 937 427 999 omittit.
478 935 562 997 Edd.
583 957 612 996 ι.
632 953 663 997 2.
680 953 714 1014 9.
738 931 861 1026 omrfit3
895 951 928 1014 3.
951 946 987 1015 4.
1008 947 1042 1014 5.
1065 937 1101 1000 6.

65 1055 100 1116 7.
121 1051 155 1116 8.
180 1057 233 1100 ιο.
256 1059 311 1100 ιι.
335 1053 389 1100 12.
411 1051 465 1117 ιδ.
488 1036 527 1096 ad
548 1033 689 1098 Voffium
706 1037 840 1107 omittit,
867 1059 883 1098 a
904 1057 967 1119 quo
985 1037 1101 1119 repost-

63 1155 136 1202 tum
160 1135 282 1226 ontific,
313 1138 398 1220 quod
422 1151 455 1199 et
474 1137 661 1222 posteriorer
680 1135 808 1198 adsensu
834 1137 889 1200 iuo
914 1139 1100 1220 probarunt.

63 1259 268 1303 rzscnvcnn
321 1239 482 1323 Omittit.)
535 1235 652 1329 Omific
676 1239 719 1300 est
739 1241 866 1321 antiqua
886 1241 991 1309 lectio.
1014 1241 1102 1322 quod

63 1363 230 1425 perperam
251 1355 425 1402 mutarunt.
477 1338 604 1423 Nempe
623 1342 711 1410 dicit,
739 1340 795 1400 ubi
812 1357 918 1422 raptor
934 1361 1037 1402 unum
1061 1342 1101 1403 do

63 1445 176 1506 catulis
191 1443 313 1512 omitit.
340 1443 411 1504 iliae
431 1445 609 1522 proiectum
625 1443 805 1522 excipiunt,
836 1456 869 1504 et
889 1443 927 1504 ad
947 1441 1102 1504 cunabula

63 1544 116 1606 sua
132 1543 282 1606 referunt.
334 1545 386 1606 Sic
401 1543 519 1604 habent
535 1563 632 1604 manu
646 1544 761 1604 exarati
782 1543 866 1614 libri,
892 1563 960 1604 non
977 1541 1101 1614 cubilia,

63 1661 101 1706 ut
122 1647 234 1730 vulgo.
268 1664 408 1708 vossrva.
461 1641 645 1706 adsentitur
666 1645 700 1704 in
722 1644 780 1704 hac
801 1645 956 1716 lectione,
982 1647 1004 1706 ss
1026 1665 1102 1706 cum

66 1750 91 1810 1.
112 1747 281 1808 Gronorio
304 1759 425 1808 etanta
445 1743 562 1806 rabiem
584 1743 745 1814 inseratur,
771 1749 867 1808 etiam
891 1747 1103 1831 Cannegiete·

64 1869 120 1912 rua
144 1850 183 1910 ad
210 1849 373 1910 Avianum
397 1865 423 1908 c.
448 1847 469 1908 Ι.
502 1865 566 1927 qno
600 1861 706 1908 tamen
729 1845 831 1908 eiecto
856 1849 974 1910 rectius
999 1845 1105 1909 censet

66 1950 208 2019 omittit.
239 1952 311 2030 quia
333 1961 365 2010 et
383 1948 506 2010 Plinius
532 1959 585 2024 ιθ,
612 1959 669 2024 25.
690 1945 711 2010 i.
733 1959 787 2024 ¹8·
814 1947 933 2010 Melam
963 1947 1103 2012 referens

65 2051 177 2112 scribat
198 2047 320 2110 abiicit.
374 2049 416 2110 At
440 2047 560 2109 diversa
582 2049 625 2110 est
647 2051 681 2108 in
703 2048 812 2110 Plinio
836 2051 1021 2112 narrationis
1041 2049 1106 2112 for·

65 2174 136 2222 ma,
164 2171 243 2232 quae
267 2153 390 2235 vnigari
411 2151 563 2230 planaque
586 2151 637 2210 via
661 2151 821 2232 procedit;
862 2150 1106 2236 Pomponiam
1135 2223 1142 2242 Ι

66 2253 336 2316 accommodatior
351 2251 394 2312 est
408 2255 517 2332 utique
534 2247 648 2343 oneifin
674 2253 722 2312 uti
738 2269 822 2316 recte
841 2253 950 2328 docuit
970 2249 1104 2316 Vossruo.

68 2357 150 2417 Inde
164 2355 259 2416 etiam
276 2347 390 2444 omiffis
405 2353 439 2412 in
455 2353 617 2414 codicibus
634 2354 788 2434 plerisque
805 2355 886 2416 male
906 2369 1035 2416 enatum
1053 2353 1106 2426 est.

66 2458 156 2539 quod
171 2457 209 2517 ad
230 2457 416 2544 proximum
435 2451 638 2516 referendum
656 2467 804 2537 putarent
825 2443 954 2518 librarii.

146 2655 402 2740 proiectum)
453 2657 537 2720 Gud.
565 2669 744 2738 porcetum,
776 2657 862 2738 qnod
890 2671 945 2720 aut
969 2657 1108 2720 traiectis

69 2761 170 2822 literis
196 2761 279 2820 valet
300 2763 489 2838 proiectum,
522 2773 576 2820 aut
605 2761 712 2840 potina
741 2771 933 2840 porrectum,
965 2761 1012 2820 uti
1035 2759 1110 2820 Bar·

71 2863 162 2924 thiua
179 2863 217 2922 ad
241 2863 331 2922 Statii
353 2859 457 2922 Theb.
476 2862 508 2930 6,
529 2861 777 2938 747.·mutabat
798 2863 830 2920 in
856 2861 977 2922 Valerio
999 2861 1109 2922 Flacco
1236 2927 1239 2935 ¹
1314 2919 1318 2928 ,

70 2975 107 3044 4,
132 2965 216 3039 268.
251 2975 283 3023 et
304 2975 412 3024 contra
435 2963 563 3042 quidam
587 2961 746 3022 malebant
773 2964 807 3022 in
832 2961 951 3044 Nepot.
974 2961 1111 3024 Chabria

70 3085 99 3126 c.
125 3087 154 3126 ι.
180 3063 235 3122 ubi
254 3061 294 3124 cs.
320 3063 505 3124 Lambinus.
557 3061 691 3124 Praestat
721 3065 774 3124 hic
803 3077 932 3146 propter
963 3065 1112 3124 adiuncta

70 3167 265 3248 proiectum,
291 3166 338 3224 uti
362 3165 510 3244 deinceps
532 3165 709 3241 excipiunt,
735 3185 793 3246 pro
815 3185 879 3246 quo
896 3165 1003 3228 (libin.
1030 3165 1113 3225 Vati·

72 3287 145 3330 can.
171 3287 198 3328 ι.
221 3263 302 3327 forte
318 3265 414 3326 etiarn
431 3265 546 3328 Venet.
566 3277 599 3325 et
617 3265 723 3328 Havn.
745 3285 818 3326 cum
835 3267 985 3332 omnibns
1001 3268 1115 3328 editio·

70 3369 170 3432 nibua
193 3368 231 3428 ad
261 3364 409 3428 Voffium
433 3367 590 3427 dederunt
616 3368 793 3444 acciptnnn
826 3369 873 3428 itti
902 3369 995 3428 altera
1019 3369 1113 3430 lectio
1180 3408 1183 3414 .

72 3471 175 3534 hodie
194 3481 318 3550 recepta
336 3481 369 3530 et
390 3489 408 3530 a
429 3467 557 3550 reliquie
576 3467 742 3531 codicibus
760 3467 885 3530 suffulta
907 3470 1050 3532 debetur.

155 3667 336 3752 cubilia)
385 3671 432 3732 Ita
466 3689 579 3733 ornnes
605 3669 678 3732 libri
710 3671 806 3734 etiam
841 3671 956 3734 Zaluic.
993 3685 1116 3756 praeter

74 3771 163 3856 Lips.
186 3787 220 3834 et
235 3769 316 3834 forte
339 3770 497 3834 Parisrens.
520 3793 548 3835 ι.
574 3773 607 3833 in
624 3773 739 3854 quibua
755 3773 798 3836 est
814 3773 981 3835 currabnla.
1025 3775 1117 3836 Idem

76 3897 117 3940 ex
136 3873 198 3936 suia
218 3873 341 3937 MSStia
357 3887 447 3935 notat
470 3871 614 3944 Voffiua,
645 3877 699 3936 cui
719 3891 752 3938 et
770 3875 813 3935 ita
831 3875 925 3938 edere
940 3874 1042 3938 visunt
1064 3875 1117 3946 est,

78 3977 230 4059 sequente
247 3977 272 4038 t.
290 3975 459 4036 Gronovio
475 3975 508 4034 in
527 3973 589 4036 tota
609 3976 660 4038 ed.
677 3987 738 4052 4ο.
767 3995 971 4040 rztctrvnrta.
1027 3978 1117 4038 Vnde

78 4081 131 4140 ista
158 4078 296 4140 motatio
322 4078 440 4158 placuit
464 4071 602 4138 Voffio?
652 4077 741 4139 Editi
771 4091 940 4140 antaeum
965 4091 998 4140 et
1024 4077 1117 4141 MSS.

20 4181 24 4186 ’
78 4201 208 4264 quoque
233 4175 360 4243 cubilia.
409 4179 462 4242 An
485 4197 553 4240 non
576 4197 612 4241 ea
635 4199 710 4242 vera
735 4180 823 4242 vox?
871 4183 923 4243 An
949 4199 1016 4242 non
1042 4181 1120 4242 illuc
