2826 4936
330 447 390 518 ιι4
626 439 875 500 rourourr
916 438 1081 498 uncte

331 613 462 686 aestate,
496 632 563 677 nox
590 635 649 698 pro
679 617 799 680 hieme.
851 613 969 678 Melior
999 633 1075 700 ergo
1098 611 1139 676 est
1160 608 1327 695 quorundam
1372 649 1373 674 1

332 717 490 780 librorum
512 717 625 789 lectio,
659 721 714 800 qui
739 717 830 780 nives
851 717 905 780 hio
929 716 1096 789 exhibent,
1132 713 1207 797 quod
1226 711 1328 774 reduxi·
1372 725 1373 782 t

335 839 421 882 mue.
453 837 594 882 voeerve.
643 818 773 882 Hiemer
785 809 916 911 sedent,
944 819 1030 901 quod
1052 814 1329 894 estinMSStieple·

332 923 458 1003 tuque,
489 919 574 982 mihi
598 937 666 984 non
690 922 851 1004 displicet,
878 933 915 982 ut
937 919 1047 981 bruma
1069 921 1188 980 haereres
1206 911 1329 998 eqttiioni·
1372 911 1373 952 t

333 1019 392 1084 bus
407 1023 552 1084 Lucanus
563 1031 598 1102 4,
613 1035 672 1100 50.
697 1023 754 1084 ubi
764 1043 796 1086 v.
813 1034 882 1086 not.
901 1023 977 1084 stae
992 1019 1102 1083 bruma
1114 1019 1226 1102 pruinis
1239 1017 1329 1079 Arion.
1372 1053 1373 1098 t

333 1120 398 1186 iub.
417 1139 477 1204 29.
495 1125 540 1186 in.
577 1142 842 1187 ovneunonetre
858 1125 890 1186 in
909 1137 988 1186 nota
1005 1125 1043 1187 A.
1062 1121 1214 1184 Gronovii.
1258 1115 1330 1180 Addo

334 1225 492 1288 calculum
514 1223 668 1306 impuliue
689 1225 915 1308 plerorumque
935 1243 1003 1286 non
1023 1223 1133 1294 folum,
1158 1220 1205 1283 sed
1225 1231 1253 1280 et
1270 1216 1331 1298 opti·

335 1345 465 1388 morum
480 1327 627 1390 codicum
644 1327 841 1398 testimoniis,
859 1327 1035 1408 maiorique
1050 1326 1197 1388 orationis
1210 1319 1332 1404 pondere.

337 1426 466 1510 Nempe
482 1428 700 1512 Pomponius,
730 1429 820 1510 quod
837 1442 869 1491 et
889 1429 1028 1512 epitheta
1046 1427 1213 1494 declarent,
1240 1419 1332 1482 variare
1372 1435 1373 1446 *

335 1542 369 1592 et
385 1529 474 1611 priuo
495 1531 662 1592 intendere
679 1531 801 1601 voluit,
826 1531 939 1612 inquo
960 1541 1118 1611 praeterea
1134 1528 1229 1590 utitur
1243 1543 1274 1587 oa
1290 1517 1335 1581 ior·

336 1649 404 1700 mu,
437 1651 498 1712 qua
521 1628 621 1692 diviie
642 1632 723 1692 dixit
748 1647 781 1703 Ω,
806 1647 839 1704 2,
864 1646 897 1706 7.
925 1621 1045 1722 diuisos
1066 1622 1177 1722 spretio
1195 1625 1334 1709 pelagoque

336 1744 449 1795 terras.
500 1733 553 1795 Sic
574 1746 745 1816 utrumque
764 1731 978 1802 vocabulum,
1011 1744 1068 1792 aut
1091 1745 1172 1794 certe
1197 1737 1335 1812 cognatum

335 1851 459 1905 unum,
493 1835 660 1920 coniungit
685 1834 798 1898 Cicero
822 1853 880 1920 pro
909 1833 1016 1896 Rebir.
1043 1833 1128 1896 Post.
1150 1850 1211 1912 cap.
1234 1839 1282 1906 15.
1300 1823 1338 1882 vti

328 1925 496 2025 frigorum
516 1935 687 2020 hiemsque,
718 1949 751 1996 et
765 1935 805 1997 stc
820 1937 877 1998 ulia
895 1935 1005 1996 omitia
1021 1935 1054 1997 in
1071 1931 1246 1997 auctoribus
1258 1943 1339 1991 occur·

336 2050 429 2107 runt,
463 2055 542 2120 quae
573 2038 810 2119 amplificandae
839 2053 872 2100 et
893 2037 1097 2118 explicandae
1121 2035 1249 2098 orationi
1267 2025 1338 2089 inier-

336 2139 444 2200 vinnt.
496 2137 566 2200 Nec
583 2137 692 2209 obstat,
715 2139 874 2221 quodlib.
894 2154 926 2210 Ξ,
948 2160 976 2200 ι.
995 2138 1040 2198 in.
1062 2137 1197 2222 legitur:
1221 2131 1338 2215 proeium

336 2237 485 2300 cadentes
505 2231 623 2329 affidue
642 2242 730 2301 niues
748 2241 837 2302 invia
855 2231 1003 2334 efficiunt,
1025 2239 1082 2300 ubi
1101 2256 1238 2300 connexe
1251 2229 1339 2294 melius

335 2336 532 2423 respondent
556 2339 649 2422 seque
675 2342 816 2403 invicem
837 2339 997 2404 iustinent.
1049 2341 1094 2402 At
1115 2341 1169 2401 hic
1193 2339 1265 2400 ultra
1282 2328 1340 2394 dhi-

335 2460 431 2524 paeos
454 2453 584 2504 monton
605 2443 815 2527 progreditur,
841 2461 919 2524 qnae
942 2439 1062 2504 censum
1078 2443 1217 2520 nivium,
1237 2437 1339 2498 hiemet

335 2543 438 2626 mugio
462 2556 496 2606 et
520 2543 687 2630 lubentius,
707 2545 893 2607 admittunt.
957 2543 1026 2606 Nec
1051 2542 1167 2613 video,
1203 2539 1253 2622 qui
1277 2531 1341 2595 Mela

336 2655 463 2728 peccet,
497 2665 596 2726 quum
618 2645 719 2728 postea
746 2646 812 2708 dies
838 2643 994 2708 semestres
1018 2655 1260 2710 commemoret,
1287 2633 1341 2716 quir

338 2745 415 2808 iude
431 2745 493 2809 hoc
508 2759 631 2808 tannem
647 2743 799 2817 efficitur,
819 2766 886 2809 non
904 2759 969 2808 tarn
986 2759 1154 2829 perpetuas
1172 2743 1228 2807 effe
1244 2754 1273 2803 et
1290 2733 1342 2818 rigi·

339 2847 394 2910 dne
415 2846 555 2920 hiemee,
580 2859 616 2908 u't
632 2845 753 2911 incolae
775 2847 885 2930 procul
902 2849 1064 2931 repellant.
1120 2847 1249 2910 Facilius
1261 2853 1344 2902 nutem

338 2967 405 3010 vox
421 2949 534 3011 dientes
547 2963 666 3012 mutata
682 2949 804 3012 transiit
820 2950 853 3010 in
869 2951 966 3021 nives,
990 2948 1077 3030 quod
1090 2947 1143 3030 τῷ
1156 2939 1264 3038 ssdeni
1279 2938 1346 3000 ride·

337 3062 427 3112 retur
453 3051 740 3123 accommodatius,
773 3066 821 3120 et,
855 3071 931 3112 cum
954 3050 1058 3112 hieme
1082 3034 1224 3134 rigorem
1248 3039 1348 3105 iurent,

338 3149 430 3212 idemx
446 3151 530 3214 Mela
546 3153 678 3216 reddere
695 3159 870 3237 cogeretur.
924 3150 1036 3234 Neque
1055 3165 1164 3213 temen
1185 3141 1348 3232 pertinacius
1372 3187 1373 3192 η

338 3253 374 3312 in
397 3253 492 3314 ultera
516 3274 595 3316 voce
616 3256 750 3324 renitor,
784 3271 862 3335 quae
879 3253 1049 3316 commode
1068 3254 1166 3314 etiam
1187 3251 1248 3311 huc
1263 3237 1351 3307 referri

337 3353 450 3436 potest.
503 3357 646 3418 Tantum
660 3357 808 3421 codicum
823 3355 938 3418 maiori
954 3372 1103 3427 numero,
1130 3372 1206 3416 cum
1221 3369 1267 3414 ree
1285 3357 1352 3430 prte-
1372 3335 1373 3384 ἶ

337 3468 442 3528 retur,
469 3455 555 3518 dedi.

415 3655 737 3745 intolerabilis)
788 3655 928 3727 vindob.
951 3655 1063 3724 omiffo
1083 3673 1116 3723 et
1139 3657 1235 3722 hebet
1254 3647 1355 3716 incolit·

338 3752 449 3822 rabitis
471 3762 626 3842 rigorum
650 3765 739 3847 priue
754 3767 850 3827 etiarn
867 3767 909 3826 ita
924 3743 1062 3826 efferunt
1078 3759 1162 3844 Lipt.
1184 3757 1265 3823 Gud.
1285 3749 1354 3815 ueh-

341 3861 442 3944 diger.
463 3864 554 3948 Prag.
571 3885 647 3927 cum
661 3867 711 3928 ed.
736 3875 790 3946 ¹3·
824 3869 911 3928 Tunt
926 3884 984 3947 pro
999 3855 1113 3956 sedent
1130 3863 1273 3925 Perizon.
1289 3851 1355 3915 male

339 3963 471 4046 praebet
490 3961 567 4050 stuc.
598 3966 673 4029 Post
687 3965 795 4031 Cibin.
814 3969 950 4050 Seytici;
975 3965 1114 4028 vindob.
1133 3963 1264 4025 simae-i
1291 3951 1355 4016 Inde

304 4089 309 4098 ·
339 4059 453 4125 Venet.
477 4065 562 4130 Gud.
592 4081 623 4128 et
654 4070 687 4129 in
712 4090 827 4145 utrum
874 4068 1048 4151 Rehdiger.
1073 4086 1182 4128 ornnes
1211 4052 1242 4122 ἐι
1266 4073 1354 4120 unum.

339 4182 539 4229 uzecnvcnn
590 4168 625 4230 Si
646 4170 681 4230 in
701 4169 752 4232 hie
773 4171 880 4235 verbio
897 4191 964 4232 non
988 4167 1062 4232 effer
1081 4164 1280 4250 depravatio,
1312 4149 1355 4215 fibi
