2784 4944
354 462 784 538 mnncmtn
964 477 1184 560 ·uoy

52 635 230 702 Volturnus
251 637 362 722 virgis.
390 639 467 700 Aen.
495 657 528 718 7,
553 651 637 717 729.
664 637 819 700 constanti
841 637 988 702 codicum
1012 659 1087 702 cou-

51 739 140 802 sensu.
185 741 233 800 sta
258 759 336 801 vero
352 753 384 800 et
402 741 510 802 Graeci
531 741 664 801 variant.
703 739 816 802 strabo
837 751 870 816 5.
886 761 916 822 p.
935 763 979 806 m.
1004 745 1083 822 1634.

51 839 69 902 s.
87 857 165 920 233.
191 857 225 904 et
248 843 323 901 aiibi
345 831 564 928 Οὺλτοῦρνος.
618 839 750 915 Dionys.
769 841 869 906 Hasic.
888 859 920 920 7,
943 857 975 924 3.
1010 845 1087 906 Pto·

49 943 181 1005 lemaeua
215 933 463 1026 Οὐολτοῦρνος.
499 943 554 1006 etti
589 944 622 1004 in
660 955 798 1024 utroque
832 963 906 1004 cum
939 959 1086 1008 accentus

50 1045 237 1108 diver‘itate.
292 1043 393 1108 Possit
415 1047 495 1106 hanc
517 1043 651 1106 sortuatu
670 1043 802 1126 probare
818 1043 979 1127 inscriptio
1000 1049 1086 1129 aptus

50 1147 188 1207 Gndium
217 1169 250 1230 p.
270 1162 328 1218 7t.
351 1169 384 1208 n.
400 1159 435 1226 4.
459 1169 479 1208 a
500 1161 597 1226 porto
617 1143 652 1206 V
650 1145 755 1206 ottnrn
774 1144 819 1206 nd
836 1147 951 1216 vicum.
975 1148 996 1208 si
1019 1151 1087 1232 qui·

48 1249 113 1308 dent
138 1249 208 1310 huc
226 1251 396 1328 pertineat.
449 1249 495 1310 sta
514 1245 703 1308 dissentiunt
724 1241 834 1328 passtm
851 1249 910 1308 riri
927 1249 1031 1319 docti.
1054 1265 1088 1312 et

47 1353 81 1409 ati
100 1353 300 1413 Frontinum
318 1363 349 1428 3.
376 1363 428 1430 tto.
449 1365 480 1412 a.
517 1349 645 1412 Muttine
659 1361 690 1410 et
705 1349 734 1408 Τ
736 1349 885 1412 ennuiiue
901 1351 1037 1432 probant
1058 1371 1089 1422 rt,

48 1468 148 1514 contra
174 1453 436 1532 Ontseruiorpiue
460 1451 497 1510 ad
524 1469 553 1518 2.
578 1467 609 1520 2.
632 1466 664 1522 7.
691 1447 873 1532 praeferto.
928 1453 1090 1532 Discepta-

47 1555 163 1616 tionem
183 1555 317 1635 peperit
341 1573 405 1612 uon
425 1555 585 1632 utriusque
608 1549 709 1612 solunt
729 1549 847 1612 formae
867 1548 955 1622 usur.
990 1553 1038 1614 seri
1058 1567 1091 1616 et

46 1655 78 1714 in
92 1677 202 1716 eautm
223 1657 389 1716 literarum
414 1656 445 1714 iu
463 1657 571 1716 multia
590 1653 694 1714 verbio
711 1651 885 1733 promiscua
902 1655 1090 1726 conioctttiO.

45 1757 140 1818 veluti
164 1756 301 1836 volgus,
322 1755 446 1826 volnus,
465 1761 569 1838 qrtoiu,
593 1745 731 1845 occissus.
753 1767 785 1814 et
805 1753 839 1814 V
839 1747 925 1846 uisci,
952 1755 986 1817 V
985 1753 1092 1848 ttsfittt's

46 1859 163 1941 aliaque
188 1859 350 1940 piurima,
385 1877 463 1938 qnae
484 1871 516 1918 et
539 1857 681 1938 conlegit
705 1855 865 1918 Drakenb.
884 1856 922 1916 acl
943 1859 1012 1920 [ἰν.
1033 1871 1091 1942 39.

46 1973 101 2039 53,
125 1979 159 2025 2.
196 1975 233 2022 et
257 1961 299 2018 de
329 1961 579 2020 commutatione
603 1959 767 2038 utrimque
787 1957 884 2019 Corte
911 1959 949 2020 ati
971 1959 1091 2024 Sallust.

45 2063 134 2124 Catii.
158 2073 226 2140 44.
253 2075 288 2138 3.
321 2059 447 2120 Vrsiuue
462 2061 499 2120 ad
517 2061 618 2122 Cicer.
638 2059 732 2122 Cattt.
757 2071 788 2138 3.
813 2071 846 2136 5.
881 2059 1037 2122 Graevius
1059 2075 1092 2122 et

45 2165 197 2226 Garaton.
224 2163 264 2222 ad
292 2175 324 2240 3,
353 2181 382 2224 t.
417 2181 445 2230 t.
468 2173 501 2237 5.
554 2163 589 2222 sn
618 2161 729 2222 multia
760 2159 948 2222 nominibus
974 2163 1094 2243 lapidee

42 2281 168 2328 reterea
191 2279 227 2324 et
252 2283 326 2324 moe
348 2263 417 2324 aevi
437 2263 598 2342 Tulliani,
626 2281 721 2342 quem
748 2259 801 2322 sub
820 2261 956 2346 Augusto
978 2267 1094 2326 mutari

42 2383 198 2450 coeptum
220 2364 284 2426 esse
299 2385 337 2424 ex
355 2377 571 2426 monumento
590 2365 755 2442 Attcyrano
772 2363 881 2424 docuit
899 2363 1039 2428 Noristue
1056 2367 1095 2427 ad

41 2468 233 2552 Ceootapit.
259 2464 321 2528 Pis.
345 2475 378 2546 4,
404 2475 438 2544 4.
463 2486 495 2546 p.
519 2465 590 2546 469
616 2463 657 2546 sq.
688 2464 859 2546 postulant,
885 2479 922 2524 ut
946 2465 1095 2528 scribatur

41 2573 71 2632 in
94 2573 271 2635 Cicerone
296 2579 328 2628 et
350 2565 531 2647 aequalibus
557 2587 586 2628 o.
647 2567 795 2626 Attamen
818 2585 852 2626 ea
877 2569 957 2626 ratio
982 2571 1096 2630 necin

41 2673 199 2734 omnibus
218 2671 333 2729 iocum
350 2667 519 2728 obtinuisse
541 2667 683 2738 videtur,
709 2687 768 2729 nec
788 2665 964 2750 siugulatim
984 2671 1016 2730 iu
1035 2671 1096 2732 boc

41 2779 201 2843 nomine,
234 2771 285 2830 uti
304 2767 460 2849 superiora
482 2770 618 2839 doceut;
644 2785 740 2852 quare
761 2769 970 2830 recentiorem
987 2771 1096 2832 sectio·

40 2899 110 2938 nem
130 2895 210 2937 nou
233 2871 372 2934 mutavi.
411 2869 485 2933 Posi
504 2869 611 2932 omissa
632 2870 748 2932 lineola
769 2867 940 2934 transversa
957 2871 1108 2944 vindob.

40 2980 190 3061 topnrtt'e.

109 3185 136 3244 S
143 3183 191 3241 ἰη
203 3197 228 3237 ιι
239 3199 256 3234 e
258 3163 293 3266 s
282 3165 312 3264 s
313 3195 333 3234 o
343 3173 361 3254 )
397 3175 496 3236 Vatic.
519 3191 548 3238 ι.
572 3171 656 3256 Lips.
673 3175 754 3236 Ven.
773 3173 914 3236 Vindob.
939 3166 1099 3262 Sinoeffiu·

38 3284 199 3348 ciaccon.
223 3277 313 3338 (iud.
335 3275 473 3360 iiehdig.
499 3268 657 3364 Siureffm·
684 3277 773 3359 Prag.
793 3267 929 3364 Sictrffo,·
954 3275 1047 3338 Paris.
1069 3299 1097 3340 t.

39 3375 232 3474 3⁶¹i‘5ffa3
261 3375 355 3440 Paris.
383 3369 514 3469 Sirtcsa,·
540 3379 637 3438 Vatic.
656 3391 688 3456 3.
713 3369 839 3464 Stteffa,·
864 3379 916 3438 alii
933 3397 1005 3438 cum
1025 3379 1099 3441 orici.

40 3479 207 3577 Siuueffa.
248 3497 450 3540 Tzscttvotta.
501 3479 681 3560 Stephanus
708 3469 865 3566 Sittotffa.
893 3480 1005 3560 inquo
1024 3477 1098 3540 falso

41 3591 157 3674 legitur
193 3579 274 3672 [uti
299 3583 429 3660 quidem
453 3581 486 3640 in
515 3581 578 3641 hoc
602 3594 701 3640 tractu
726 3572 824 3664 solet]
858 3577 1011 3654 Σικελίας
1040 3601 1098 3662 pro

41 3687 205 3754 Ἰταλίας.
266 3681 380 3744 Strabo
399 3683 512 3750 variat.
540 3683 640 3742 motio
663 3671 820 3770 Situteffa,
844 3683 941 3744 modo
960 3671 1100 3770 Sinotffa

45 3788 119 3878 [ciffi
144 3780 245 3875 post]
271 3781 449 3866 proferent.
489 3785 525 3844 ln
544 3781 719 3846 Ptolemaei
734 3783 964 3866 exemplaribus
981 3783 1030 3860 [3.
1054 3785 1099 3862 t.]

42 3896 70 3954 in
103 3915 163 3956 nra
206 3885 409 3964 Campaniae
435 3881 508 3948 salso
535 3887 631 3946 etiam
660 3883 810 3968 scriptum
838 3885 881 3947 est
910 3877 1016 3973 Soeffo
1042 3905 1099 3966 pro

43 3988 205 4086 Strrneffa.
272 3985 402 4048 Constat
436 3987 521 4047 enim
556 4007 595 4048 ex
621 3986 778 4050 Strabone
809 3981 863 4074 [5.
886 4007 918 4066 p.
947 4007 990 4048 nt.
1020 3987 1100 4060 167.

41 4096 59 4160 t,
81 4113 171 4176 242,
203 4105 243 4154 et
269 4111 303 4171 p.
322 4109 364 4151 m.
389 4089 467 4150 161.
487 4087 507 4151 s.
526 4083 632 4176 233]
655 4089 849 4148 maritimam
863 4087 923 4150 esse
939 4089 1101 4150 civitatem
1139 4165 1143 4176 ι

40 4201 134 4262 Latii.
182 4181 307 4280 Smffn
331 4207 442 4251 autem
465 4190 560 4253 altera
584 4191 626 4252 esi
650 4193 684 4252 in
707 4191 938 4254 mediterraneo
958 4189 1102 4252 eiuetietu
1197 4223 1201 4236 ·

86 4323 195 4392 Pomp.
225 4308 325 4368 Meso·
355 4307 394 4364 L.
414 4309 451 4364 ss.
749 4293 772 4354 Ζ
