2752 4944
309 389 369 450 ego
597 375 848 436 POMPONH
890 377 1055 433 MELAE

310 551 456 612 lectione.
495 548 619 612 Notum
641 551 699 621 esi.
726 571 821 633 quam
837 553 939 612 multa
954 571 993 614 cx
1011 549 1073 614 hoc
1092 560 1216 612 anctore
1234 545 1332 609 hause-

310 653 375 711 rint
397 671 508 713 omnes
527 650 591 714 sere
613 653 842 738 Glossographi.
892 653 956 714 Pro
974 673 1013 715 eo
1027 673 1121 724 vero,
1144 651 1231 732 qood
1248 651 1287 711 est
1303 651 1334 708 in

312 751 499 814 melioribus
524 754 603 816 Festi
632 755 804 825 codicibus,
833 753 1052 826 Addubanum,
1078 751 1217 822 dubium,
1250 769 1332 833 repo·

312 853 531 916 nendnmesse
556 855 705 927 arbitror,
739 877 807 918 non
827 857 875 916 uti
894 857 1030 938 Scaliger
1048 853 1257 921 existimabat,
1289 849 1335 914 Aa

311 952 491 1025 dubiorum,
528 955 578 1016 sed
600 977 676 1018 vero
704 957 870 1027 adduam,
904 955 1040 1018 Dnbim.
1104 953 1258 1018 confudit
1287 952 1334 1012 ista

313 1057 378 1116 duo
400 1057 530 1117 flumina
548 1059 669 1127 Festus,
696 1059 748 1118 vel
766 1061 906 1120 nonrinic
927 1060 1029 1139 aliqua
1048 1056 1262 1124 similitudine,
1287 1053 1334 1112 vel

311 1158 396 1237 quod
417 1179 454 1217 ex
480 1159 594 1220 iisdem
625 1159 770 1222 sontibnt
792 1163 962 1242 provenire
988 1157 1124 1242 legisset,
1166 1159 1214 1218 uti
1243 1155 1334 1234 existi·

311 1273 439 1318 morunt
460 1275 606 1321 vetennn
630 1263 787 1322 nonnulii.
838 1262 898 1322 Sed
923 1261 1004 1321 nihil
1025 1257 1196 1328 efficimus,
1228 1256 1334 1317 nisiex

310 1357 377 1439 ipso
394 1359 521 1422 Caesare
535 1381 645 1422 verum
662 1363 723 1423 hoc
739 1361 797 1422 esse
815 1362 1025 1424 ostendamus.
1060 1363 1090 1424 le
1106 1359 1293 1444 igitur'libro
1307 1375 1333 1418 t.

311 1461 449 1522 debello
467 1462 586 1524 Gallico
608 1460 656 1551 [c.
676 1458 753 1550 58.]
778 1465 817 1524 de
832 1461 1025 1524 Vesontione
1043 1463 1121 1525 urbe
1142 1463 1236 1522 dicit:
1268 1457 1333 1518 Fiu-

310 1583 378 1622 tnen
407 1561 591 1634 Alducsbis,
624 1577 660 1625 ut
688 1567 802 1624 circino
829 1565 1092 1632 circumductum,
1126 1585 1205 1643 pene
1237 1573 1331 1621 totum

309 1662 462 1742 oppidum
486 1665 597 1744 cingit.
650 1666 801 1727 Melioree
815 1666 888 1726 libri
910 1667 1021 1750 legunt
1037 1661 1260 1730 Aldnasdnbis‚
1287 1659 1334 1719 vel

307 1761 545 1834 Abdicardnbir,
579 1781 725 1846 corrupte
749 1788 807 1848 pro
836 1767 983 1834 Addunt,
1009 1764 1127 1826 Dubis.
1187 1764 1247 1826 Sed
1270 1779 1334 1842 pro·

306 1861 391 1925 fecto
413 1859 569 1947 scripserat
589 1867 713 1928 Caesar:
753 1867 882 1930 Flumen
903 1865 1022 1928 Dubis.
1090 1867 1238 1928 Alterum
1261 1879 1332 1922 vero

308 1968 378 2044 quis
403 1967 465 2024 iam
491 1987 558 2028 non
581 1969 689 2029 videat
710 1990 749 2030 ex
777 1970 838 2031 hoc
859 1969 938 2030 Fessi
968 1970 1043 2030 loco
1070 1987 1127 2048 pro
1155 1967 1334 2046 interpreta-

306 2079 417 2126 mento
437 2065 524 2128 fuisse
547 2067 762 2150 adscriptum?
803 2090 943 2131 vocsrvs.
1000 2071 1050 2129 De
1070 2067 1219 2134 Narone,
1254 2065 1334 2124 unde

304 2167 443 2227 Narona
468 2171 551 2230 dicta
577 2170 635 2240 est,
671 2191 738 2230 non
766 2183 883 2232 temere
917 2171 1045 2231 monuit
1070 2169 1246 2230 Pintianus.
1298 2167 1334 2226 tt

307 2267 382 2328 Nar
401 2283 530 2330 tuentur
552 2291 664 2332 omnes
687 2273 775 2341 libri,
812 2285 844 2332 et
863 2275 896 2331 in
917 2293 932 2332 r
954 2271 1125 2331 desinentia
1143 2269 1197 2330 hic
1217 2280 1250 2329 et
1266 2265 1335 2326 alibi

307 2386 492 2440 occurrunt,
526 2355 676 2454 nifi¹qnir
706 2374 785 2434 velit
807 2373 925 2432 Melam
950 2373 1134 2456 cognomini
1159 2369 1263 2430 fluvio
1287 2369 1335 2427 dc·

306 2485 433 2550 ceptum
458 2471 555 2534 inisse.
610 2475 704 2535 Forte
724 2489 829 2534 tamen
850 2475 929 2535 haec
951 2474 1126 2534 accolarum
1150 2469 1210 2529 snit
1227 2469 1333 2536 forma,

304 2573 355 2629 cui
373 2571 535 2656 scriptores
555 2573 639 2634 snam
655 2576 859 2658 popularium
879 2576 1077 2636 adleverunt.
1125 2571 1333 2634 Posteriorem

303 2671 397 2734 huius
417 2676 478 2736 loci
499 2691 639 2757 partem,
675 2677 707 2735 in
728 2697 788 2757 qua
807 2678 920 2759 ingens
937 2677 1094 2736 mendum
1115 2674 1214 2734 latere
1236 2671 1332 2732 exiiii·

303 2791 444 2836 maverat
471 2779 567 2837 etiam
593 2777 777 2846 Cluverius,
817 2779 860 2848 ita
889 2778 942 2836 ille
972 2778 1006 2835 in
1033 2775 1101 2835 Ital.
1128 2788 1194 2835 ant.
1224 2795 1254 2844 1,
1279 2791 1331 2832 21.

304 2893 337 2953 p.
359 2889 440 2954 205.
463 2891 580 2938 tentat:
612 2891 643 2938 et
665 2879 745 2938 assus
761 2899 781 2936 c
796 2876 967 2946 Danubio,
993 2877 1049 2958 qni
1072 2877 1135 2935 ianr
1157 2874 1264 2934 dictus
1285 2903 1332 2920 -

302 2975 571 3040 Emendationem
597 2977 684 3040 snam
716 2977 838 3041 Vossius
865 2981 928 3038 iam
955 2991 1045 3038 antea
1068 2974 1272 3058 proposuerat
1296 2973 1334 3032 ad

301 3075 463 3155 Scylacem
483 3101 514 3161 p.
539 3091 592 3158 14.
615 3083 665 3140 ed.
687 3082 712 3142 1.
731 3081 904 3147 Gronovii,
937 3081 992 3158 qui
1010 3079 1139 3142 inanem
1162 3090 1273 3156 vocat,
1300 3075 1332 3133 in

300 3184 444 3262 margine
464 3181 604 3240 reddidit
622 3181 737 3242 Lucius
755 3183 794 3241 de
813 3200 913 3265 regno
931 3181 1104 3240 Dalmatiae
1127 3195 1155 3247 ι,
1174 3194 1206 3239 2.
1224 3199 1256 3259 p.
1278 3177 1329 3238 ιδ.

298 3276 354 3336 ubi
377 3282 462 3340 hunc
480 3281 582 3342 Mesae
598 3282 703 3341 locum
725 3281 879 3362 adposuit.
929 3280 982 3341 Est
998 3283 1127 3361 quidem
1147 3279 1198 3338 itta
1220 3277 1330 3346 lenior,

297 3389 435 3441 attamen
466 3381 568 3441 Melae
601 3381 730 3442 obtrudi
764 3403 830 3443 non
856 3381 972 3464 potest,
1015 3383 1069 3462 qui
1102 3381 1267 3462 vulgarem
1292 3377 1329 3436 de

223 3549 225 3554 ,
299 3481 396 3544 altero
417 3483 482 3543 Istri
506 3484 594 3542 exitu
617 3503 756 3544 errorem
774 3483 903 3552 secutus,
929 3503 1003 3542 cum
1023 3501 1117 3543 verus
1134 3481 1209 3541 lsier
1225 3483 1330 3541 Danu·

297 3580 369 3646 biuo
384 3583 567 3666 adpellem,
587 3583 774 3644 Danubium
790 3587 884 3645 etiam
900 3584 951 3643 bic
967 3585 1048 3644 male
1064 3579 1208 3644 obtmsrt.
1242 3580 1329 3641 Talia

294 3704 362 3747 non
389 3700 452 3745 tam
484 3685 682 3772 corrigenda,
716 3705 812 3764 qnam
843 3669 1016 3768 castig'anda
1046 3683 1208 3744 videntur.
1258 3679 1329 3743 Nar

295 3789 391 3849 etiam
413 3786 508 3848 habet
531 3783 697 3847 Boccatius
719 3787 758 3846 de
776 3786 963 3847 fluminibus
984 3785 1018 3846 h.
1037 3803 1069 3847 v.
1100 3836 1103 3840 .

365 3989 496 4070 Acus)
531 3989 639 4051 Cibin.
660 3987 775 4068 aliique
791 4003 863 4048 cum
879 3986 1069 4068 quibusdam
1085 3985 1158 4047 edd.
1183 3997 1221 4045 ut
1237 3982 1325 4064 supra

290 4095 370 4158 Eas.
409 4095 460 4156 Sic
483 4088 577 4154 Paris.
599 4113 627 4154 1.
651 4089 848 4171 cpoliueam3
882 4087 981 4154 Vatic.
1001 4086 1205 4170 apollineum
1241 4081 1324 4166 Lips.
