2810 4944
330 449 418 506 Lm
448 447 487 502 11.
537 447 655 508 avil.
699 446 777 520 Μ.
1009 453 1072 524 403

69 633 184 701 corrupte
202 617 294 682 semel
313 620 435 701 Pyrrho
454 619 569 704 legitur
583 640 642 701 pro
662 619 795 684 Ciruuu.
833 619 917 682 Nam
932 621 1068 703 plurima

69 739 96 780 rr
114 722 184 782 liele
200 725 232 782 in
255 721 304 782 lua
328 721 471 782 Plinium
493 721 679 783 transtuliffe
702 721 830 784 constat.
873 723 909 784 lrl
934 723 953 780 ir
975 721 1067 796 foret.

68 837 184 884 eremtuu
203 821 276 884 effer
302 820 428 904 icrupue
448 822 520 894 ille.
555 824 609 904 qui
636 823 846 885 Hermolaum
870 825 910 885 de
929 827 1067 905 repetito

67 921 177 999 Pyrrhae
194 927 326 986 nomine
342 924 438 987 torlir.
488 925 550 985 Sed
568 923 649 984 nihil
670 923 777 992 statuo.
803 924 997 988 absterrerrre
1014 945 1068 990 mo

67 1025 127 1082 tauri
155 1027 292 1088 numinis
333 1026 463 1086 iudicio.
508 1043 694 1088 vauruuve.
770 1025 982 1108 Mariangelua
1016 1047 1069 1090 ex·

67 1139 160 1202 puncto
181 1127 278 1188 verbo
305 1125 436 1188 barbaro
461 1125 575 1188 Citava
607 1127 799 1207 Methymna
824 1125 958 1190 subiicit.
996 1147 1070 1190 errr-

66 1243 174 1290 neura.
227 1229 321 1289 Forte
342 1219 474 1317 Arisba.
508 1221 587 1314 [pro
613 1223 766 1314 Cimon]
819 1229 892 1290 Fuit
911 1231 945 1288 in
968 1229 1068 1292 Lelbu

66 1327 124 1386 urbr
140 1330 296 1408 quondam
317 1321 430 1418 Arisbe
450 1328 524 1390 telle
547 1329 665 1398 Plinio.
692 1323 737 1418 [c.
762 1325 807 1416 1.]
837 1347 876 1392 ex
895 1349 959 1412 quo
977 1331 1068 1394 libra·

66 1430 115 1488 riur
135 1429 287 1509 Cyruvum
311 1425 509 1518 [Ciravam]
535 1427 619 1492 lecit.
653 1449 866 1494 cruucourvo.
919 1433 1069 1496 inlibris

65 1529 223 1607 quibusdam
248 1529 478 1592 recentioribus
501 1526 573 1618 [erl.
591 1525 718 1616 vineo]
743 1527 890 1612 scriptum
913 1533 971 1594 eli:
999 1535 1069 1594 Ille·
1161 1555 1168 1566 ¹

65 1631 170 1709 rlymna
190 1631 355 1714 Mitylene.
406 1633 467 1694 Sed
486 1631 548 1692 hoc
569 1632 679 1714 procul
703 1631 802 1694 dubio
821 1633 863 1694 eli
883 1653 900 1694 a
924 1635 1067 1708 librariis.

64 1749 118 1790 cum
134 1733 197 1792 libri
220 1727 422 1820 [editiones]
445 1735 638 1814 antiquiores
656 1733 763 1816 legant
786 1735 916 1796 Ciraoa.
961 1736 1068 1808 Verur.

64 1832 206 1902 uillallor.
231 1835 327 1896 lectio
344 1831 414 1904 init,
437 1825 552 1924 Arisva
577 1853 633 1916 pro
654 1825 785 1924 Arisba.
821 1837 920 1916 Saepe
942 1839 1071 1898 monui·

63 1949 130 2004 uror.
155 1936 271 1996 lllelam
287 1937 480 2016 antiquiores
500 1933 584 2016 loqui
601 1935 746 1996 Graecor.
800 1937 866 1997 lam
887 1955 963 1998 vero
982 1951 1070 2000 ante·

63 2053 134 2112 quarn
150 2037 338 2116 Methymna
360 2035 444 2104 eliel.
472 2035 579 2098 Arilbe
604 2035 675 2099 fuit.
726 2037 838 2100 Strabo
861 2033 942 2124 [13.
966 2059 997 2122 p.
1022 2059 1067 2104 m.

62 2133 126 2212 406.
141 2135 159 2198 l.
177 2132 285 2223 590.]
311 2123 347 2222 ἦν
365 2133 398 2198 δὲ
412 2130 466 2199 καὶ
482 2134 511 2200 ἐν
527 2135 643 2218 Λέσβῳ
657 2131 751 2206 πόλις
766 2134 908 2226 Ἀρίσβῃ,
932 2134 944 2226 [
954 2175 996 2187 -
1019 2137 1070 2214 βα

64 2239 159 2300 rodicee
173 2242 235 2301 mei
251 2259 324 2299 cnm
338 2232 430 2323 eoo]
456 2223 492 2322 ἧς
512 2233 570 2322 ripv
587 2234 703 2324 χώραν
719 2233 833 2324 ἔχουσι
851 2239 1068 2328 Μεθυμναῖοι.

63 2327 271 2427 [Μηθυμναῖοι
297 2339 448 2402 exhibent
473 2339 544 2400 libri
569 2333 747 2425 meliorem]
812 2339 979 2422 Oppidum
1009 2344 1072 2404 hoc

64 2449 242 2503 terraemotu
264 2439 451 2502 intercidille
466 2441 594 2502 testatur
608 2442 742 2503 Plinius.
767 2441 808 2519 [a.
826 2443 863 2522 1.]
899 2443 947 2504 Ex
964 2442 1071 2506 Arisba

64 2555 119 2600 reru
133 2557 161 2603 et
178 2543 297 2604 imilla
313 2543 447 2604 conflata
469 2541 671 2624 postmodum
695 2541 737 2603 est
757 2542 958 2622 Methymna.
998 2563 1072 2608 voa·

64 2657 121 2701 arvr.
170 2647 306 2712 (lirano.
331 2644 416 2726 quorl
434 2657 654 2706 commentum
671 2643 713 2704 eil
729 2643 890 2706 editomm
913 2657 1070 2716 veterum.

64 2739 142 2806 inania
164 2747 258 2828 plane
274 2765 338 2806 vox
357 2745 418 2815 eli.
443 2765 539 2825 quam
554 2760 586 2806 et
606 2745 661 2806 libi
679 2745 770 2826 plane
794 2747 991 2830 incognitam
1010 2745 1070 2808 elle

64 2845 193 2920 praedicat
215 2847 361 2909 Orreliuo
383 2848 416 2906 in
442 2843 586 2907 thesauro
610 2845 727 2928 Geogr.
755 2845 786 2908 h.
814 2869 846 2908 v.
881 2850 935 2928 qui
956 2866 1012 2930 pro
1033 2867 1070 2908 ea

63 2947 130 3004 malit
146 2949 247 3008 lrava
271 2949 291 3010 i.
308 2967 336 3010 e.
356 2949 430 3015 Ira.
455 2967 549 3028 quarn
564 2945 742 3008 Eustathiue
755 2947 793 3008 arl
812 2948 990 3009 Humerum
1012 2967 1070 3029 pro

63 3041 134 3106 Lelbi
154 3048 271 3109 insulae
292 3049 368 3109 urbe
389 3047 544 3131 agnoscat.
595 3049 621 3110 C
644 3061 762 3118 autern.
790 3049 909 3111 initiale
931 3051 1071 3111 elemen-

63 3155 116 3206 luru
133 3169 148 3210 a
167 3151 295 3211 librario
317 3153 474 3212 adiectum
497 3162 588 3232 prrrat
612 3169 628 3208 a
657 3151 873 3232 prrrecedenrie
896 3153 984 3212 vocis
1008 3151 1071 3212 ele·

62 3261 150 3310 meuro
170 3253 273 3318 finali.
307 3251 393 3332 quorl
416 3251 599 3332 quamvieS
624 3251 658 3310 su
681 3269 738 3332 pro
761 3251 804 3318 C.
832 3265 954 3320 tamen.
981 3251 1071 3332 quod

61 3349 156 3432 rulgue
173 3365 206 3412 ut
225 3355 246 3415 S
270 3353 475 3435 pronunliare
493 3351 602 3420 lolear.
632 3372 669 3412 ex
690 3353 896 3434 praelegenlie
919 3373 973 3414 ore
995 3353 1071 3414 cala·

63 3464 104 3508 ruo
122 3451 304 3534 exprellum.
349 3453 434 3514 Haec
451 3452 603 3516 llrreliuo.
645 3453 707 3514 Sed
722 3471 780 3514 nec
795 3456 899 3538 magio
912 3455 988 3515 haec
1006 3473 1072 3516 vox

62 3555 164 3632 cognita
187 3555 230 3616 eli
260 3575 297 3614 ex
321 3555 406 3624 aliie.
449 3567 482 3614 et
513 3553 691 3614 Eustalhiue
720 3567 802 3614 ceule
828 3555 866 3614 arl
891 3556 1071 3616 Homerum

63 3647 148 3730 Odyll.
169 3669 199 3734 3.
225 3657 304 3734 169.
318 3675 349 3736 p.
370 3671 449 3717 120.
464 3655 552 3720 ssafil.
574 3675 639 3714 non
659 3657 746 3714 Iram
761 3655 866 3724 haber.
891 3655 939 3716 lerl
961 3647 1069 3744 lffom,

61 3769 135 3827 quam
158 3759 293 3818 eandem
319 3757 468 3816 Auillium
495 3755 554 3818 elie
583 3757 737 3818 adfirmat.
790 3755 840 3818 cf.
866 3758 951 3818 irlem
975 3759 1072 3818 eliam

62 3851 88 3908 ld
109 3855 140 3918 ll.
158 3877 189 3936 9.
213 3872 293 3936 rgo.
315 3877 346 3938 p.
363 3859 446 3932 63⁷.
472 3871 529 3932 ᾗ.
568 3859 665 3918 Recte
684 3858 781 3940 igitur
799 3859 911 3920 Cirauu
927 3859 958 3918 in
981 3857 1071 3918 dubi·

61 3955 192 4018 urionem
211 3973 331 4026 vocata.
356 3957 422 4040 post
437 3957 559 4040 expulsa
576 3949 627 4018 eli.
681 3961 740 4019 Seri
760 3961 813 4038 qui
838 3961 870 4019 in
884 3961 912 4020 le
932 3957 1072 4020 Arilbam

61 4059 250 4128 exterremur.
282 4061 337 4122 ersi
360 4061 425 4120 veri
450 4059 583 4140 speciem
605 4074 784 4142 praetexere
808 4059 879 4142 poli
889 4075 951 4130 rut,
985 4057 1071 4140 quoti

60 4151 86 4214 in
106 4158 199 4226 Lelbo
225 4161 323 4226 huiue
352 4163 495 4225 nominis
521 4163 596 4224 urbo
626 4161 706 4220 olim
737 4159 813 4234 fnit,
849 4163 897 4224 uli
924 4176 1012 4248 patet
1035 4179 1074 4224 ex

94 4265 98 4276 ·
625 4262 742 4330 Hha
