2826 4936
339 409 399 478 ²44
632 401 875 458 rouronu
920 399 1082 458 nette

336 573 447 640 Plinio
471 575 504 646 6,
533 588 591 651 27.
606 573 629 638 i.
651 572 671 638 i.
691 589 749 654 51.
776 587 809 636 et
830 575 941 636 Tacito
965 575 1000 636 in
1028 573 1133 659 Agrio.
1157 591 1209 644 to,
1231 585 1261 652 3.
1281 587 1338 654 pro

337 677 451 746 ductio,
469 677 502 737 in
521 677 635 758 quibua
651 679 767 760 legitur
781 697 884 738 recens
898 689 1021 748 auctor,
1040 675 1232 738 corroborare
1247 673 1339 734 [iudet.

335 778 441 860 Atque
456 798 492 840 ea
508 780 616 859 utique
636 777 813 859 expeditior
829 775 888 838 elie
905 778 1043 840 videtur.
1096 778 1195 840 Facile
1215 777 1294 838 enim
1308 765 1340 836 ri

337 881 386 940 ita
411 879 547 941 adhaesit
568 881 767 962 praecedenti
785 892 913 951 auctor,
946 881 1033 940 unde
1053 893 1179 940 enatum
1200 877 1233 936 fit
1253 889 1339 936 aucto

337 982 453 1052 ritate;
477 981 554 1062 post,
580 981 665 1063 quod
684 979 854 1042 sententiae
871 982 1067 1042 concinnitas
1083 980 1251 1062 postularet,
1272 976 1339 1037 addi·

337 1095 408 1142 tum
445 1103 485 1144 tc.
529 1083 593 1166 Qui
613 1085 700 1144 enim
719 1084 767 1144 ita
788 1081 923 1154 habent,
950 1085 1107 1144 omittunt
1140 1103 1178 1144 te.
1220 1074 1338 1162 Quodli

336 1181 489 1268 probetur
515 1185 609 1244 altera
631 1184 742 1254 lectio,
779 1203 834 1264 per
859 1184 1073 1246 inversionem
1097 1185 1176 1245 dicta
1197 1181 1267 1242 baec
1285 1176 1339 1238 [unt

337 1304 414 1370 pro:
456 1297 492 1346 itt
525 1287 686 1347 recentiori
709 1287 919 1357 anctoritate,
944 1281 999 1376 ste
1030 1285 1170 1355 certiori,
1203 1298 1238 1343 ut
1260 1281 1339 1341 valeat

336 1389 442 1458 idem,
469 1389 555 1468 quod
580 1387 769 1450 testimonio.
813 1386 1022 1449 Praetulerim
1045 1401 1152 1448 tamen
1178 1378 1338 1446 Voffianam,

338 1489 516 1550 dummodo
532 1509 549 1550 a
563 1489 672 1550 codice
693 1487 858 1570 probetur.
895 1491 963 1550 lam
980 1508 1059 1550 vero
1076 1485 1177 1549 visum
1194 1485 1234 1548 eli
1253 1485 1339 1544 edere:

338 1603 376 1652 ut
397 1593 555 1660 recentior,
583 1591 631 1650 ito
649 1591 840 1650 ottctort'tote
859 1591 989 1662 certior;
1017 1609 1136 1672 nempe
1152 1609 1206 1671 per
1220 1583 1340 1645 inrerlio·

338 1711 415 1753 rtem
431 1711 489 1773 pro
505 1693 630 1752 certiori
646 1692 848 1763 auctoritate;
872 1692 957 1771 quod
976 1705 1083 1752 tamen
1101 1709 1185 1750 nnuc
1205 1687 1300 1748 retulit
1311 1681 1339 1741 ad

338 1793 459 1874 Nepos,
482 1805 517 1852 nt
537 1793 696 1861 recetttior.
735 1792 896 1854 Ciacconii
916 1793 1112 1862 emendatio,
1138 1788 1221 1852 sensu
1235 1787 1340 1868 quidem

338 1893 528 1964 commodo,
563 1895 658 1954 nimis
683 1892 725 1954 est
750 1893 919 1954 arbitraria.
971 1893 1045 1954 Post
1077 1895 1188 1953 certior
1211 1889 1340 1949 Vndiaout

337 1995 462 2056 addidit
480 1994 731 2078 repugnantibus
753 1993 905 2056 omnibns
922 1994 1047 2056 tussia
1070 2009 1104 2056 et
1128 1991 1275 2077 prioribue
1291 1985 1341 2046 edi·

338 2093 483 2158 tionibus
505 2094 606 2156 tradit
628 2113 667 2156 ex
687 2095 794 2157 Plinio
811 2111 843 2165 Ω,
860 2097 919 2178 67.
942 2093 1034 2158 forte.
1090 2098 1138 2158 Ita
1158 2109 1256 2154 tamen
1273 2103 1340 2168 repr·

336 2199 457 2258 tiernnt
480 2208 533 2272 ιθ.
559 2212 615 2259 21.
640 2209 697 2256 22.
726 2207 782 2274 etp.
807 2207 866 2274 25.
889 2198 1092 2277 omninoque
1115 2198 1269 2261 vadianto,
1290 2187 1340 2248 Oli·

337 2301 482 2360 varianae
502 2316 575 2356 rum
592 2297 707 2358 Vineto
724 2311 755 2357 et
771 2299 917 2369 Schotto,
940 2301 994 2359 etli
1011 2300 1063 2358 hic
1080 2301 1114 2358 in
1130 2310 1203 2358 nota
1220 2294 1339 2356 omitten·

337 2401 415 2460 dunt
438 2395 615 2470 censueram
640 2400 776 2462 minime
792 2401 889 2462 etiam
904 2415 994 2461 antea
1010 2400 1212 2460 neceffarium
1227 2409 1340 2477 pronun·

338 2502 471 2564 tiaverat
485 2499 681 2567 Ciaceonius.
734 2501 834 2564 Recte
857 2503 956 2584 igitur
976 2495 1101 2562 Voffius
1122 2515 1154 2560 et
1174 2495 1338 2559 consentien-

336 2605 424 2664 tibus
452 2602 578 2681 reliquie
608 2603 778 2686 expulerat.
828 2603 952 2663 Pendet
974 2604 1062 2662 enirn
1088 2599 1225 2662 feninea
1244 2609 1339 2678 praect-

337 2705 435 2767 dente
457 2703 615 2764 dicerunt.
669 2704 766 2788 Quod
792 2703 1015 2765 Pelloutierius
1035 2705 1068 2762 in
1093 2701 1207 2764 differt.
1224 2701 1259 2760 ad
1278 2697 1304 2756 b.
1322 2690 1337 2748 l·

337 2827 416 2889 quae
439 2803 533 2867 exstat
560 2807 594 2865 in
618 2803 790 2866 lidemoiret
811 2806 851 2866 de
873 2805 1058 2865 l’acadentie
1081 2805 1123 2865 de
1149 2802 1249 2864 Berlin
1266 2799 1300 2856 T.
1318 2809 1339 2852 t.

337 2930 370 2992 p.
393 2923 459 2983 177
477 2905 540 2987 sqq.
566 2908 758 2988 antiquiores
788 2907 913 2968 codices
941 2907 981 2966 de
1007 2906 1069 2966 fide
1103 2905 1197 2965 huius
1220 2893 1340 2961 lentionit

337 3009 506 3090 praetexit,
549 3008 583 3068 id
614 3007 745 3088 quidem
778 3006 818 3070 de
852 3006 941 3069 libris
974 3007 1069 3068 editis
1100 3005 1232 3089 intelligi
1254 2998 1339 3062 debet

337 3109 441 3170 Melae
463 3107 627 3172 obtrusum
643 3107 748 3171 censet
768 3111 864 3172 etiam
884 3107 995 3171 Bofiua
1010 3128 1037 3172 c.
1053 3108 1074 3170 l.

410 3309 494 3392 rei)
544 3310 652 3375 Cibin.
672 3311 745 3392 regi.
783 3313 870 3375 Tum
887 3309 1071 3376 Vindobon.
1088 3307 1246 3374 Mettium.
1280 3293 1340 3364 1²0st

336 3412 445 3478 Cibin.
468 3413 605 3476 Vindob.
627 3413 767 3498 llehdig.
789 3415 888 3476 Vatic.
910 3434 940 3478 t.
966 3413 1052 3478 (iud.
1080 3413 1222 3477 Ciaccon.
1242 3403 1338 3468 netem

293 3509 297 3514 ¹
335 3517 435 3580 Vatic.
459 3524 493 3599 4.
523 3513 616 3599 Prag.
643 3513 777 3578 addicit.
834 3517 925 3600 Quae
949 3516 1096 3596 quidem,
1135 3515 1338 3598 magistraret

334 3620 437 3700 priua,
462 3623 505 3680 ita
520 3617 694 3679 efferuntur
710 3635 803 3703 more
818 3617 1019 3680 librariorum
1033 3619 1128 3678 etiam
1144 3619 1177 3676 in
1191 3605 1339 3688 inscriptio·

335 3719 441 3786 tribue.
492 3722 622 3783 Servius
646 3719 804 3780 etiamad
827 3719 935 3804 virgil.
958 3717 1038 3781 Aen.
1063 3735 1097 3797 9,
1121 3729 1204 3798 409.
1225 3709 1337 3772 cortirere

334 3841 393 3904 pro
413 3825 562 3886 coniicere
578 3822 743 3900 antiquum
759 3819 817 3880 effe
831 3835 931 3890 notat,
957 3799 991 3880 et
1014 3819 1053 3880 stc
1071 3819 1197 3888 adicere,
1210 3805 1336 3906 striicertr
1387 3879 1388 3902 χ

336 3924 446 3990 inicere
469 3937 622 4006 perpetuo
652 3921 717 3984 iere
750 3921 841 3984 effert
870 3922 952 3986 Cod.
978 3920 1157 3991 Mediceue,
1190 3935 1244 3980 nec
1266 3907 1336 3970 aliter
1387 3911 1388 3934 l

336 4025 515 4092 Columella
539 4025 702 4108 Lipsienlie
720 4037 874 4085 monente
898 4022 1037 4085 Gesnero
1059 4023 1093 4082 in
1115 4021 1224 4083 Lettino
1242 4011 1334 4074 rustico
1387 4081 1388 4088 ἵ

335 4147 367 4210 p.
387 4147 421 4213 3.
441 4131 556 4214 quibua
573 4127 728 4190 accedunt
740 4125 916 4188 Pandectae
931 4123 955 4188 F
957 4124 1119 4186 torentini.
1144 4121 1203 4185 Sed
1215 4105 1335 4194 eternplt
1387 4137 1388 4144 ¹
