2880 4940
256 381 346 466 qu
574 385 825 448 rouronrr
868 387 1034 446 uncte

284 563 425 646 optimae
446 561 582 626 esserum
603 562 772 626 uirtutum.
824 561 953 626 Scilicet
984 561 1019 622 iu
1050 573 1138 623 tenta
1166 559 1328 624 brevium

285 683 399 748 operte
420 667 559 748 pretium
580 662 641 726 suit
662 681 811 735 mouere.
843 679 976 748 gentem
998 663 1060 726 esse
1082 666 1117 724 in
1137 664 1329 747 Aethiopia.

285 765 341 830 ubi
362 765 474 829 iussitie
496 786 554 848 pro
571 767 692 848 optimu
707 767 828 828 virtute
845 763 1027 830 beberetnr.
1078 765 1168 849 Quid
1187 767 1329 828 demum

284 870 320 930 in
334 867 514 932 auctoribur
529 865 668 938 disicite.
693 867 795 930 sitem
814 867 913 951 longe
929 881 963 928 et
983 866 1123 930 rrerbir
1141 881 1175 930 et
1194 888 1213 928 ι
1235 865 1329 930 sensu

285 969 377 1034 liceat
397 969 564 1034 recedere?
613 970 703 1040 vide.
727 989 825 1052 quam
840 967 1022 1053 saciliopur
1041 967 1267 1040 sitmedicina.
1294 981 1330 1029 ut

286 1091 395 1134 reram
416 1085 580 1134 teneamur
597 1071 781 1136 iectionern.
829 1071 956 1135 Scriber
981 1069 1114 1132 Puselrrr'
1122 1062 1256 1161 forma,
1277 1091 1329 1132 ae·

285 1175 342 1258 qui
363 1175 515 1254 corporis,
544 1193 718 1256 purumque
741 1173 880 1236 vernari
901 1193 993 1252 opes.
1023 1171 1098 1234 ob'ir
1118 1173 1223 1234 veluti
1244 1173 1330 1252 opti·

287 1295 408 1336 murum
430 1275 597 1339 virtutum.
634 1275 684 1338 Ex
703 1275 870 1338 Herodoto
889 1274 967 1337 brec
981 1273 1090 1338 hebet.
1129 1276 1161 1337 Ie
1184 1294 1328 1358 namque

285 1375 449 1462 posiqurnr
480 1376 521 1440 de
552 1377 732 1454 dptomosir
761 1378 827 1462 egit
851 1375 907 1440 sib.
929 1392 963 1442 2.
994 1372 1083 1464 [cap.
1109 1372 1192 1464 δι]
1224 1395 1329 1462 geum

286 1479 446 1562 quoddam
469 1477 667 1564 Aethiopum
693 1477 840 1542 describit
865 1471 1081 1540 incolentium
1114 1478 1251 1550 urbem,
1290 1481 1328 1540 in

286 1600 346 1666 qut
361 1599 474 1644 omnet
494 1579 592 1644 essent
611 1581 732 1662 aequali
750 1581 982 1666 magnitudine.
1036 1581 1156 1642 Verum
1175 1597 1212 1642 et
1232 1579 1328 1652 Mese,

286 1683 348 1746 boc
365 1680 431 1764 ipso
445 1683 546 1766 cupite
561 1681 732 1746 sectionem
749 1681 830 1744 benc
846 1683 1024 1754 confirmet,
1045 1702 1122 1744 cum
1139 1683 1182 1744 de
1197 1682 1328 1746 Aethio·

285 1787 380 1870 pibur
398 1783 554 1868 Hesperi'u
575 1785 668 1854 dicit.
695 1805 750 1846 eor
770 1803 838 1847 nun
854 1784 915 1848 esse
930 1785 979 1846 ito
997 1782 1183 1864 corporibus
1196 1781 1327 1875 firniirr.
1423 1763 1424 1822 i

286 1901 378 1971 etque
400 1885 463 1958 itti.
496 1885 671 1970 dequibus
694 1885 746 1948 iric
768 1887 844 1971 egit.
896 1887 1067 1968 Sequentia
1085 1885 1186 1950 verbe
1208 1901 1242 1948 et
1264 1884 1326 1970 ipse

286 1985 446 2052 mruisesic
469 1985 549 2050 sunt.
588 1990 674 2050 Dicit
688 1987 727 2050 ab
743 1988 956 2072 Aethiopibus
973 1989 1139 2050 contemni
1161 2000 1327 2051 autumet

286 2103 468 2176 argentum,
492 2103 651 2171 remquam
665 2109 744 2171 qnae
758 2089 844 2152 nibil
860 2087 974 2166 sacient
994 2090 1034 2152 rd
1056 2107 1167 2152 rerem
1191 2089 1327 2153 beaum-

286 2195 406 2258 dinem.
460 2190 548 2252 Attus
569 2192 760 2271 optimarum
782 2193 939 2254 virtutum
962 2189 1060 2274 probe
1087 2191 1235 2264 locutitt,
1269 2211 1326 2276 pm

284 2295 404 2358 asienus
417 2288 457 2352 ab
473 2293 601 2373 optimis
615 2290 799 2356 virtutibus.
827 2295 882 2357 Sic
892 2293 1042 2357 Horatius
1055 2292 1111 2356 lib.
1123 2309 1156 2358 2.
1172 2295 1281 2358 snm.
1291 2308 1323 2374 3.
1423 2369 1424 2378 ¹

286 2390 341 2484 [r.
366 2388 471 2480 208.]
499 2395 580 2456 dixit
595 2384 716 2486 specics
739 2395 824 2456 olias
840 2397 908 2456 veri
933 2413 992 2477 pro
1022 2391 1191 2476 speciebus
1216 2397 1321 2459 alteus
1423 2379 1424 2412 ³

285 2519 303 2564 e
320 2501 462 2562 veritate.
500 2495 611 2560 Sedet
629 2495 738 2558 Gracci
756 2495 795 2558 src
816 2497 1000 2578 loquuntur.
1022 2507 1059 2556 ut
1075 2515 1152 2558 cum
1169 2496 1264 2559 Plato
1278 2499 1321 2559 rit

286 2596 392 2690 ἕτερον
420 2597 480 2664 τοῦ
508 2593 669 2684 ἀληθοῦς,
704 2591 779 2683 [sib.
803 2618 831 2662 r.
853 2599 894 2660 de
912 2617 978 2681 rep.
1002 2618 1035 2680 p.
1058 2599 1139 2671 167.
1161 2591 1320 2685 Ripont]
1423 2625 1424 2692 ᾗ

285 2723 343 2788 pro
357 2721 408 2774 eo.
429 2700 516 2782 quud
531 2701 666 2764 minime
681 2719 794 2762 verum
811 2699 863 2763 est
899 2697 976 2762 Vsue
990 2697 1143 2769 obtinuit,
1162 2713 1203 2760 ur
1216 2703 1326 2782 potiut

285 2807 406 2870 asienus
430 2803 514 2888 rpud
541 2803 671 2866 Latinoe
705 2815 738 2864 et
764 2795 939 2888 ἂλλότριος
961 2801 1046 2884 apud
1077 2799 1215 2864 Graecos
1247 2821 1326 2864 cum

285 2907 437 2996 genitivis
454 2903 683 2974 construentur,
709 2903 791 2964 nibil
810 2917 916 2965 temen
939 2903 1003 2964 boc
1019 2900 1123 2974 obesi,
1148 2904 1327 2984 quomiuue

285 3023 319 3074 et
343 3011 476 3072 alterum
498 3017 620 3068 rectum
637 3007 684 3070 sit.
718 3023 859 3068 vorsrvs.
912 3004 1002 3068 brut
1025 3005 1064 3065 nd
1089 3017 1202 3065 notam
1225 3001 1327 3068 Voss'ri

285 3109 459 3194 adscripsit:
496 3108 589 3170 Forte
605 3107 687 3170 aiios
704 3107 826 3179 voluit;
851 3101 864 3194 [
872 3126 928 3188 pro
943 3101 1036 3194 aliis]
1060 3102 1146 3166 secur
1164 3106 1251 3167 bend
1274 3108 1327 3169 in·

285 3213 412 3299 telligo;
437 3211 586 3292 idemque
608 3211 703 3272 etium
721 3229 738 3271 a
753 3209 922 3270 Perizonio
937 3203 1204 3270 animadversum.
1248 3207 1327 3272 Ber·

285 3313 373 3378 tbiut
388 3313 419 3378 d.
435 3312 457 3376 l.
481 3311 576 3395 legit:
605 3331 779 3394 porumque
797 3311 940 3372 venerati
957 3311 1099 3380 bonores.
1123 3308 1226 3370 veluti
1240 3311 1326 3392 opti·

285 3437 405 3480 marum
421 3413 542 3474 oiumrrr'
561 3413 622 3493 (itu
636 3413 776 3474 ediderat
791 3405 921 3494 St'eph.)
941 3413 1110 3473 uirtutum.
1136 3429 1170 3472 r.
1188 3429 1325 3475 enorm-

285 3537 375 3582 νινε.
429 3515 496 3599 Qui
518 3527 592 3577 ante
608 3511 752 3579 Vossrunr
773 3515 849 3576 baec
865 3511 961 3574 verba
983 3525 1173 3583 tructarum,
1207 3533 1324 3595 parum

284 3619 447 3684 codicibur
463 3617 629 3686 dederunt,
652 3617 800 3698 pleraque
814 3615 961 3684 urbitrio.
988 3615 1125 3676 maxime
1139 3613 1323 3688 Pramum,

284 3720 426 3805 dispersis
454 3718 588 3782 eliorum
617 3717 744 3780 indiciis
776 3715 880 3789 ducti,
917 3715 973 3778 etsr
1005 3715 1093 3778 sicile
1120 3716 1322 3802 intelligitur.
1423 3743 1424 3794 q

283 3825 382 3888 elium
403 3821 463 3884 usic
484 3833 516 3882 et
535 3819 636 3882 modo
655 3819 817 3902 pauciora,
850 3817 948 3880 modo
965 3818 1054 3900 plura
1075 3819 1114 3879 de
1129 3819 1250 3880 eodem
1268 3839 1322 3902 po·

283 3926 361 4010 pulo
379 3939 630 3986 commemorare
651 3919 747 4003 posse,
773 3931 823 3991 et,.
839 3939 917 4002 qure
933 3918 972 3981 ab
987 3932 1116 4018 nucrore
1132 3919 1217 3982 dicta
1234 3921 1321 3983 vide·
1423 3915 1424 4002 j

285 4041 392 4098 entur,
418 4023 566 4086 codicum
584 4021 860 4108 praeceptionibus
878 4021 946 4105 regi
965 4033 999 4084 et
1020 4019 1121 4082 statui.
1175 4023 1225 4084 stu
1245 4041 1319 4084 cum
1423 4015 1424 4066 i

284 4131 320 4194 iu
341 4125 566 4194 emendatione
582 4125 722 4192 sumti
738 4121 876 4222 irfiitice
893 4120 970 4188 seni
991 4135 1138 4208 nequeat.
1164 4136 1319 4189 corruunt
