2880 4940
357 427 448 486 ma.
480 429 534 483 111.
577 427 611 486 c.
633 427 713 488 vni.
755 425 781 498 a.
805 441 835 498 7.
1054 439 1116 508 289

66 607 212 671 Hormos
231 617 263 667 et
284 603 330 666 orl
345 603 527 666 Monoleum
545 601 648 663 lacum
663 602 854 672 Philoteris,
880 613 912 662 et
927 603 1112 678 Ptolemais,

68 723 101 771 et
124 709 289 778 Berenice,
323 719 354 766 ec
374 706 438 766 olio
453 705 609 766 Berenice.
667 703 743 766 Tum
757 701 849 795 stiva
865 719 925 766 etc.
950 726 987 766 ex
1010 709 1113 770 citatio

68 810 265 872 auctoribua.
316 807 377 870 Sed
401 821 439 868 ut
466 807 661 868 retineamur
684 825 808 867 morem
837 807 977 868 nollrum
1002 807 1114 871 subve-

68 912 185 974 niendi
198 915 264 994 'pro
287 909 444 971 tenuitate
465 906 565 970 nollra
581 901 748 968 clariffimo
767 909 898 970 Auctori
915 909 1039 976 Plinio.
1066 913 1113 972 iu·

70 1016 217 1075 numeria
239 1013 344 1072 adbuc
364 1011 463 1094 plagia
484 1011 653 1090 dirempto,
681 1007 854 1080 iciendum,
884 1011 1113 1073 Ptolemaidem

70 1115 187 1175 urbem
216 1115 313 1196 paulo
336 1113 563 1180 antedictam.
599 1112 786 1193 appellatam
809 1111 869 1173 effe
894 1129 1112 1195 cognomento

67 1211 265 1301 Ἐπιθήοος,
291 1215 353 1276 boc
376 1213 434 1284 est,
461 1213 505 1274 ad
522 1225 672 1281 vereatur.
699 1216 732 1274 in
748 1213 853 1274 Plinio
869 1227 974 1274 autern
999 1215 1113 1278 vitiose

69 1319 137 1402 legi
161 1311 368 1404 Ἐπιθηρὶας,
403 1335 442 1376 ex
469 1313 670 1398 castigatione
696 1315 871 1376 Hermolai.
925 1313 1006 1376 Nam
1032 1320 1112 1397 quia

69 1418 213 1488 obsecro,
242 1433 304 1478 tam
322 1417 443 1498 Opicue
457 1429 489 1478 et
506 1415 624 1476 Graece
639 1415 771 1486 amuloa,
798 1419 853 1498 qui
875 1411 979 1504 θήραν
998 1417 1114 1482 nesciat

71 1521 193 1582 Graece
216 1519 386 1602 significare
407 1531 574 1586 verrolnm,
601 1519 825 1598 potiusquam
850 1519 976 1606 θηρίον.
1015 1523 1114 1584 Deni-

69 1641 137 1704 que
161 1635 193 1682 et
213 1621 310 1681 Plinii
333 1635 426 1681 vetur
451 1621 552 1680 codex
574 1614 755 1706 Ἐπίθηρος
778 1619 890 1688 babet.
917 1635 949 1681 et
970 1643 987 1682 a
1006 1622 1113 1686 Ptole·
1177 1625 1181 1636 '

68 1743 167 1786 maeo
189 1717 242 1809 [4,
263 1737 296 1795 7.
320 1735 351 1784 et
367 1723 401 1782 in
420 1719 540 1782 Africae
560 1719 621 1784 tab.
639 1715 696 1807 4.]
717 1721 891 1783 Ptolemais
907 1722 1027 1812 θηρῶν,
1053 1725 1116 1788 hoc

68 1827 134 1896 est,
162 1826 382 1892 venationum.
409 1824 603 1892 nominatur,
630 1835 692 1884 eta
709 1823 865 1885 Strabone
888 1824 940 1887 26.
963 1820 1014 1912 [p.
1030 1837 1114 1907 529.

71 1926 96 1989 s.
119 1919 224 2011 77o.]
252 1920 332 2012 πρός
357 1920 473 2012 θήραν.
506 1918 608 2012 [πρός
636 1923 680 2010 τῇ
708 1919 815 2012 θήρᾳ]
868 1925 911 1986 Et
936 1927 969 1986 in
997 1928 1114 1990 eodem

71 2029 159 2091 libro
179 2023 230 2116 [p.
246 2041 330 2107 53¹·
349 2025 370 2091 l.
389 2018 495 2111 773.]
531 2027 630 2094 Sunt.
656 2027 776 2108 inquit.
807 2027 913 2108 plures
934 2029 1051 2114 θῆραι,
1079 2031 1114 2092 id

70 2131 133 2200 est,
161 2132 360 2190 venationes.
414 2127 492 2190 Non
510 2129 738 2199 omittendum,
759 2141 927 2210 antequam
943 2131 979 2190 ad
994 2132 1115 2213 reliqua

71 2248 291 2300 transeamus,
323 2227 514 2292 Strabonem
541 2243 650 2290 contra
678 2243 800 2292 ceteroe
829 2231 896 2312 post
919 2231 1115 2314 Heroopolin

71 2333 267 2396 constituere
295 2333 511 2401 Philoteram,
544 2331 661 2392 deinde
688 2327 851 2421 Arfinoen.
913 2333 1117 2397 Ptolemaeus

71 2437 166 2498 enim
183 2435 353 2496 etPliniue
378 2429 443 2520 [cc.
461 2426 515 2518 λλ]
539 2435 627 2514 prius
648 2429 810 2518 Arfinorn.
838 2435 954 2494 deinde
982 2437 1118 2496 l’lrilote·

72 2559 158 2600 ram.
202 2555 403 2597 murmure.
454 2535 652 2595 llloronenou
673 2547 705 2592 el
730 2533 879 2618 Colloco)
944 2533 1119 2619 Διογένους

72 2632 191 2724 ἄκρον.
227 2633 417 2724 Πτολεμαῒς
440 2635 559 2722 θηρῶν.
595 2630 757 2710 Kolobon
783 2627 855 2719 ὅρος
878 2627 988 2722 ἄκρον.
1033 2639 1119 2700 Haec

72 2761 133 2824 per
167 2741 332 2800 intervalla
364 2739 578 2799 Ptolemaeus.
607 2733 661 2824 [4.
683 2731 734 2824 7.]
788 2739 837 2798 lla
863 2739 992 2799 Colobis
1019 2741 1117 2801 etiam

71 2841 191 2906 Strabo
208 2841 262 2904 lib.
290 2841 342 2903 16.
372 2833 424 2926 [p.
450 2852 534 2916 531.
557 2837 578 2901 s.
600 2833 704 2924 773.]
749 2827 834 2900 Eira
861 2835 1051 2918 Ἀντιφίλου
1073 2836 1120 2904 λι·

71 2941 159 3035 μὴν,
190 2935 247 3004 καλ
277 2931 357 3030 ὑπὲρ
385 2939 487 3004 τοῦτο
513 2934 730 3026 Κρειοφάγοι,
767 2935 904 3014 noitello}
929 2935 989 3014 τὰς
1012 2937 1121 3016 βαλά-

72 3067 164 3125 νους,
190 3037 244 3106 noi
265 3041 298 3104 oi
314 3041 464 3126 γυναῖκες
484 3039 668 3114 Ἰουδαϊκῶς
684 3039 936 3130 ἐκτετμημένον
962 3059 994 3104 et
1012 3045 1118 3124 lranllo

71 3144 165 3232 poll:
194 3143 247 3208 To*
267 3141 300 3206 ii
323 3139 513 3226 Ἀντιφίλου
535 3141 638 3232 λιμένι
660 3130 733 3228 ἑξῆς
753 3137 818 3206 ἐστὶ
839 3139 934 3234 λιμὴν
957 3137 1121 3234 καλούμε-

72 3273 129 3323 νος
147 3243 311 3322 Κολοβῶν
329 3239 439 3320 ἄλσος.
465 3265 671 3308 ciaccoutve.
712 3247 911 3306 Morouenon
928 3261 958 3308 er
979 3245 1120 3333 Colace)

72 3353 239 3430 Antiquae
253 3363 285 3409 et
300 3349 449 3410 meliores
463 3347 665 3410 membranae
681 3346 719 3407 fic
734 3347 868 3408 habent:
896 3348 1024 3409 Deinde
1039 3353 1122 3410 inter

72 3451 306 3534 promuntorio
331 3469 494 3510 nraerenon
517 3461 549 3508 et
576 3449 702 3510 Colore.
754 3449 959 3532 Legendurn:
993 3449 1122 3511 Deinde

75 3559 166 3617 inter
187 3553 437 3632 promuntorium
460 3555 603 3612 Aenrmm
619 3563 651 3610 et
671 3547 801 3612 Coloba.
847 3553 951 3612 Ae'nni
973 3552 1124 3613 meminit

72 3657 223 3724 Plinius,
253 3649 308 3740 [6.
334 3665 392 3730 53.
419 3646 540 3737 Lan]
567 3673 602 3714 ac
622 3649 775 3713 recenseri
798 3650 899 3713 scribit
922 3673 938 3713 a
959 3654 1124 3714 nonnullis

73 3757 204 3820 ibidem
225 3755 307 3824 loci,
332 3753 388 3814 ubi
406 3753 440 3813 su
455 3755 628 3816 Philotera.
681 3755 715 3816 Si
736 3755 805 3833 quis
823 3767 929 3816 tamen
948 3755 998 3814 liic
1016 3755 1125 3836 Myos·

73 3859 240 3923 horarium
264 3856 367 3927 malit,
401 3869 437 3916 ut
458 3857 490 3918 id
513 3857 771 3938 promuntorium
789 3857 910 3916 dictum
932 3855 999 3916 lita
1017 3855 1126 3935 Myos·
1189 3841 1196 3860 ⁰

74 3963 201 4023 hormo
219 3959 357 4040 oppido.
391 3977 459 4019 non
480 3959 618 4019 multum
638 3955 824 4040 refragabor.
879 3957 997 4018 Coloba
1023 3973 1124 4026 vocat.

74 4063 170 4146 quod
189 4059 393 4122 Ptolemaeua
416 4055 523 4148 [ολ]
549 4059 615 4124 τῶν
638 4056 800 4134 Κολοβὶύν
823 4051 935 4145 ἄκρον.
988 4059 1125 4120 Culoini

74 4181 200 4230 verum
221 4161 320 4223 huiue
346 4165 452 4246 gentio
472 4157 535 4224 fuit
558 4181 697 4234 nomen,
734 4157 785 4220 lerl
812 4163 925 4244 quiae
952 4175 1124 4246 verporunt

132 4281 233 4356 remp.
258 4280 350 4336 mara.
382 4281 420 4336 L
438 4281 492 4338 nr.
763 4263 794 4324 Τ
