2836 4940
373 391 461 452 ΗΒ.
489 393 543 448 111.
584 389 619 451 G·
640 389 706 452 vu.
748 386 829 462 Μ.
1061 391 1123 462 247

79 564 520 646 etiemdrienoev.1345.
572 567 703 650 Triplex
724 565 768 628 esi
789 565 886 628 huiue
907 561 1048 626 nominie
1070 560 1120 622 io·

80 670 195 738 flexio,
222 662 366 753 Κὼφης.
400 687 437 732 oo
461 681 494 729 et
518 689 608 756 quot.
642 681 676 731 et
699 662 846 754 Κωφὴν,
882 667 970 752 river.
1004 659 1118 724 inserto

80 770 259 834 constanter
282 768 502 853 adspiratione.
563 769 649 834 Cum
675 771 772 853 igitur
800 768 929 848 Cophen
950 779 983 848 et
1005 763 1118 827 Strabo

84 885 225 940 tueatur.
251 871 403 932 audiendi
421 869 493 932 sunt
510 873 650 942 codicee.
674 871 729 933 etsr
750 871 910 942 concedo,
936 862 978 931 ro*
992 889 1013 928 a
1027 863 1118 928 sacise

85 974 183 1035 etiam
201 970 357 1034 absorberi
378 971 512 1055 potuisse
533 993 551 1034 e
573 971 715 1055 sequenti
736 973 883 1034 nomine.
932 968 1004 1032 Post
1025 967 1119 1030 MSS.

85 1075 125 1138 Δ.
142 1074 299 1137 Gronovii
322 1075 447 1156 meique
466 1074 586 1136 habeut
607 1071 802 1166 Agostnum,·
830 1063 932 1135 'Poris
956 1091 985 1134 1.
1007 1064 1121 1160 Agesi-

84 1177 184 1238 uiam.
235 1175 318 1238 Edd.
340 1193 370 1238 r.
391 1193 420 1240 2.
439 1189 472 1253 3.
488 1185 522 1260 4.
544 1187 577 1254 5.
595 1195 629 1256 9.
651 1195 706 1239 rr.
727 1171 912 1266 Agoflrrum.
935 1175 983 1234 uti
1003 1173 1120 1256 iegitur

83 1277 119 1337 io
142 1276 292 1338 sincratio
315 1275 349 1338 h.
369 1297 404 1340 v.
434 1277 489 1337 etsr
510 1297 621 1360 perum
644 1275 699 1338 sibi
727 1276 861 1346 constat.
903 1288 937 1338 et
961 1287 1121 1357 praeterea

84 1379 186 1440 modo
201 1373 351 1468 Aeefinus
368 1374 481 1448 scribit,
504 1379 604 1442 modo
619 1377 751 1470 Acestis.
803 1375 968 1442 Consundi
992 1377 1121 1436 videtur

86 1499 160 1540 eum
175 1480 306 1540 dcefino
323 1481 357 1540 in
379 1478 579 1542 Nomadibua
597 1494 630 1542 et
648 1479 781 1563 Georgii
802 1479 884 1560 epod
903 1479 986 1540 Plio.
1002 1487 1038 1557 4,
1060 1475 1119 1538 26.

85 1577 108 1642 s.
130 1596 186 1644 12.
219 1575 377 1670 Aeefirrem
393 1581 455 1640 iam
473 1581 526 1642 hic
541 1581 620 1644 olim
639 1593 812 1643 correxerat
828 1581 938 1642 Herm.
955 1579 1121 1646 Barbaros.

84 1699 145 1765 pro
166 1699 230 1763 quo
246 1679 357 1742 exoso
375 1681 478 1744 Mesae
499 1696 623 1764 recepte
637 1682 680 1744 est
696 1681 811 1744 Graeco
833 1681 1027 1744 terminatio.
1081 1678 1122 1740 sn

87 1783 214 1844 Graecie
237 1783 324 1844 enim
346 1779 522 1870 Ἀκεσίνης,
555 1785 657 1846 veluti
685 1783 767 1866 opud
788 1783 977 1848 Strabonem
993 1802 1020 1844 c.
1039 1779 1062 1843 l.
1088 1791 1123 1840 et
1151 1821 1155 1834 .

85 1883 164 1944 binc
181 1885 328 1944 Arrionue
345 1885 386 1946 de
403 1885 474 1947 sntl.
492 1905 519 1947 c.
535 1895 570 1966 4.
592 1881 763 1972 'Aueoiuqu
803 1882 854 1946 (is.
876 1885 983 1952 etiam,
1005 1879 1123 1944 srtmti

87 1985 142 2054 esi.
163 1985 395 2066 Theophrastus
410 1987 444 2046 in
459 1985 527 2050 hill.
543 1987 674 2068 plentur.
686 1995 719 2068 4,
737 1999 769 2064 5.
802 1985 933 2050 Orosrru
950 1999 980 2057 3.
1001 2002 1058 2063 19.
1074 2001 1120 2044 m.

86 2085 160 2148 Posi
174 2085 264 2172 Preg.
285 2077 457 2177 pdospem,·
492 2085 576 2170 Lips.
597 2079 759 2178 idaspem
790 2087 897 2150 Cibin.
915 2075 1125 2178 Hydaspem:

87 2185 184 2248 Poris.
207 2208 237 2250 r.
259 2179 456 2278 Hidaspem,·
490 2187 576 2251 ouo.
601 2180 792 2278 Hidaspem
826 2187 904 2250 alioe
924 2207 991 2249 non
1016 2203 1124 2249 moror

87 2291 122 2350 iu
141 2309 174 2350 re
190 2289 274 2362 sevi;
299 2303 382 2351 certe
406 2289 578 2374 slehdiger.
598 2283 785 2380 Hydaspen.
837 2289 890 2354 Sic
906 2291 978 2352 edri.
1001 2289 1124 2372 primae

88 2411 148 2475 per
167 2384 262 2452 isere
281 2391 357 2452 dant
380 2391 414 2452 iu
433 2391 544 2472 prima.
595 2391 760 2453 Boocetiue
783 2383 939 2482 Idaspes,·
964 2409 1019 2472 per
1038 2410 1069 2450 m
1084 2399 1124 2450 ut

86 2491 142 2554 hic
163 2493 197 2552 in
220 2492 282 2554 fine
298 2491 376 2554 olim
393 2491 482 2564 iibri,
512 2493 653 2554 itaetin
668 2493 823 2554 Frontino
846 2507 922 2570 ¹⁹4·
941 2509 975 2570 9.
1012 2488 1063 2554 Cf.
1082 2489 1124 2550 ad

87 2595 208 2656 Lucan.
225 2607 257 2672 3,
277 2593 359 2672 236.
399 2593 534 2655 Praestet
548 2607 580 2656 ot
593 2595 645 2655 bio
660 2595 841 2655 terminatio
856 2593 988 2660 Graeco,
1011 2609 1124 2671 qoem·

85 2694 263 2756 admodum
278 2694 312 2754 io
330 2693 531 2776 sequentibus
548 2694 695 2776 Gangen,
721 2695 806 2776 quod
824 2707 856 2756 et
878 2692 923 2753 ibi
944 2691 1019 2755 fittir
1036 2689 1122 2756 sleb-

85 2796 189 2882 diget.
223 2797 373 2879 Denique
392 2797 484 2882 Prag.
505 2799 723 2880 coemptisque
740 2793 895 2880 pluribus.

164 2997 331 3081 aliquot
362 2988 561 3090 saepe-
572 2997 591 3080 )
651 2997 802 3062 Cieecoo.
826 2987 866 3089 se
896 3016 954 3078 pro
980 2993 1125 3075 mogoin

84 3099 229 3162 vindob.
244 3090 322 3190 fipe
343 3100 468 3182 aliquo:
494 3101 519 3163 l.
537 3099 695 3163 Gronovii
713 3101 791 3172 duo,
815 3095 896 3180 Lips.
923 3097 1007 3159 (iud.
1030 3097 1122 3180 Preg.

84 3201 262 3286 Rehdiger.
282 3203 380 3265 Vatic.
402 3215 435 3262 et
452 3199 590 3264 Vosl'reni
610 3203 704 3262 multi
719 3193 818 3292 saepe
839 3200 980 3282 aliquot,·
1013 3197 1121 3262 Cibio.

85 3303 213 3385 aliquot
236 3303 357 3382 roaguir
374 3293 473 3393 saepe
487 3297 649 3390 flexibus,·
685 3301 779 3365 l'aris.
808 3321 836 3364 r.
859 3301 966 3362 omisit
989 3299 1123 3382 aliquot.

86 3404 234 3487 Longiue
254 3403 307 3464 hic
330 3403 369 3464 ab
392 3404 462 3465 aliie
486 3405 618 3466 discedit
645 3405 757 3466 Verret.
791 3405 846 3484 qui
874 3403 982 3464 locum
1011 3401 1051 3461 sic
1073 3417 1125 3460 ex·

85 3505 199 3566 hibet:
241 3501 293 3564 uti
310 3496 349 3596 se
373 3525 430 3583 per
454 3503 576 3588 aliquos
601 3505 737 3588 populos
764 3503 895 3566 diduxit
928 3503 1051 3582 uraguis
1073 3533 1125 3549 -

85 3607 175 3670 Edd.
192 3625 306 3668 omoee
321 3605 445 3690 aliquot
461 3597 570 3698 saepe.
612 3607 682 3670 Vid.
705 3607 866 3688 deinceps.

164 3809 302 3870 eluxit
328 3807 491 3892 iugum)
541 3805 626 3892 Lips.
641 3809 727 3872 siud.
746 3807 836 3890 Prog.
854 3803 1026 3890 siebdiger.
1042 3804 1124 3868 Veu.

86 3911 199 3980 eriam,
223 3923 314 3994 puto.
340 3923 373 3972 et
397 3911 504 3976 Hero.
524 3911 639 3991 cingit,
670 3911 718 3971 uti
739 3909 898 3970 editionee
916 3907 953 3966 od
972 3901 1125 3978 Vossium,

87 4014 146 4095 qui
170 4011 210 4072 od
231 4025 353 4074 ceteros
374 4015 561 4096 propagavit
585 4013 707 4082 eluxit,
740 4011 824 4091 quod
846 4007 965 4068 babent
985 4007 1127 4068 Vaticani

85 4114 207 4178 etalii.
257 4111 332 4178 Posi
354 4114 447 4200 Preg.
477 4115 576 4180 Vario.
597 4127 631 4195 5.
654 4115 761 4196 iugum
791 4111 860 4174 eius
883 4109 1005 4192 iugero,
1038 4109 1126 4194 quod
