<?xml version="1.0" encoding="UTF-8"?>
<!DOCTYPE html PUBLIC "-//W3C//DTD XHTML 1.0 Transitional//EN"
    "http://www.w3.org/TR/xhtml1/DTD/xhtml1-transitional.dtd">
<html xmlns="http://www.w3.org/1999/xhtml" xml:lang="en" lang="en">
 <head>
  <title>
</title>
<meta http-equiv="Content-Type" content="text/html;charset=utf-8" />
  <meta name='ocr-system' content='tesseract 3.04.00' />
  <meta name='ocr-capabilities' content='ocr_page ocr_carea ocr_par ocr_line ocrx_word'/>
</head>
<body>
  <div class='ocr_page' id='page_1' title='image "./pomponiimelaede05melagoog_0949.png"; bbox 0 0 2880 4940; ppageno 0'>
   <div class='ocr_carea' id='block_1_1' title="bbox 386 391 1197 470">
    <p class='ocr_par' dir='ltr' id='par_1_1' title="bbox 386 391 1197 470">
     <span class='ocr_line' id='line_1_1' title="bbox 386 391 1197 470; baseline 0 -20"><span class='ocrx_word' id='word_1_1' title='bbox 386 391 552 450; x_wconf 70' lang='lat' dir='ltr'><strong>Ltum.</strong></span> <span class='ocrx_word' id='word_1_2' title='bbox 602 392 717 464; x_wconf 73' lang='grc' dir='ltr'><strong>(ΗΧ.</strong></span> <span class='ocrx_word' id='word_1_3' title='bbox 757 391 838 464; x_wconf 66' lang='lat' dir='ltr'><strong>§.aa</strong></span> <span class='ocrx_word' id='word_1_4' title='bbox 1079 405 1142 470; x_wconf 74' lang='lat'><strong>3²¹</strong></span> <span class='ocrx_word' id='word_1_5' title='bbox 1192 441 1197 450; x_wconf 92' lang='lat'><strong>.</strong></span> 
     </span>
    </p>
   </div>
   <div class='ocr_carea' id='block_1_2' title="bbox 90 565 1135 1969">
    <p class='ocr_par' dir='ltr' id='par_1_2' title="bbox 90 565 1135 1969">
     <span class='ocr_line' id='line_1_2' title="bbox 94 565 1135 650; baseline 0.006 -24"><span class='ocrx_word' id='word_1_6' title='bbox 94 568 152 648; x_wconf 85' lang='lat' dir='ltr'><strong>qui</strong></span> <span class='ocrx_word' id='word_1_7' title='bbox 173 566 271 630; x_wconf 81' lang='lat' dir='ltr'><strong>etiam</strong></span> <span class='ocrx_word' id='word_1_8' title='bbox 288 567 426 650; x_wconf 77' lang='lat' dir='ltr'><strong>integrae</strong></span> <span class='ocrx_word' id='word_1_9' title='bbox 447 567 574 632; x_wconf 82' lang='lat' dir='ltr'><strong>arborea</strong></span> <span class='ocrx_word' id='word_1_10' title='bbox 595 585 636 628; x_wconf 84' lang='lat' dir='ltr'><strong>ex</strong></span> <span class='ocrx_word' id='word_1_11' title='bbox 656 565 743 631; x_wconf 76' lang='lat' dir='ltr'><strong>toliis</strong></span> <span class='ocrx_word' id='word_1_12' title='bbox 762 567 947 648; x_wconf 67' lang='lat' dir='ltr'><strong>competitas</strong></span> <span class='ocrx_word' id='word_1_13' title='bbox 970 567 1135 632; x_wconf 82' lang='lat' dir='ltr'><strong>viderunt.</strong></span> 
     </span>
     <span class='ocr_line' id='line_1_3' title="bbox 95 669 1135 754; baseline 0.002 -24"><span class='ocrx_word' id='word_1_14' title='bbox 95 689 240 732; x_wconf 79' lang='lat' dir='ltr'><strong>voeerve.</strong></span> <span class='ocrx_word' id='word_1_15' title='bbox 299 669 467 754; x_wconf 81' lang='lat' dir='ltr'><strong>Adgreffua</strong></span> <span class='ocrx_word' id='word_1_16' title='bbox 486 673 583 732; x_wconf 86' lang='lat' dir='ltr'><strong>etiam</strong></span> <span class='ocrx_word' id='word_1_17' title='bbox 606 669 650 732; x_wconf 87' lang='lat' dir='ltr'><strong>est</strong></span> <span class='ocrx_word' id='word_1_18' title='bbox 675 671 760 731; x_wconf 78' lang='lat' dir='ltr'><strong>hunc</strong></span> <span class='ocrx_word' id='word_1_19' title='bbox 782 671 892 732; x_wconf 87' lang='lat' dir='ltr'><strong>locum</strong></span> <span class='ocrx_word' id='word_1_20' title='bbox 914 671 1060 732; x_wconf 83' lang='lat' dir='ltr'><strong>Barthiue</strong></span> <span class='ocrx_word' id='word_1_21' title='bbox 1083 671 1135 732; x_wconf 84' lang='lat' dir='ltr'><strong>ad·</strong></span> 
     </span>
     <span class='ocr_line' id='line_1_4' title="bbox 96 769 1135 848; baseline 0.002 -16"><span class='ocrx_word' id='word_1_22' title='bbox 96 769 211 832; x_wconf 78' lang='lat' dir='ltr'><strong>verser.</strong></span> <span class='ocrx_word' id='word_1_23' title='bbox 235 781 290 848; x_wconf 84' lang='lat'><strong>15,</strong></span> <span class='ocrx_word' id='word_1_24' title='bbox 315 773 349 834; x_wconf 89' lang='lat'><strong>6.</strong></span> <span class='ocrx_word' id='word_1_25' title='bbox 380 771 437 832; x_wconf 94' lang='lat' dir='ltr'><strong>ubi</strong></span> <span class='ocrx_word' id='word_1_26' title='bbox 460 770 606 834; x_wconf 79' lang='lat' dir='ltr'><strong>refutatis</strong></span> <span class='ocrx_word' id='word_1_27' title='bbox 629 772 779 834; x_wconf 84' lang='lat' dir='ltr'><strong>Pintiuno</strong></span> <span class='ocrx_word' id='word_1_28' title='bbox 808 786 842 832; x_wconf 90' lang='lat' dir='ltr'><strong>et</strong></span> <span class='ocrx_word' id='word_1_29' title='bbox 864 772 997 834; x_wconf 83' lang='lat' dir='ltr'><strong>Schotto</strong></span> <span class='ocrx_word' id='word_1_30' title='bbox 1019 791 1135 834; x_wconf 84' lang='lat' dir='ltr'><strong>vocem</strong></span> 
     </span>
     <span class='ocr_line' id='line_1_5' title="bbox 94 863 1133 962; baseline 0.004 -30"><span class='ocrx_word' id='word_1_31' title='bbox 94 863 201 962; x_wconf 79' lang='lat' dir='ltr'><strong>decisa</strong></span> <span class='ocrx_word' id='word_1_32' title='bbox 217 871 362 956; x_wconf 81' lang='lat' dir='ltr'><strong>[iugulari</strong></span> <span class='ocrx_word' id='word_1_33' title='bbox 378 875 458 936; x_wconf 85' lang='lat' dir='ltr'><strong>adeo</strong></span> <span class='ocrx_word' id='word_1_34' title='bbox 475 874 628 958; x_wconf 74' lang='lat' dir='ltr'><strong>elegantia</strong></span> <span class='ocrx_word' id='word_1_35' title='bbox 648 869 729 958; x_wconf 86' lang='lat' dir='ltr'>(fic)</span> <span class='ocrx_word' id='word_1_36' title='bbox 749 873 882 956; x_wconf 74' lang='lat' dir='ltr'><strong>positam</strong></span> <span class='ocrx_word' id='word_1_37' title='bbox 898 873 958 935; x_wconf 82' lang='lat' dir='ltr'><strong>effe</strong></span> <span class='ocrx_word' id='word_1_38' title='bbox 977 873 1054 933; x_wconf 89' lang='lat' dir='ltr'><strong>dicit</strong></span> <span class='ocrx_word' id='word_1_39' title='bbox 1076 893 1133 954; x_wconf 85' lang='lat' dir='ltr'><strong>pro</strong></span> 
     </span>
     <span class='ocr_line' id='line_1_6' title="bbox 94 971 1135 1058; baseline 0.003 -27"><span class='ocrx_word' id='word_1_40' title='bbox 94 971 292 1045; x_wconf 69' lang='lat' dir='ltr'><strong>decidentia,</strong></span> <span class='ocrx_word' id='word_1_41' title='bbox 323 976 467 1057; x_wconf 85' lang='lat' dir='ltr'><strong>patiendi</strong></span> <span class='ocrx_word' id='word_1_42' title='bbox 489 975 627 1037; x_wconf 86' lang='lat' dir='ltr'><strong>verbum</strong></span> <span class='ocrx_word' id='word_1_43' title='bbox 647 993 705 1056; x_wconf 89' lang='lat' dir='ltr'><strong>pro</strong></span> <span class='ocrx_word' id='word_1_44' title='bbox 727 975 860 1058; x_wconf 81' lang='lat' dir='ltr'><strong>agendi,</strong></span> <span class='ocrx_word' id='word_1_45' title='bbox 893 989 930 1034; x_wconf 87' lang='lat' dir='ltr'><strong>ut</strong></span> <span class='ocrx_word' id='word_1_46' title='bbox 952 975 1135 1036; x_wconf 88' lang='lat' dir='ltr'><strong>indicentur</strong></span> 
     </span>
     <span class='ocr_line' id='line_1_7' title="bbox 92 1071 1135 1158; baseline 0.004 -22"><span class='ocrx_word' id='word_1_47' title='bbox 92 1087 205 1136; x_wconf 84' lang='lat' dir='ltr'><strong>natura</strong></span> <span class='ocrx_word' id='word_1_48' title='bbox 226 1071 277 1137; x_wconf 81' lang='lat' dir='ltr'><strong>sua</strong></span> <span class='ocrx_word' id='word_1_49' title='bbox 293 1075 442 1148; x_wconf 84' lang='lat' dir='ltr'><strong>decidua.</strong></span> <span class='ocrx_word' id='word_1_50' title='bbox 471 1097 538 1138; x_wconf 91' lang='lat' dir='ltr'><strong>non</strong></span> <span class='ocrx_word' id='word_1_51' title='bbox 554 1089 659 1138; x_wconf 88' lang='lat' dir='ltr'><strong>coacta</strong></span> <span class='ocrx_word' id='word_1_52' title='bbox 681 1095 742 1158; x_wconf 87' lang='lat' dir='ltr'><strong>ope</strong></span> <span class='ocrx_word' id='word_1_53' title='bbox 763 1075 952 1147; x_wconf 77' lang='lat' dir='ltr'><strong>extrinseca;</strong></span> <span class='ocrx_word' id='word_1_54' title='bbox 985 1077 1135 1140; x_wconf 86' lang='lat' dir='ltr'><strong>Solinum</strong></span> 
     </span>
     <span class='ocr_line' id='line_1_8' title="bbox 94 1169 1134 1268; baseline 0.003 -30"><span class='ocrx_word' id='word_1_55' title='bbox 94 1177 228 1240; x_wconf 85' lang='lat' dir='ltr'><strong>enimc.</strong></span> <span class='ocrx_word' id='word_1_56' title='bbox 247 1177 269 1238; x_wconf 90' lang='lat' dir='ltr'><strong>l.</strong></span> <span class='ocrx_word' id='word_1_57' title='bbox 302 1177 418 1240; x_wconf 85' lang='lat' dir='ltr'><strong>habere</strong></span> <span class='ocrx_word' id='word_1_58' title='bbox 442 1177 565 1239; x_wconf 82' lang='lat' dir='ltr'><strong>caduca</strong></span> <span class='ocrx_word' id='word_1_59' title='bbox 581 1169 685 1268; x_wconf 80' lang='lat' dir='ltr'><strong>folia.</strong></span> <span class='ocrx_word' id='word_1_60' title='bbox 736 1177 846 1239; x_wconf 83' lang='lat' dir='ltr'><strong>Minus</strong></span> <span class='ocrx_word' id='word_1_61' title='bbox 871 1177 963 1240; x_wconf 83' lang='lat' dir='ltr'><strong>bene.</strong></span> <span class='ocrx_word' id='word_1_62' title='bbox 1015 1178 1134 1241; x_wconf 78' lang='lat' dir='ltr'><strong>Melina</strong></span> 
     </span>
     <span class='ocr_line' id='line_1_9' title="bbox 92 1278 1133 1347; baseline 0.002 -9"><span class='ocrx_word' id='word_1_63' title='bbox 92 1289 126 1338; x_wconf 89' lang='lat' dir='ltr'><strong>et</strong></span> <span class='ocrx_word' id='word_1_64' title='bbox 144 1279 249 1339; x_wconf 82' lang='lat' dir='ltr'><strong>verine</strong></span> <span class='ocrx_word' id='word_1_65' title='bbox 266 1291 374 1340; x_wconf 85' lang='lat' dir='ltr'><strong>contra</strong></span> <span class='ocrx_word' id='word_1_66' title='bbox 389 1278 557 1342; x_wconf 86' lang='lat' dir='ltr'><strong>Schottum</strong></span> <span class='ocrx_word' id='word_1_67' title='bbox 576 1293 706 1347; x_wconf 85' lang='lat' dir='ltr'><strong>monet,</strong></span> <span class='ocrx_word' id='word_1_68' title='bbox 734 1279 852 1340; x_wconf 76' lang='lat' dir='ltr'><strong>Melam</strong></span> <span class='ocrx_word' id='word_1_69' title='bbox 868 1280 909 1340; x_wconf 86' lang='lat' dir='ltr'><strong>ita</strong></span> <span class='ocrx_word' id='word_1_70' title='bbox 928 1279 1133 1342; x_wconf 85' lang='lat' dir='ltr'><strong>Herodotum</strong></span> 
     </span>
     <span class='ocr_line' id='line_1_10' title="bbox 92 1376 1132 1462; baseline 0.004 -24"><span class='ocrx_word' id='word_1_71' title='bbox 92 1376 197 1458; x_wconf 77' lang='lat' dir='ltr'><strong>sequi,</strong></span> <span class='ocrx_word' id='word_1_72' title='bbox 231 1392 354 1441; x_wconf 88' lang='lat' dir='ltr'><strong>utnon</strong></span> <span class='ocrx_word' id='word_1_73' title='bbox 376 1382 653 1448; x_wconf 81' lang='lat' dir='ltr'><strong>minueauctoris.</strong></span> <span class='ocrx_word' id='word_1_74' title='bbox 686 1399 779 1460; x_wconf 86' lang='lat' dir='ltr'><strong>quam</strong></span> <span class='ocrx_word' id='word_1_75' title='bbox 797 1381 977 1462; x_wconf 83' lang='lat' dir='ltr'><strong>interpretis</strong></span> <span class='ocrx_word' id='word_1_76' title='bbox 1001 1382 1132 1442; x_wconf 85' lang='lat' dir='ltr'><strong>titulum</strong></span> 
     </span>
     <span class='ocr_line' id='line_1_11' title="bbox 92 1479 1133 1564; baseline 0.004 -24"><span class='ocrx_word' id='word_1_77' title='bbox 92 1481 222 1542; x_wconf 90' lang='lat' dir='ltr'><strong>ambiat.</strong></span> <span class='ocrx_word' id='word_1_78' title='bbox 273 1481 360 1542; x_wconf 83' lang='lat' dir='ltr'><strong>Folia</strong></span> <span class='ocrx_word' id='word_1_79' title='bbox 382 1501 399 1543; x_wconf 89' lang='lat' dir='ltr'><strong>a</strong></span> <span class='ocrx_word' id='word_1_80' title='bbox 420 1479 587 1544; x_wconf 77' lang='lat' dir='ltr'>frondibus</span> <span class='ocrx_word' id='word_1_81' title='bbox 609 1481 766 1552; x_wconf 82' lang='lat' dir='ltr'><strong>distinxit,</strong></span> <span class='ocrx_word' id='word_1_82' title='bbox 793 1482 879 1542; x_wconf 90' lang='lat' dir='ltr'><strong>unde</strong></span> <span class='ocrx_word' id='word_1_83' title='bbox 901 1481 1045 1564; x_wconf 79' lang='lat' dir='ltr'><strong>adparet,</strong></span> <span class='ocrx_word' id='word_1_84' title='bbox 1077 1483 1133 1544; x_wconf 88' lang='lat' dir='ltr'><strong>illa</strong></span> 
     </span>
     <span class='ocr_line' id='line_1_12' title="bbox 91 1581 1132 1664; baseline 0.005 -25"><span class='ocrx_word' id='word_1_85' title='bbox 91 1600 150 1662; x_wconf 85' lang='lat' dir='ltr'><strong>pro</strong></span> <span class='ocrx_word' id='word_1_86' title='bbox 165 1581 260 1642; x_wconf 77' lang='lat' dir='ltr'><strong>ramis</strong></span> <span class='ocrx_word' id='word_1_87' title='bbox 276 1583 449 1646; x_wconf 84' lang='lat' dir='ltr'><strong>nostrarum</strong></span> <span class='ocrx_word' id='word_1_88' title='bbox 465 1583 613 1646; x_wconf 87' lang='lat' dir='ltr'><strong>arborum</strong></span> <span class='ocrx_word' id='word_1_89' title='bbox 633 1585 753 1644; x_wconf 86' lang='lat' dir='ltr'><strong>adnexa</strong></span> <span class='ocrx_word' id='word_1_90' title='bbox 770 1581 897 1646; x_wconf 86' lang='lat' dir='ltr'><strong>haerere</strong></span> <span class='ocrx_word' id='word_1_91' title='bbox 918 1596 1077 1664; x_wconf 84' lang='lat' dir='ltr'><strong>tamquam</strong></span> <span class='ocrx_word' id='word_1_92' title='bbox 1096 1585 1132 1644; x_wconf 89' lang='lat' dir='ltr'><strong>in</strong></span> 
     </span>
     <span class='ocr_line' id='line_1_13' title="bbox 91 1681 1134 1764; baseline 0.002 -22"><span class='ocrx_word' id='word_1_93' title='bbox 91 1683 210 1763; x_wconf 75' lang='lat' dir='ltr'><strong>plantis</strong></span> <span class='ocrx_word' id='word_1_94' title='bbox 229 1683 284 1764; x_wconf 86' lang='lat' dir='ltr'><strong>ipii</strong></span> <span class='ocrx_word' id='word_1_95' title='bbox 298 1685 419 1746; x_wconf 83' lang='lat' dir='ltr'><strong>caudici</strong></span> <span class='ocrx_word' id='word_1_96' title='bbox 436 1681 560 1747; x_wconf 78' lang='lat' dir='ltr'>frondis</span> <span class='ocrx_word' id='word_1_97' title='bbox 580 1683 671 1745; x_wconf 79' lang='lat' dir='ltr'><strong>instar</strong></span> <span class='ocrx_word' id='word_1_98' title='bbox 690 1681 838 1747; x_wconf 83' lang='lat' dir='ltr'><strong>formato.</strong></span> <span class='ocrx_word' id='word_1_99' title='bbox 873 1685 959 1744; x_wconf 82' lang='lat' dir='ltr'><strong>Hine</strong></span> <span class='ocrx_word' id='word_1_100' title='bbox 976 1698 1009 1746; x_wconf 88' lang='lat' dir='ltr'><strong>et</strong></span> <span class='ocrx_word' id='word_1_101' title='bbox 1022 1687 1134 1764; x_wconf 64' lang='lat' dir='ltr'><strong>proxi.</strong></span> 
     </span>
     <span class='ocr_line' id='line_1_14' title="bbox 92 1785 1134 1868; baseline 0.003 -25"><span class='ocrx_word' id='word_1_102' title='bbox 92 1785 151 1844; x_wconf 77' lang='lat' dir='ltr'><strong>mis</strong></span> <span class='ocrx_word' id='word_1_103' title='bbox 173 1785 277 1852; x_wconf 81' lang='lat' dir='ltr'><strong>addit.</strong></span> <span class='ocrx_word' id='word_1_104' title='bbox 310 1787 396 1846; x_wconf 87' lang='lat' dir='ltr'><strong>unde</strong></span> <span class='ocrx_word' id='word_1_105' title='bbox 417 1787 456 1846; x_wconf 81' lang='lat' dir='ltr'><strong>ad</strong></span> <span class='ocrx_word' id='word_1_106' title='bbox 480 1786 777 1848; x_wconf 78' lang='lat' dir='ltr'><strong>monteedeductur</strong></span> <span class='ocrx_word' id='word_1_107' title='bbox 795 1785 838 1848; x_wconf 84' lang='lat' dir='ltr'><strong>est</strong></span> <span class='ocrx_word' id='word_1_108' title='bbox 860 1785 1042 1857; x_wconf 84' lang='lat' dir='ltr'><strong>Pintianue.</strong></span> <span class='ocrx_word' id='word_1_109' title='bbox 1076 1787 1134 1868; x_wconf 83' lang='lat' dir='ltr'><strong>qui</strong></span> 
     </span>
     <span class='ocr_line' id='line_1_15' title="bbox 90 1885 711 1969; baseline 0.011 -23"><span class='ocrx_word' id='word_1_110' title='bbox 90 1897 200 1947; x_wconf 87' lang='lat' dir='ltr'><strong>tamen</strong></span> <span class='ocrx_word' id='word_1_111' title='bbox 222 1885 379 1969; x_wconf 74' lang='lat' dir='ltr'><strong>adipsum</strong></span> <span class='ocrx_word' id='word_1_112' title='bbox 399 1907 470 1950; x_wconf 86' lang='lat' dir='ltr'><strong>rem</strong></span> <span class='ocrx_word' id='word_1_113' title='bbox 490 1887 574 1948; x_wconf 89' lang='lat' dir='ltr'><strong>nihil</strong></span> <span class='ocrx_word' id='word_1_114' title='bbox 592 1887 711 1952; x_wconf 86' lang='lat' dir='ltr'><strong>valent.</strong></span> 
     </span>
    </p>
   </div>
   <div class='ocr_carea' id='block_1_3' title="bbox 86 2077 1220 4201">
    <p class='ocr_par' dir='ltr' id='par_1_3' title="bbox 86 2077 1220 4201">
     <span class='ocr_line' id='line_1_16' title="bbox 169 2077 1133 2179; baseline 0.003 -30"><span class='ocrx_word' id='word_1_115' title='bbox 169 2077 325 2179; x_wconf 81' lang='lat' dir='ltr'><em>pessum</em></span> <span class='ocrx_word' id='word_1_116' title='bbox 357 2103 395 2153; x_wconf 83' lang='lat' dir='ltr'><strong>et</strong></span> <span class='ocrx_word' id='word_1_117' title='bbox 425 2089 621 2173; x_wconf 83' lang='lat' dir='ltr'><strong>penitus)</strong></span> <span class='ocrx_word' id='word_1_118' title='bbox 671 2091 719 2152; x_wconf 82' lang='lat' dir='ltr'><strong>lu</strong></span> <span class='ocrx_word' id='word_1_119' title='bbox 740 2089 888 2154; x_wconf 81' lang='lat' dir='ltr'><strong>Ciaccon.</strong></span> <span class='ocrx_word' id='word_1_120' title='bbox 910 2090 947 2152; x_wconf 82' lang='grc' dir='ltr'><strong>Δ.</strong></span> <span class='ocrx_word' id='word_1_121' title='bbox 971 2089 1133 2152; x_wconf 86' lang='lat' dir='ltr'><strong>Gronovii</strong></span> 
     </span>
     <span class='ocr_line' id='line_1_17' title="bbox 91 2187 1132 2281; baseline 0.001 -30"><span class='ocrx_word' id='word_1_122' title='bbox 91 2201 128 2251; x_wconf 89' lang='lat' dir='ltr'><strong>et</strong></span> <span class='ocrx_word' id='word_1_123' title='bbox 140 2193 216 2260; x_wconf 86' lang='lat' dir='ltr'><strong>mei,</strong></span> <span class='ocrx_word' id='word_1_124' title='bbox 235 2205 358 2253; x_wconf 89' lang='lat' dir='ltr'><strong>tantum</strong></span> <span class='ocrx_word' id='word_1_125' title='bbox 376 2191 468 2277; x_wconf 84' lang='lat' dir='ltr'><strong>Prag.</strong></span> <span class='ocrx_word' id='word_1_126' title='bbox 484 2207 516 2254; x_wconf 85' lang='lat' dir='ltr'><strong>et</strong></span> <span class='ocrx_word' id='word_1_127' title='bbox 533 2191 626 2254; x_wconf 78' lang='lat' dir='ltr'><strong>Paris.</strong></span> <span class='ocrx_word' id='word_1_128' title='bbox 643 2211 674 2256; x_wconf 83' lang='lat'><strong>2.</strong></span> <span class='ocrx_word' id='word_1_129' title='bbox 690 2193 801 2256; x_wconf 83' lang='lat' dir='ltr'><strong>omiffo</strong></span> <span class='ocrx_word' id='word_1_130' title='bbox 817 2207 865 2265; x_wconf 85' lang='lat' dir='ltr'><strong>et,·</strong></span> <span class='ocrx_word' id='word_1_131' title='bbox 889 2193 977 2254; x_wconf 86' lang='lat' dir='ltr'><strong>Leid.</strong></span> <span class='ocrx_word' id='word_1_132' title='bbox 994 2187 1132 2281; x_wconf 65' lang='lat' dir='ltr'><strong>ptffmrif</strong></span> 
     </span>
     <span class='ocr_line' id='line_1_18' title="bbox 89 2285 1132 2382; baseline 0.002 -30"><span class='ocrx_word' id='word_1_133' title='bbox 89 2291 266 2374; x_wconf 82' lang='lat' dir='ltr'><strong>Rehdiger.</strong></span> <span class='ocrx_word' id='word_1_134' title='bbox 285 2287 408 2382; x_wconf 81' lang='lat' dir='ltr'><strong>peffim.</strong></span> <span class='ocrx_word' id='word_1_135' title='bbox 460 2295 544 2357; x_wconf 86' lang='lat' dir='ltr'><strong>Edd.</strong></span> <span class='ocrx_word' id='word_1_136' title='bbox 566 2313 596 2360; x_wconf 82' lang='grc' dir='ltr'><strong>ι.</strong></span> <span class='ocrx_word' id='word_1_137' title='bbox 617 2313 648 2358; x_wconf 76' lang='lat' dir='ltr'><strong>a.</strong></span> <span class='ocrx_word' id='word_1_138' title='bbox 665 2313 700 2374; x_wconf 88' lang='lat'><strong>9.</strong></span> <span class='ocrx_word' id='word_1_139' title='bbox 722 2307 777 2373; x_wconf 78' lang='lat'><strong>13.</strong></span> <span class='ocrx_word' id='word_1_140' title='bbox 804 2285 921 2382; x_wconf 78' lang='lat' dir='ltr'><strong>peffum</strong></span> <span class='ocrx_word' id='word_1_141' title='bbox 936 2305 967 2353; x_wconf 84' lang='lat' dir='ltr'><strong>et</strong></span> <span class='ocrx_word' id='word_1_142' title='bbox 982 2296 1132 2372; x_wconf 82' lang='lat' dir='ltr'><strong>penitus,·</strong></span> 
     </span>
     <span class='ocr_line' id='line_1_19' title="bbox 92 2393 1129 2475; baseline -0.001 -17"><span class='ocrx_word' id='word_1_143' title='bbox 92 2405 128 2470; x_wconf 83' lang='lat'><strong>3·</strong></span> <span class='ocrx_word' id='word_1_144' title='bbox 145 2403 181 2472; x_wconf 79' lang='grc'><strong>4.</strong></span> <span class='ocrx_word' id='word_1_145' title='bbox 200 2405 233 2472; x_wconf 86' lang='lat'><strong>5·</strong></span> <span class='ocrx_word' id='word_1_146' title='bbox 257 2395 290 2458; x_wconf 84' lang='grc'><strong>6.</strong></span> <span class='ocrx_word' id='word_1_147' title='bbox 316 2410 349 2470; x_wconf 89' lang='lat'><strong>7.</strong></span> <span class='ocrx_word' id='word_1_148' title='bbox 367 2407 400 2472; x_wconf 81' lang='lat' dir='ltr'><strong>ss.</strong></span> <span class='ocrx_word' id='word_1_149' title='bbox 423 2415 479 2458; x_wconf 87' lang='grc' dir='ltr'><strong>ιο.</strong></span> <span class='ocrx_word' id='word_1_150' title='bbox 509 2417 564 2458; x_wconf 90' lang='grc' dir='ltr'><strong>ιι.</strong></span> <span class='ocrx_word' id='word_1_151' title='bbox 590 2413 644 2458; x_wconf 77' lang='lat' dir='ltr'><strong>aa.</strong></span> <span class='ocrx_word' id='word_1_152' title='bbox 671 2405 725 2475; x_wconf 90' lang='grc' dir='ltr'><strong>ι4.</strong></span> <span class='ocrx_word' id='word_1_153' title='bbox 753 2407 809 2472; x_wconf 82' lang='grc'><strong>15.</strong></span> <span class='ocrx_word' id='word_1_154' title='bbox 830 2393 885 2457; x_wconf 81' lang='grc'><strong>16.</strong></span> <span class='ocrx_word' id='word_1_155' title='bbox 911 2409 964 2468; x_wconf 87' lang='lat'><strong>17.</strong></span> <span class='ocrx_word' id='word_1_156' title='bbox 993 2407 1047 2472; x_wconf 74' lang='lat' dir='ltr'><strong>ag.</strong></span> <span class='ocrx_word' id='word_1_157' title='bbox 1076 2413 1129 2473; x_wconf 80' lang='lat'><strong>¹9·</strong></span> 
     </span>
     <span class='ocr_line' id='line_1_20' title="bbox 91 2495 1131 2576; baseline -0.002 -18"><span class='ocrx_word' id='word_1_158' title='bbox 91 2509 229 2558; x_wconf 78' lang='lat'><strong>20.21.</strong></span> <span class='ocrx_word' id='word_1_159' title='bbox 254 2511 312 2556; x_wconf 77' lang='lat'><strong>22.</strong></span> <span class='ocrx_word' id='word_1_160' title='bbox 340 2511 398 2574; x_wconf 75' lang='lat'><strong>23.</strong></span> <span class='ocrx_word' id='word_1_161' title='bbox 425 2507 481 2576; x_wconf 77' lang='lat'><strong>24.</strong></span> <span class='ocrx_word' id='word_1_162' title='bbox 510 2509 566 2574; x_wconf 73' lang='lat'><strong>25.</strong></span> <span class='ocrx_word' id='word_1_163' title='bbox 588 2499 644 2560; x_wconf 73' lang='lat'><strong>26.</strong></span> <span class='ocrx_word' id='word_1_164' title='bbox 669 2512 724 2570; x_wconf 86' lang='lat'><strong>27·</strong></span> <span class='ocrx_word' id='word_1_165' title='bbox 747 2509 803 2572; x_wconf 72' lang='grc' dir='ltr'><strong>αθ.</strong></span> <span class='ocrx_word' id='word_1_166' title='bbox 828 2497 992 2564; x_wconf 79' lang='lat' dir='ltr'><strong>vadianaa,</strong></span> <span class='ocrx_word' id='word_1_167' title='bbox 1020 2495 1131 2556; x_wconf 74' lang='lat' dir='ltr'><strong>Oliva·</strong></span> 
     </span>
     <span class='ocr_line' id='line_1_21' title="bbox 87 2585 1130 2687; baseline 0.001 -34"><span class='ocrx_word' id='word_1_168' title='bbox 87 2595 196 2656; x_wconf 88' lang='lat' dir='ltr'><strong>rianae</strong></span> <span class='ocrx_word' id='word_1_169' title='bbox 219 2590 328 2687; x_wconf 82' lang='lat' dir='ltr'><strong>paffim</strong></span> <span class='ocrx_word' id='word_1_170' title='bbox 352 2609 383 2658; x_wconf 83' lang='lat' dir='ltr'><strong>et</strong></span> <span class='ocrx_word' id='word_1_171' title='bbox 406 2585 555 2678; x_wconf 52' lang='lat' dir='ltr'><strong>petritum·</strong></span> <span class='ocrx_word' id='word_1_172' title='bbox 599 2599 750 2664; x_wconf 76' lang='lat' dir='ltr'><strong>Vinctus,</strong></span> <span class='ocrx_word' id='word_1_173' title='bbox 781 2597 935 2658; x_wconf 83' lang='lat' dir='ltr'><strong>Schottus</strong></span> <span class='ocrx_word' id='word_1_174' title='bbox 956 2587 1074 2683; x_wconf 73' lang='lat' dir='ltr'><strong>pffaem</strong></span> <span class='ocrx_word' id='word_1_175' title='bbox 1096 2607 1130 2654; x_wconf 77' lang='lat' dir='ltr'><strong>et</strong></span> 
     </span>
     <span class='ocr_line' id='line_1_22' title="bbox 86 2690 1131 2785; baseline 0.002 -31"><span class='ocrx_word' id='word_1_176' title='bbox 86 2699 240 2777; x_wconf 66' lang='lat' dir='ltr'><strong>pertitam</strong></span> <span class='ocrx_word' id='word_1_177' title='bbox 273 2695 410 2770; x_wconf 74' lang='lat' dir='ltr'><strong>Voffiua,</strong></span> <span class='ocrx_word' id='word_1_178' title='bbox 434 2709 495 2778; x_wconf 79' lang='grc' dir='ltr'><strong>4ο.</strong></span> <span class='ocrx_word' id='word_1_179' title='bbox 515 2710 575 2778; x_wconf 82' lang='grc' dir='ltr'><strong>4ι.</strong></span> <span class='ocrx_word' id='word_1_180' title='bbox 597 2709 657 2778; x_wconf 64' lang='grc'><strong>44.</strong></span> <span class='ocrx_word' id='word_1_181' title='bbox 683 2690 803 2785; x_wconf 77' lang='lat' dir='ltr'><strong>peffiam</strong></span> <span class='ocrx_word' id='word_1_182' title='bbox 827 2699 973 2774; x_wconf 82' lang='lat' dir='ltr'><strong>penitus;</strong></span> <span class='ocrx_word' id='word_1_183' title='bbox 998 2697 1131 2758; x_wconf 82' lang='lat' dir='ltr'><strong>lieinoi·</strong></span> 
     </span>
     <span class='ocr_line' id='line_1_23' title="bbox 86 2791 1129 2888; baseline 0.002 -30"><span class='ocrx_word' id='word_1_184' title='bbox 86 2798 212 2866; x_wconf 83' lang='lat' dir='ltr'><strong>dianae.</strong></span> <span class='ocrx_word' id='word_1_185' title='bbox 236 2808 296 2878; x_wconf 90' lang='grc'><strong>44.</strong></span> <span class='ocrx_word' id='word_1_186' title='bbox 315 2809 434 2880; x_wconf 87' lang='grc'><strong>45.-</strong></span> <span class='ocrx_word' id='word_1_187' title='bbox 450 2791 568 2888; x_wconf 75' lang='lat' dir='ltr'><strong>peffitm</strong></span> <span class='ocrx_word' id='word_1_188' title='bbox 586 2813 617 2862; x_wconf 84' lang='lat' dir='ltr'><strong>et</strong></span> <span class='ocrx_word' id='word_1_189' title='bbox 631 2803 770 2880; x_wconf 81' lang='lat' dir='ltr'><strong>pem&#39;tns.</strong></span> <span class='ocrx_word' id='word_1_190' title='bbox 793 2817 995 2860; x_wconf 79' lang='lat' dir='ltr'><strong>rzscuvcrra.</strong></span> <span class='ocrx_word' id='word_1_191' title='bbox 1033 2798 1129 2860; x_wconf 81' lang='lat' dir='ltr'><strong>Forte</strong></span> 
     </span>
     <span class='ocr_line' id='line_1_24' title="bbox 87 2889 1220 2986; baseline 0.001 -29"><span class='ocrx_word' id='word_1_192' title='bbox 87 2889 211 2986; x_wconf 82' lang='lat' dir='ltr'><strong>peffnm</strong></span> <span class='ocrx_word' id='word_1_193' title='bbox 231 2903 340 2963; x_wconf 77' lang='lat' dir='ltr'><strong>euntia</strong></span> <span class='ocrx_word' id='word_1_194' title='bbox 355 2903 506 2980; x_wconf 81' lang='lat' dir='ltr'><strong>accipiat.</strong></span> <span class='ocrx_word' id='word_1_195' title='bbox 539 2919 753 2962; x_wconf 73' lang='lat' dir='ltr'><strong>craecorum.</strong></span> <span class='ocrx_word' id='word_1_196' title='bbox 804 2891 925 2986; x_wconf 75' lang='lat' dir='ltr'><strong>Peffnm</strong></span> <span class='ocrx_word' id='word_1_197' title='bbox 948 2900 1129 2978; x_wconf 80' lang='lat' dir='ltr'><strong>penitusex</strong></span> <span class='ocrx_word' id='word_1_198' title='bbox 1211 2945 1220 2958; x_wconf 75' lang='lat'><strong>.</strong></span> 
     </span>
     <span class='ocr_line' id='line_1_25' title="bbox 87 2995 1130 3098; baseline -0.002 -38"><span class='ocrx_word' id='word_1_199' title='bbox 87 3000 181 3098; x_wconf 74' lang='lat' dir='ltr'><strong>11er</strong></span> <span class='ocrx_word' id='word_1_200' title='bbox 203 2995 406 3086; x_wconf 84' lang='lat' dir='ltr'><strong>[adversante</strong></span> <span class='ocrx_word' id='word_1_201' title='bbox 429 3004 468 3065; x_wconf 84' lang='lat' dir='ltr'><strong>A.</strong></span> <span class='ocrx_word' id='word_1_202' title='bbox 494 3003 654 3064; x_wconf 85' lang='lat' dir='ltr'><strong>Gronovii</strong></span> <span class='ocrx_word' id='word_1_203' title='bbox 683 2997 886 3087; x_wconf 84' lang='lat' dir='ltr'><strong>testimonio]</strong></span> <span class='ocrx_word' id='word_1_204' title='bbox 910 2997 1130 3081; x_wconf 58' lang='lat' dir='ltr'><strong>reposuimuu</strong></span> 
     </span>
     <span class='ocr_line' id='line_1_26' title="bbox 87 3094 1128 3192; baseline 0.004 -32"><span class='ocrx_word' id='word_1_205' title='bbox 87 3103 179 3182; x_wconf 79' lang='lat' dir='ltr'><strong>prius</strong></span> <span class='ocrx_word' id='word_1_206' title='bbox 194 3103 282 3182; x_wconf 85' lang='lat' dir='ltr'><strong>enim</strong></span> <span class='ocrx_word' id='word_1_207' title='bbox 297 3104 404 3184; x_wconf 89' lang='lat' dir='ltr'><strong>inepte</strong></span> <span class='ocrx_word' id='word_1_208' title='bbox 421 3100 619 3174; x_wconf 79' lang='lat' dir='ltr'><strong>scribebatur,</strong></span> <span class='ocrx_word' id='word_1_209' title='bbox 639 3094 757 3192; x_wconf 79' lang='lat' dir='ltr'><strong>peffirm</strong></span> <span class='ocrx_word' id='word_1_210' title='bbox 774 3114 805 3161; x_wconf 82' lang='lat' dir='ltr'><strong>ct</strong></span> <span class='ocrx_word' id='word_1_211' title='bbox 818 3103 953 3180; x_wconf 77' lang='lat' dir='ltr'><strong>pertitus.</strong></span> <span class='ocrx_word' id='word_1_212' title='bbox 984 3121 1128 3164; x_wconf 79' lang='lat' dir='ltr'><strong>voesrva.</strong></span> 
     </span>
     <span class='ocr_line' id='line_1_27' title="bbox 87 3202 1130 3270; baseline 0.002 -8"><span class='ocrx_word' id='word_1_213' title='bbox 87 3203 242 3263; x_wconf 79' lang='lat' dir='ltr'><strong>Barthius</strong></span> <span class='ocrx_word' id='word_1_214' title='bbox 259 3202 412 3266; x_wconf 76' lang='lat' dir='ltr'><strong>adversar.</strong></span> <span class='ocrx_word' id='word_1_215' title='bbox 433 3223 460 3268; x_wconf 91' lang='lat' dir='ltr'><strong>c.</strong></span> <span class='ocrx_word' id='word_1_216' title='bbox 476 3205 497 3266; x_wconf 91' lang='lat' dir='ltr'><strong>l.</strong></span> <span class='ocrx_word' id='word_1_217' title='bbox 531 3207 577 3264; x_wconf 91' lang='lat' dir='ltr'><strong>uti</strong></span> <span class='ocrx_word' id='word_1_218' title='bbox 602 3206 666 3266; x_wconf 89' lang='lat' dir='ltr'><strong>iam</strong></span> <span class='ocrx_word' id='word_1_219' title='bbox 686 3217 854 3266; x_wconf 83' lang='lat' dir='ltr'><strong>notaverat</strong></span> <span class='ocrx_word' id='word_1_220' title='bbox 877 3205 913 3264; x_wconf 83' lang='lat' dir='ltr'><strong>tt.</strong></span> <span class='ocrx_word' id='word_1_221' title='bbox 932 3202 1130 3270; x_wconf 68' lang='lat' dir='ltr'><strong>Gronovius,</strong></span> 
     </span>
     <span class='ocr_line' id='line_1_28' title="bbox 87 3303 1131 3389; baseline 0.004 -25"><span class='ocrx_word' id='word_1_222' title='bbox 87 3304 247 3386; x_wconf 81' lang='lat' dir='ltr'><strong>expungit</strong></span> <span class='ocrx_word' id='word_1_223' title='bbox 268 3307 395 3384; x_wconf 82' lang='lat' dir='ltr'><strong>penitus</strong></span> <span class='ocrx_word' id='word_1_224' title='bbox 410 3317 570 3387; x_wconf 85' lang='lat' dir='ltr'><strong>tamquam</strong></span> <span class='ocrx_word' id='word_1_225' title='bbox 592 3307 742 3389; x_wconf 88' lang='lat' dir='ltr'><strong>putidum</strong></span> <span class='ocrx_word' id='word_1_226' title='bbox 760 3303 919 3387; x_wconf 81' lang='lat' dir='ltr'><strong>gloiiema.</strong></span> <span class='ocrx_word' id='word_1_227' title='bbox 972 3305 1013 3364; x_wconf 80' lang='lat' dir='ltr'><strong>At</strong></span> <span class='ocrx_word' id='word_1_228' title='bbox 1028 3305 1131 3382; x_wconf 87' lang='lat' dir='ltr'><strong>Syno-</strong></span> 
     </span>
     <span class='ocr_line' id='line_1_29' title="bbox 87 3404 1133 3489; baseline 0.001 -25"><span class='ocrx_word' id='word_1_229' title='bbox 87 3405 200 3483; x_wconf 84' lang='lat' dir='ltr'><strong>nymia</strong></span> <span class='ocrx_word' id='word_1_230' title='bbox 214 3425 280 3466; x_wconf 89' lang='lat' dir='ltr'><strong>non</strong></span> <span class='ocrx_word' id='word_1_231' title='bbox 296 3405 412 3476; x_wconf 83' lang='lat' dir='ltr'><strong>turbat,</strong></span> <span class='ocrx_word' id='word_1_232' title='bbox 439 3425 513 3466; x_wconf 86' lang='lat' dir='ltr'><strong>cnm</strong></span> <span class='ocrx_word' id='word_1_233' title='bbox 529 3409 601 3467; x_wconf 84' lang='lat' dir='ltr'><strong>talia</strong></span> <span class='ocrx_word' id='word_1_234' title='bbox 618 3409 652 3467; x_wconf 89' lang='lat' dir='ltr'><strong>in</strong></span> <span class='ocrx_word' id='word_1_235' title='bbox 668 3427 782 3489; x_wconf 82' lang='lat' dir='ltr'><strong>magna</strong></span> <span class='ocrx_word' id='word_1_236' title='bbox 800 3406 873 3467; x_wconf 87' lang='lat' dir='ltr'><strong>licet</strong></span> <span class='ocrx_word' id='word_1_237' title='bbox 890 3404 1044 3466; x_wconf 85' lang='lat' dir='ltr'><strong>brevitate</strong></span> <span class='ocrx_word' id='word_1_238' title='bbox 1061 3423 1133 3465; x_wconf 83' lang='lat' dir='ltr'><strong>non</strong></span> 
     </span>
     <span class='ocr_line' id='line_1_30' title="bbox 90 3504 1130 3588; baseline 0 -22"><span class='ocrx_word' id='word_1_239' title='bbox 90 3509 229 3568; x_wconf 89' lang='lat' dir='ltr'><strong>omnino</strong></span> <span class='ocrx_word' id='word_1_240' title='bbox 244 3504 366 3588; x_wconf 81' lang='lat' dir='ltr'><strong>respuat</strong></span> <span class='ocrx_word' id='word_1_241' title='bbox 386 3507 488 3570; x_wconf 84' lang='lat' dir='ltr'><strong>Melae</strong></span> <span class='ocrx_word' id='word_1_242' title='bbox 510 3511 622 3572; x_wconf 86' lang='lat' dir='ltr'><strong>oratio.</strong></span> <span class='ocrx_word' id='word_1_243' title='bbox 676 3505 728 3572; x_wconf 84' lang='lat' dir='ltr'><strong>ef.</strong></span> <span class='ocrx_word' id='word_1_244' title='bbox 744 3509 783 3568; x_wconf 86' lang='lat' dir='ltr'><strong>ad</strong></span> <span class='ocrx_word' id='word_1_245' title='bbox 807 3527 836 3576; x_wconf 91' lang='grc' dir='ltr'><strong>ι.</strong></span> <span class='ocrx_word' id='word_1_246' title='bbox 863 3521 916 3576; x_wconf 81' lang='lat'><strong>12,</strong></span> <span class='ocrx_word' id='word_1_247' title='bbox 936 3513 971 3588; x_wconf 89' lang='grc'><strong>4.</strong></span> <span class='ocrx_word' id='word_1_248' title='bbox 998 3517 1030 3566; x_wconf 89' lang='lat' dir='ltr'><strong>et</strong></span> <span class='ocrx_word' id='word_1_249' title='bbox 1047 3525 1130 3586; x_wconf 80' lang='lat' dir='ltr'><strong>quae</strong></span> 
     </span>
     <span class='ocr_line' id='line_1_31' title="bbox 90 3606 1131 3690; baseline -0.001 -22"><span class='ocrx_word' id='word_1_250' title='bbox 90 3607 232 3668; x_wconf 85' lang='lat' dir='ltr'><strong>coniecta</strong></span> <span class='ocrx_word' id='word_1_251' title='bbox 255 3609 336 3668; x_wconf 87' lang='lat' dir='ltr'><strong>dabo</strong></span> <span class='ocrx_word' id='word_1_252' title='bbox 353 3610 386 3668; x_wconf 88' lang='lat' dir='ltr'><strong>in</strong></span> <span class='ocrx_word' id='word_1_253' title='bbox 402 3607 612 3672; x_wconf 82' lang='lat' dir='ltr'><strong>differtatione</strong></span> <span class='ocrx_word' id='word_1_254' title='bbox 630 3611 671 3672; x_wconf 87' lang='lat' dir='ltr'><strong>de</strong></span> <span class='ocrx_word' id='word_1_255' title='bbox 688 3609 771 3670; x_wconf 85' lang='lat' dir='ltr'><strong>Mela</strong></span> <span class='ocrx_word' id='word_1_256' title='bbox 788 3627 814 3668; x_wconf 89' lang='lat' dir='ltr'><strong>c.</strong></span> <span class='ocrx_word' id='word_1_257' title='bbox 833 3623 867 3688; x_wconf 84' lang='lat'><strong>7.</strong></span> <span class='ocrx_word' id='word_1_258' title='bbox 907 3607 1012 3690; x_wconf 84' lang='lat' dir='ltr'><strong>Quare</strong></span> <span class='ocrx_word' id='word_1_259' title='bbox 1032 3606 1131 3667; x_wconf 83' lang='lat' dir='ltr'><strong>verba</strong></span> 
     </span>
     <span class='ocr_line' id='line_1_32' title="bbox 88 3705 1133 3788; baseline -0.002 -18"><span class='ocrx_word' id='word_1_260' title='bbox 88 3709 185 3778; x_wconf 85' lang='lat' dir='ltr'><strong>haec,</strong></span> <span class='ocrx_word' id='word_1_261' title='bbox 211 3710 314 3788; x_wconf 86' lang='lat' dir='ltr'><strong>qualia</strong></span> <span class='ocrx_word' id='word_1_262' title='bbox 336 3710 463 3769; x_wconf 85' lang='lat' dir='ltr'><strong>tradunt</strong></span> <span class='ocrx_word' id='word_1_263' title='bbox 479 3713 620 3780; x_wconf 70' lang='lat' dir='ltr'><strong>codices.</strong></span> <span class='ocrx_word' id='word_1_264' title='bbox 653 3705 755 3772; x_wconf 85' lang='lat' dir='ltr'><strong>laceffi</strong></span> <span class='ocrx_word' id='word_1_265' title='bbox 772 3727 837 3768; x_wconf 89' lang='lat' dir='ltr'><strong>non</strong></span> <span class='ocrx_word' id='word_1_266' title='bbox 857 3707 987 3768; x_wconf 89' lang='lat' dir='ltr'><strong>debent.</strong></span> <span class='ocrx_word' id='word_1_267' title='bbox 1031 3706 1133 3788; x_wconf 83' lang='lat' dir='ltr'><strong>Quod</strong></span> 
     </span>
     <span class='ocr_line' id='line_1_33' title="bbox 88 3800 1132 3896; baseline -0.006 -24"><span class='ocrx_word' id='word_1_268' title='bbox 88 3809 298 3874; x_wconf 80' lang='lat' dir='ltr'><strong>Salmaiiuec.</strong></span> <span class='ocrx_word' id='word_1_269' title='bbox 315 3811 336 3871; x_wconf 90' lang='lat'><strong>1.</strong></span> <span class='ocrx_word' id='word_1_270' title='bbox 361 3811 396 3870; x_wconf 90' lang='lat' dir='ltr'><strong>in</strong></span> <span class='ocrx_word' id='word_1_271' title='bbox 422 3813 648 3874; x_wconf 80' lang='lat' dir='ltr'><strong>emendatione</strong></span> <span class='ocrx_word' id='word_1_272' title='bbox 673 3813 770 3872; x_wconf 73' lang='lat' dir='ltr'><strong>huius</strong></span> <span class='ocrx_word' id='word_1_273' title='bbox 794 3810 856 3870; x_wconf 83' lang='lat' dir='ltr'><strong>loci</strong></span> <span class='ocrx_word' id='word_1_274' title='bbox 880 3811 974 3890; x_wconf 85' lang='lat' dir='ltr'><strong>ponit</strong></span> <span class='ocrx_word' id='word_1_275' title='bbox 994 3800 1132 3896; x_wconf 75' lang='lat' dir='ltr'><strong>paffitm.</strong></span> 
     </span>
     <span class='ocr_line' id='line_1_34' title="bbox 90 3907 1134 3995; baseline -0.005 -21"><span class='ocrx_word' id='word_1_276' title='bbox 90 3929 262 3995; x_wconf 82' lang='lat' dir='ltr'><strong>operarum</strong></span> <span class='ocrx_word' id='word_1_277' title='bbox 280 3911 362 3972; x_wconf 81' lang='lat' dir='ltr'><strong>vitio</strong></span> <span class='ocrx_word' id='word_1_278' title='bbox 382 3913 414 3970; x_wconf 86' lang='lat' dir='ltr'><strong>id</strong></span> <span class='ocrx_word' id='word_1_279' title='bbox 433 3909 553 3974; x_wconf 80' lang='lat' dir='ltr'><strong>iactum</strong></span> <span class='ocrx_word' id='word_1_280' title='bbox 570 3915 710 3984; x_wconf 86' lang='lat' dir='ltr'><strong>videtur,</strong></span> <span class='ocrx_word' id='word_1_281' title='bbox 736 3911 793 3972; x_wconf 85' lang='lat' dir='ltr'><strong>niti</strong></span> <span class='ocrx_word' id='word_1_282' title='bbox 811 3907 893 3970; x_wconf 83' lang='lat' dir='ltr'><strong>forte</strong></span> <span class='ocrx_word' id='word_1_283' title='bbox 908 3912 1003 3970; x_wconf 86' lang='lat' dir='ltr'><strong>etiam</strong></span> <span class='ocrx_word' id='word_1_284' title='bbox 1021 3911 1134 3970; x_wconf 88' lang='lat' dir='ltr'><strong>maluit</strong></span> 
     </span>
     <span class='ocr_line' id='line_1_35' title="bbox 86 4003 1145 4102; baseline -0.004 -28"><span class='ocrx_word' id='word_1_285' title='bbox 86 4005 215 4102; x_wconf 81' lang='lat' dir='ltr'><strong>paffim.</strong></span> <span class='ocrx_word' id='word_1_286' title='bbox 257 4013 321 4074; x_wconf 90' lang='lat' dir='ltr'><strong>Sed</strong></span> <span class='ocrx_word' id='word_1_287' title='bbox 343 4003 462 4100; x_wconf 78' lang='lat' dir='ltr'><strong>peffiam</strong></span> <span class='ocrx_word' id='word_1_288' title='bbox 482 4012 565 4076; x_wconf 88' lang='lat' dir='ltr'><strong>bene</strong></span> <span class='ocrx_word' id='word_1_289' title='bbox 583 4014 725 4078; x_wconf 85' lang='lat' dir='ltr'><strong>habetet</strong></span> <span class='ocrx_word' id='word_1_290' title='bbox 746 4013 797 4072; x_wconf 88' lang='lat' dir='ltr'><strong>hic</strong></span> <span class='ocrx_word' id='word_1_291' title='bbox 813 4012 952 4072; x_wconf 83' lang='lat' dir='ltr'><strong>maxime</strong></span> <span class='ocrx_word' id='word_1_292' title='bbox 971 4011 1145 4092; x_wconf 79' lang='lat' dir='ltr'><strong>congruit.‘</strong></span> 
     </span>
     <span class='ocr_line' id='line_1_36' title="bbox 87 4103 1134 4201; baseline -0.005 -27"><span class='ocrx_word' id='word_1_293' title='bbox 87 4115 136 4178; x_wconf 86' lang='lat' dir='ltr'><strong>ita</strong></span> <span class='ocrx_word' id='word_1_294' title='bbox 157 4113 321 4176; x_wconf 70' lang='lat' dir='ltr'><strong>Lucretius</strong></span> <span class='ocrx_word' id='word_1_295' title='bbox 339 4113 373 4183; x_wconf 86' lang='lat'><strong>6,</strong></span> <span class='ocrx_word' id='word_1_296' title='bbox 392 4125 476 4192; x_wconf 79' lang='lat'><strong>588.</strong></span> <span class='ocrx_word' id='word_1_297' title='bbox 501 4117 619 4178; x_wconf 78' lang='lat' dir='ltr'><strong>multae</strong></span> <span class='ocrx_word' id='word_1_298' title='bbox 640 4137 696 4198; x_wconf 79' lang='lat' dir='ltr'><strong>per</strong></span> <span class='ocrx_word' id='word_1_299' title='bbox 718 4133 802 4176; x_wconf 83' lang='lat' dir='ltr'><strong>mare</strong></span> <span class='ocrx_word' id='word_1_300' title='bbox 822 4103 943 4201; x_wconf 82' lang='lat' dir='ltr'><strong>peffitm</strong></span> <span class='ocrx_word' id='word_1_301' title='bbox 964 4107 1134 4200; x_wconf 70' lang='lat' dir='ltr'><strong>subsedere</strong></span> 
     </span>
    </p>
   </div>
   <div class='ocr_carea' id='block_1_4' title="bbox 139 4213 799 4304">
    <p class='ocr_par' dir='ltr' id='par_1_4' title="bbox 139 4213 799 4304">
     <span class='ocr_line' id='line_1_37' title="bbox 139 4213 799 4304; baseline -0.003 -20"><span class='ocrx_word' id='word_1_302' title='bbox 139 4231 238 4304; x_wconf 67' lang='lat' dir='ltr'><strong>Pomp.</strong></span> <span class='ocrx_word' id='word_1_303' title='bbox 257 4230 353 4286; x_wconf 68' lang='lat' dir='ltr'><strong>Mu..</strong></span> <span class='ocrx_word' id='word_1_304' title='bbox 383 4231 423 4286; x_wconf 75' lang='lat' dir='ltr'><strong>t.</strong></span> <span class='ocrx_word' id='word_1_305' title='bbox 444 4231 497 4284; x_wconf 89' lang='lat'><strong>111.</strong></span> <span class='ocrx_word' id='word_1_306' title='bbox 771 4213 799 4274; x_wconf 84' lang='lat' dir='ltr'>X</span> 
     </span>
    </p>
   </div>
   <div class='ocr_carea' id='block_1_5' title="bbox 0 0 1444 4940">
    <p class='ocr_par' dir='ltr' id='par_1_5' title="bbox 0 0 1444 4940">
     <span class='ocr_line' id='line_1_38' title="bbox 0 0 1444 4940; baseline 0 2"><span class='ocrx_word' id='word_1_307' title='bbox 0 0 1444 4940; x_wconf 95' lang='lat' dir='ltr'><strong> </strong></span> 
     </span>
    </p>
   </div>
  </div>
 </body>
</html>
