2784 4944
345 457 437 512 Ltn.
465 457 503 510 tt.
547 455 580 512 C·
609 457 646 516 V·
689 454 714 524 i·
744 475 769 512 ι.
1018 455 1081 532 567

76 624 230 698 Lnnmrru,
254 627 501 694 adsentientibus
522 631 663 712 reliquis.
702 631 749 690 lta
767 641 873 692 tamen
891 629 988 692 etiarn
1011 629 1082 694 scri·

20 783 21 796 ,
77 727 139 787 lunt
158 729 263 792 Cibin.
284 733 457 816 Rehdiger.
480 745 522 802 et,
544 733 630 812 quod
649 733 785 800 videtur.
809 729 1003 796 Pariliensea.
1041 735 1080 798 ln

20 835 21 838 ’
75 825 144 913 Prag.
164 830 334 894 lentunen.
370 853 572 896 'ruenrcrtaz
631 832 842 895 Strabonum
866 853 886 892 a
910 835 942 894 in
965 835 1082 898 lineet

77 949 132 989 tunt
145 933 260 1012 duplici
282 957 303 995 rt
325 935 514 996 Limettnont
534 935 684 1016 appellen
708 934 909 996 Ptolemaeus
925 931 981 1024 [9,
1001 931 1080 1025 to.]

76 1051 130 1090 cum
151 1053 213 1096 uno
245 1055 268 1095 rt
294 1049 326 1096 et
351 1059 367 1094 e
391 1037 489 1118 longo
512 1039 545 1096 in
573 1037 634 1096 line
665 1035 801 1098 Hancne.
854 1037 891 1096 ln
917 1035 1082 1102 Strabonis

75 1131 181 1211 libros„
206 1131 260 1221 [p.
278 1157 322 1200 m.
346 1136 462 1216 topi.
487 1131 589 1223 136]
617 1137 670 1194 nbi
693 1138 732 1198 de
753 1135 900 1197 lllrodani
924 1151 956 1198 et
980 1141 1081 1204 Araris

76 1236 140 1294 coitu
155 1235 293 1306 disserit,
325 1236 489 1300 oscitantes
510 1239 627 1298 librarii
649 1231 798 1324 μεγάλης
819 1237 1002 1320 scripserunt
1023 1261 1081 1322 pro

73 1329 188 1420 ltptjnyr.
240 1340 419 1401 Rhodanus
436 1342 522 1400 enirn
541 1341 682 1400 Lemaun
701 1339 767 1398 lacu
788 1341 952 1420 excipitur,
975 1341 1082 1404 Plinio

76 1431 116 1518 [3.
135 1451 162 1514 5.
180 1437 199 1498 s.
220 1435 280 1526 5.]
309 1453 340 1502 et
363 1441 543 1522 Pomponio
565 1439 757 1500 auctoribus.
792 1459 991 1504 attt'rtttnvr.
1043 1445 1081 1504 ln

74 1537 200 1602 Strabone
222 1541 321 1602 huius
343 1543 427 1602 lacus
448 1543 495 1604 bia
515 1543 649 1602 occurrit
667 1541 801 1610 tuentio,
828 1539 921 1602 semel
936 1553 970 1622 4.
987 1563 1019 1624 p.
1037 1563 1082 1606 nr.

78 1655 138 1716 129.
155 1639 172 1702 s.
196 1643 280 1718 136.
308 1643 364 1702 ubi
388 1643 485 1727 vulgo
509 1643 587 1704 olim
609 1641 770 1725 legebatur
792 1637 888 1730 λίμνη
909 1635 927 1726 ἦ
950 1639 1083 1730 μεγάλη

20 1801 21 1816 ¹
75 1753 96 1796 et
115 1741 266 1804 Guarinus
289 1747 385 1804 vertit
408 1765 541 1824 mugnus
562 1743 663 1812 incus,
697 1761 756 1824 pro
779 1763 844 1824 quo
869 1741 965 1830 λίμνη
990 1739 1007 1826 ἡ
1029 1747 1085 1809 Λε-

20 1907 21 1916 ¹
73 1835 138 1926 μάνη
168 1843 311 1924 reposuit
345 1845 586 1908 Sieltenkeesrna
619 1865 657 1906 ex
690 1845 788 1906 Vatic.
819 1865 845 1906 t.
879 1843 1084 1908 studentibus

75 1956 141 2004 antea
161 1945 350 2008 Calanbono
372 1961 404 2007 et
428 1947 597 2008 Palmerio.
649 1947 768 2006 lterum
791 1967 823 2028 p.
856 1957 934 2022 tut.
958 1943 978 2008 s.
1001 1957 1082 2028 anti.

76 2043 115 2102 nbi
128 2047 219 2130 vulgo
237 2045 426 2134 Πελαμένα,
451 2047 536 2128 quod
554 2059 759 2130 propagatum
781 2045 886 2114 haesit,
913 2045 1084 2110 Oberlinus

76 2161 101 2202 rt
122 2145 303 2208 Ptolemaeo
324 2169 351 2212 c.
375 2149 397 2210 l.
421 2151 454 2208 in
482 2143 500 2234 ἡ
531 2145 649 2234 Arpina
676 2147 728 2208 rel
756 2143 894 2236 Λιμέννα
923 2162 1083 2210 mutatum

74 2247 141 2308 velit.
192 2249 934 2333 Athicagiturscripturainannsetannns,
963 2251 1083 2332 inqua
1185 2291 1189 2304 ι

20 2369 21 2380 ¹
75 2351 279 2411 nunconstaut
301 2365 454 2413 auctores.
507 2351 599 2434 dpud
625 2350 765 2410 Plinium
793 2367 823 2418 a.
857 2349 934 2412 rod.
958 2349 979 2412 s.
1002 2366 1083 2428 tn3.

75 2461 97 2504 et
115 2463 141 2526 3,
160 2465 191 2526 5.
209 2450 229 2512 i.
249 2463 284 2529 4.
308 2451 350 2514 eu
372 2453 553 2512 Lemannus
572 2451 675 2518 luens,
700 2451 748 2510 nti
769 2451 857 2512 dedit
873 2451 1082 2532 Oudendorp.

76 2549 162 2610 inlul.
180 2551 268 2614 caet.
284 2553 324 2613 de
342 2553 378 2614 tt.
397 2553 435 2614 G.
457 2575 486 2622 t,
510 2569 542 2614 2.
561 2565 592 2614 et
608 2563 642 2628 8.
671 2565 703 2628 3,
730 2573 757 2612 t.
783 2565 886 2612 -et
905 2567 1027 2612 tantum
1046 2573 1085 2614 ex

76 2650 130 2713 edd.
146 2655 336 2733 quibusdam
359 2669 449 2714 notat
472 2653 648 2724 [arrianum
679 2653 721 2711 ita
742 2653 830 2712 idem
849 2653 881 2712 in
898 2653 1024 2714 Lucano
1055 2673 1084 2724 ι,

78 2751 141 2827 596.
167 2754 220 2814 nbi
240 2768 329 2815 antea
348 2775 402 2835 per
420 2754 548 2836 simplex
568 2777 599 2815 n.
651 2753 703 2814 Sic
719 2757 814 2812 variat
833 2753 1008 2823 lloccatins,
1029 2755 1084 2834 qui

75 2849 156 2914 lube.
178 2857 356 2916 Rhodanus
381 2854 475 2918 habet
490 2855 667 2922 latitantes,
694 2867 725 2914 at
744 2857 783 2914 de
807 2853 935 2914 lacubus
952 2855 1085 2914 Lernan·

76 2971 119 3012 nur
135 2969 162 3014 et
181 2957 293 3034 pupuli
314 2957 479 3017 [aututini.
533 2959 690 3035 lnterpres
721 2969 826 3015 tamen
851 2955 986 3016 Graecus
1013 2957 1085 3016 lttlii

76 3053 188 3117 Caesaris
211 3057 339 3138 simplex
364 3080 384 3116 n
406 3057 499 3118 habet
521 3071 552 3118 et
577 3057 686 3115 Vibius
708 3053 869 3136 Seqneller
890 3077 920 3136 p.
941 3067 998 3134 24.
1021 3059 1085 3118 fine

76 3151 197 3218 lectionis
217 3159 425 3240 discrepantia
447 3161 529 3240 apud
553 3159 759 3224 Obetlinum.
793 3157 848 3216 etti
874 3159 970 3218 Vatic.
995 3177 1086 3220 mens

77 3251 160 3316 scribit
175 3259 366 3341 Lerrmnuns,
388 3261 432 3319 ttti
448 3261 530 3322 cod.
551 3255 693 3320 Leidens.
710 3271 840 3318 nutante
855 3257 1084 3340 Oudendorpin

20 3425 21 3440 ἶ
76 3355 106 3412 ad
119 3358 226 3421 Lucan.
248 3380 274 3422 c.
294 3361 315 3422 l.
369 3362 497 3442 Duplici
520 3383 540 3420 n
563 3363 688 3442 poutlns
710 3359 829 3418 accedit
850 3377 888 3418 ex
910 3359 1022 3421 Servio
1044 3361 1083 3420 ad

77 3454 166 3540 l'irgil.
183 3461 299 3544 Georg.
317 3473 351 3540 4.
379 3474 460 3538 278.
493 3463 548 3521 ubi
570 3483 586 3522 a
612 3463 775 3522 Lemanno
793 3459 893 3520 iluvio
915 3459 998 3542 (stc)
1019 3461 1086 3522 Ale·
1186 3446 1191 3455 ⁵

78 3577 186 3620 nunnus
216 3565 316 3625 dictos
347 3563 406 3624 effe
435 3563 537 3626 tradit.
596 3561 706 3622 Graeci
741 3575 845 3620 tamen
879 3574 1021 3622 auctores
1046 3561 1084 3620 ad

77 3657 182 3720 alterans
204 3665 390 3744 opinionem
413 3665 567 3724 deducere
586 3665 748 3724 ridentur.
801 3661 957 3742 Equidem
978 3664 1010 3722 in
1028 3663 1085 3724 hac

79 3759 277 3844 ambignitate,
311 3767 398 3846 quud
428 3767 555 3838 inveni,
590 3779 716 3826 mutate
747 3761 903 3824 dubitavi.
954 3763 1027 3824 Poll
1052 3765 1086 3823 in

79 3855 195 3928 l'indob.
219 3865 302 3928 abeli
326 3867 411 3930 tacu.

139 4037 399 4150 Cebennicis)
448 4069 529 4134 Vols.
555 4091 583 4134 t.
610 4065 801 4138 Tediunitir;
837 4061 919 4130 volt.
938 4075 971 4142 5.
996 4059 1086 4126 Celti·

81 4167 163 4240 ’fflllst
199 4171 281 4236 Gud.
307 4171 482 4256 lleladiger.
510 4172 675 4242 cedrnt'ciu
715 4166 858 4234 Leidens.
890 4165 1086 4238 Cebennam
