<?xml version="1.0" encoding="UTF-8"?>
<!DOCTYPE html PUBLIC "-//W3C//DTD XHTML 1.0 Transitional//EN"
    "http://www.w3.org/TR/xhtml1/DTD/xhtml1-transitional.dtd">
<html xmlns="http://www.w3.org/1999/xhtml" xml:lang="en" lang="en">
 <head>
  <title>
</title>
<meta http-equiv="Content-Type" content="text/html;charset=utf-8" />
  <meta name='ocr-system' content='tesseract 3.04.00' />
  <meta name='ocr-capabilities' content='ocr_page ocr_carea ocr_par ocr_line ocrx_word'/>
</head>
<body>
  <div class='ocr_page' id='page_1' title='image "./pomponiimelaede05melagoog_0694.png"; bbox 0 0 2788 4942; ppageno 0'>
   <div class='ocr_carea' id='block_1_1' title="bbox 329 381 1366 458">
    <p class='ocr_par' dir='ltr' id='par_1_1' title="bbox 329 381 1366 458">
     <span class='ocr_line' id='line_1_1' title="bbox 329 381 1366 458; baseline 0.011 -26"><span class='ocrx_word' id='word_1_1' title='bbox 329 381 373 446; x_wconf 65' lang='grc' dir='ltr'>ια</span> <span class='ocrx_word' id='word_1_2' title='bbox 627 382 872 441; x_wconf 76' lang='lat' dir='ltr'>nounoun</span> <span class='ocrx_word' id='word_1_3' title='bbox 915 383 1076 440; x_wconf 77' lang='lat' dir='ltr'>nacto</span> <span class='ocrx_word' id='word_1_4' title='bbox 1365 389 1366 458; x_wconf 68' lang='grc' dir='ltr'><strong>ι</strong></span> 
     </span>
    </p>
   </div>
   <div class='ocr_carea' id='block_1_2' title="bbox 331 523 1366 1230">
    <p class='ocr_par' dir='ltr' id='par_1_2' title="bbox 331 523 1366 1230">
     <span class='ocr_line' id='line_1_2' title="bbox 406 523 1366 650; baseline -0.015 -27"><span class='ocrx_word' id='word_1_5' title='bbox 406 545 622 650; x_wconf 73' lang='lat' dir='ltr'><strong><em>effluxit)</em></strong></span> <span class='ocrx_word' id='word_1_6' title='bbox 670 555 718 616; x_wconf 88' lang='lat' dir='ltr'>Ita</span> <span class='ocrx_word' id='word_1_7' title='bbox 738 557 864 618; x_wconf 80' lang='lat' dir='ltr'>codices</span> <span class='ocrx_word' id='word_1_8' title='bbox 880 557 946 616; x_wconf 82' lang='lat' dir='ltr'>mei</span> <span class='ocrx_word' id='word_1_9' title='bbox 966 575 1041 616; x_wconf 87' lang='lat' dir='ltr'>cum</span> <span class='ocrx_word' id='word_1_10' title='bbox 1064 552 1195 634; x_wconf 76' lang='lat' dir='ltr'>antiquis</span> <span class='ocrx_word' id='word_1_11' title='bbox 1215 550 1338 614; x_wconf 80' lang='lat' dir='ltr'>editioni·</span> <span class='ocrx_word' id='word_1_12' title='bbox 1365 523 1366 540; x_wconf 34' lang='lat'>¹</span> 
     </span>
     <span class='ocr_line' id='line_1_3' title="bbox 331 654 1366 740; baseline -0.013 -18"><span class='ocrx_word' id='word_1_13' title='bbox 331 661 395 724; x_wconf 85' lang='lat' dir='ltr'>bue</span> <span class='ocrx_word' id='word_1_14' title='bbox 415 681 445 722; x_wconf 88' lang='grc' dir='ltr'>ι.</span> <span class='ocrx_word' id='word_1_15' title='bbox 466 675 496 724; x_wconf 80' lang='lat'>2.</span> <span class='ocrx_word' id='word_1_16' title='bbox 518 671 552 737; x_wconf 99' lang='lat'>3.</span> <span class='ocrx_word' id='word_1_17' title='bbox 571 680 605 736; x_wconf 82' lang='lat' dir='ltr'>q.</span> <span class='ocrx_word' id='word_1_18' title='bbox 625 665 657 732; x_wconf 85' lang='lat'>5.</span> <span class='ocrx_word' id='word_1_19' title='bbox 681 673 715 734; x_wconf 86' lang='lat'>9.</span> <span class='ocrx_word' id='word_1_20' title='bbox 739 677 794 719; x_wconf 93' lang='grc' dir='ltr'>ιι.</span> <span class='ocrx_word' id='word_1_21' title='bbox 817 671 874 736; x_wconf 85' lang='grc' dir='ltr'>ι3.</span> <span class='ocrx_word' id='word_1_22' title='bbox 915 655 1093 720; x_wconf 83' lang='lat' dir='ltr'>Praeeuute</span> <span class='ocrx_word' id='word_1_23' title='bbox 1110 655 1271 716; x_wconf 84' lang='lat' dir='ltr'>Hermolao</span> <span class='ocrx_word' id='word_1_24' title='bbox 1283 654 1338 712; x_wconf 87' lang='lat' dir='ltr'>Bar·</span> <span class='ocrx_word' id='word_1_25' title='bbox 1365 671 1366 740; x_wconf 51' lang='lat' dir='ltr'>p</span> 
     </span>
     <span class='ocr_line' id='line_1_4' title="bbox 333 753 1366 842; baseline -0.013 -18"><span class='ocrx_word' id='word_1_26' title='bbox 333 761 411 824; x_wconf 86' lang='lat' dir='ltr'>baro</span> <span class='ocrx_word' id='word_1_27' title='bbox 429 763 463 820; x_wconf 91' lang='lat' dir='ltr'>in</span> <span class='ocrx_word' id='word_1_28' title='bbox 486 760 537 821; x_wconf 88' lang='lat' dir='ltr'>ed.</span> <span class='ocrx_word' id='word_1_29' title='bbox 558 755 590 822; x_wconf 89' lang='lat'>6.</span> <span class='ocrx_word' id='word_1_30' title='bbox 613 771 763 842; x_wconf 74' lang='lat' dir='ltr'>cognatae</span> <span class='ocrx_word' id='word_1_31' title='bbox 785 779 857 820; x_wconf 87' lang='lat' dir='ltr'>cum</span> <span class='ocrx_word' id='word_1_32' title='bbox 881 757 1082 828; x_wconf 65' lang='lat' dir='ltr'>Camertium,</span> <span class='ocrx_word' id='word_1_33' title='bbox 1109 754 1338 820; x_wconf 67' lang='lat' dir='ltr'>ululantia·</span> <span class='ocrx_word' id='word_1_34' title='bbox 1365 753 1366 802; x_wconf 71' lang='lat' dir='ltr'>i</span> 
     </span>
     <span class='ocr_line' id='line_1_5' title="bbox 335 853 1340 939; baseline -0.014 -13"><span class='ocrx_word' id='word_1_35' title='bbox 335 863 447 930; x_wconf 74' lang='lat' dir='ltr'>dianio,</span> <span class='ocrx_word' id='word_1_36' title='bbox 472 859 661 924; x_wconf 83' lang='lat' dir='ltr'>Olivariania</span> <span class='ocrx_word' id='word_1_37' title='bbox 675 872 708 918; x_wconf 93' lang='lat' dir='ltr'>et</span> <span class='ocrx_word' id='word_1_38' title='bbox 724 859 874 921; x_wconf 85' lang='lat' dir='ltr'>fimilibue</span> <span class='ocrx_word' id='word_1_39' title='bbox 891 861 1031 939; x_wconf 80' lang='lat' dir='ltr'>itemque</span> <span class='ocrx_word' id='word_1_40' title='bbox 1045 859 1175 921; x_wconf 78' lang='lat' dir='ltr'>schotto</span> <span class='ocrx_word' id='word_1_41' title='bbox 1195 853 1340 938; x_wconf 80' lang='lat' dir='ltr'>poiuentnt</span> 
     </span>
     <span class='ocr_line' id='line_1_6' title="bbox 335 956 1339 1058; baseline -0.004 -36"><span class='ocrx_word' id='word_1_42' title='bbox 335 959 446 1058; x_wconf 77' lang='lat' dir='ltr'>effluit.</span> <span class='ocrx_word' id='word_1_43' title='bbox 499 963 587 1023; x_wconf 88' lang='lat' dir='ltr'>Tum</span> <span class='ocrx_word' id='word_1_44' title='bbox 603 961 737 1023; x_wconf 87' lang='lat' dir='ltr'>Vinetue</span> <span class='ocrx_word' id='word_1_45' title='bbox 758 976 842 1022; x_wconf 85' lang='lat' dir='ltr'>recte</span> <span class='ocrx_word' id='word_1_46' title='bbox 865 962 1041 1030; x_wconf 79' lang='lat' dir='ltr'>revocavit,</span> <span class='ocrx_word' id='word_1_47' title='bbox 1066 960 1149 1042; x_wconf 89' lang='lat' dir='ltr'>quod</span> <span class='ocrx_word' id='word_1_48' title='bbox 1166 973 1197 1019; x_wconf 88' lang='lat' dir='ltr'>et</span> <span class='ocrx_word' id='word_1_49' title='bbox 1211 959 1242 1017; x_wconf 90' lang='lat' dir='ltr'>in</span> <span class='ocrx_word' id='word_1_50' title='bbox 1258 958 1301 1016; x_wconf 88' lang='lat' dir='ltr'>ed.</span> <span class='ocrx_word' id='word_1_51' title='bbox 1315 956 1339 1018; x_wconf 83' lang='grc'>6.</span> 
     </span>
     <span class='ocr_line' id='line_1_7' title="bbox 336 1045 1366 1152; baseline -0.009 -26"><span class='ocrx_word' id='word_1_52' title='bbox 336 1063 468 1126; x_wconf 81' lang='lat' dir='ltr'>volebat</span> <span class='ocrx_word' id='word_1_53' title='bbox 492 1063 638 1144; x_wconf 76' lang='lat' dir='ltr'>antiquae</span> <span class='ocrx_word' id='word_1_54' title='bbox 663 1081 777 1126; x_wconf 87' lang='lat' dir='ltr'>manue</span> <span class='ocrx_word' id='word_1_55' title='bbox 799 1075 892 1134; x_wconf 85' lang='lat' dir='ltr'>nota.</span> <span class='ocrx_word' id='word_1_56' title='bbox 919 1055 1052 1152; x_wconf 78' lang='lat' dir='ltr'>effluxit.</span> <span class='ocrx_word' id='word_1_57' title='bbox 1103 1060 1208 1124; x_wconf 85' lang='lat' dir='ltr'>Secuti</span> <span class='ocrx_word' id='word_1_58' title='bbox 1232 1052 1339 1126; x_wconf 76' lang='lat' dir='ltr'>Voffiu,</span> <span class='ocrx_word' id='word_1_59' title='bbox 1365 1045 1366 1114; x_wconf 54' lang='lat' dir='ltr'>i</span> 
     </span>
     <span class='ocr_line' id='line_1_8' title="bbox 337 1141 1366 1230; baseline -0.014 0"><span class='ocrx_word' id='word_1_60' title='bbox 337 1165 496 1230; x_wconf 81' lang='lat' dir='ltr'>Grononii</span> <span class='ocrx_word' id='word_1_61' title='bbox 516 1176 550 1226; x_wconf 89' lang='lat' dir='ltr'>et</span> <span class='ocrx_word' id='word_1_62' title='bbox 568 1164 675 1226; x_wconf 87' lang='lat' dir='ltr'>ceteri.</span> <span class='ocrx_word' id='word_1_63' title='bbox 1365 1141 1366 1162; x_wconf 58' lang='lat'>¹</span> 
     </span>
    </p>
   </div>
   <div class='ocr_carea' id='block_1_3' title="bbox 277 1363 1366 2762">
    <p class='ocr_par' dir='ltr' id='par_1_3' title="bbox 337 1363 1366 2051">
     <span class='ocr_line' id='line_1_9' title="bbox 415 1363 1366 1448; baseline -0.013 -20"><span class='ocrx_word' id='word_1_64' title='bbox 415 1389 498 1430; x_wconf 88' lang='lat' dir='ltr'>eum</span> <span class='ocrx_word' id='word_1_65' title='bbox 532 1363 733 1448; x_wconf 82' lang='lat' dir='ltr'>mortuis)</span> <span class='ocrx_word' id='word_1_66' title='bbox 784 1368 832 1430; x_wconf 88' lang='lat' dir='ltr'>Ita</span> <span class='ocrx_word' id='word_1_67' title='bbox 863 1385 977 1430; x_wconf 78' lang='lat' dir='ltr'>omnen</span> <span class='ocrx_word' id='word_1_68' title='bbox 1002 1365 1069 1426; x_wconf 86' lang='lat' dir='ltr'>mei</span> <span class='ocrx_word' id='word_1_69' title='bbox 1096 1365 1217 1428; x_wconf 71' lang='lat' dir='ltr'>codices</span> <span class='ocrx_word' id='word_1_70' title='bbox 1244 1374 1366 1446; x_wconf 68' lang='lat' dir='ltr'>praeter.</span> 
     </span>
     <span class='ocr_line' id='line_1_10' title="bbox 337 1465 1341 1550; baseline -0.012 -20"><span class='ocrx_word' id='word_1_71' title='bbox 337 1467 433 1536; x_wconf 81' lang='lat' dir='ltr'>Parii.</span> <span class='ocrx_word' id='word_1_72' title='bbox 452 1483 485 1547; x_wconf 87' lang='lat'>3.</span> <span class='ocrx_word' id='word_1_73' title='bbox 504 1482 537 1530; x_wconf 92' lang='lat' dir='ltr'>et</span> <span class='ocrx_word' id='word_1_74' title='bbox 552 1465 635 1530; x_wconf 82' lang='lat' dir='ltr'>forte</span> <span class='ocrx_word' id='word_1_75' title='bbox 650 1469 791 1528; x_wconf 80' lang='lat' dir='ltr'>Vaticani</span> <span class='ocrx_word' id='word_1_76' title='bbox 806 1469 868 1538; x_wconf 86' lang='lat' dir='ltr'>alii,</span> <span class='ocrx_word' id='word_1_77' title='bbox 891 1469 924 1528; x_wconf 89' lang='lat' dir='ltr'>in</span> <span class='ocrx_word' id='word_1_78' title='bbox 942 1467 1059 1548; x_wconf 81' lang='lat' dir='ltr'>quibua</span> <span class='ocrx_word' id='word_1_79' title='bbox 1077 1467 1192 1550; x_wconf 84' lang='lat' dir='ltr'>legitur</span> <span class='ocrx_word' id='word_1_80' title='bbox 1206 1485 1269 1525; x_wconf 87' lang='lat' dir='ltr'>eum</span> <span class='ocrx_word' id='word_1_81' title='bbox 1284 1482 1341 1522; x_wconf 74' lang='lat' dir='ltr'>mou</span> 
     </span>
     <span class='ocr_line' id='line_1_11' title="bbox 338 1565 1366 1656; baseline -0.014 -22"><span class='ocrx_word' id='word_1_82' title='bbox 338 1583 431 1644; x_wconf 85' lang='lat' dir='ltr'>tuos‚·</span> <span class='ocrx_word' id='word_1_83' title='bbox 460 1591 534 1631; x_wconf 88' lang='lat' dir='ltr'>nam</span> <span class='ocrx_word' id='word_1_84' title='bbox 559 1589 597 1631; x_wconf 86' lang='lat' dir='ltr'>ex</span> <span class='ocrx_word' id='word_1_85' title='bbox 614 1567 679 1630; x_wconf 79' lang='lat' dir='ltr'>solo</span> <span class='ocrx_word' id='word_1_86' title='bbox 697 1571 793 1632; x_wconf 87' lang='lat' dir='ltr'>Vatic.</span> <span class='ocrx_word' id='word_1_87' title='bbox 810 1583 842 1648; x_wconf 92' lang='lat'>3.</span> <span class='ocrx_word' id='word_1_88' title='bbox 867 1583 1034 1630; x_wconf 84' lang='lat' dir='ltr'>enotatum</span> <span class='ocrx_word' id='word_1_89' title='bbox 1054 1583 1121 1629; x_wconf 85' lang='lat' dir='ltr'>erat</span> <span class='ocrx_word' id='word_1_90' title='bbox 1140 1589 1208 1628; x_wconf 84' lang='lat' dir='ltr'>eum</span> <span class='ocrx_word' id='word_1_91' title='bbox 1229 1565 1340 1626; x_wconf 81' lang='lat' dir='ltr'>mortuis.</span> <span class='ocrx_word' id='word_1_92' title='bbox 1365 1597 1366 1656; x_wconf 61' lang='lat' dir='ltr'>t</span> 
     </span>
     <span class='ocr_line' id='line_1_12' title="bbox 341 1667 1339 1752; baseline -0.001 -17"><span class='ocrx_word' id='word_1_93' title='bbox 341 1669 422 1735; x_wconf 86' lang='lat' dir='ltr'>Cum</span> <span class='ocrx_word' id='word_1_94' title='bbox 441 1684 582 1750; x_wconf 84' lang='lat' dir='ltr'>mortuos</span> <span class='ocrx_word' id='word_1_95' title='bbox 603 1672 699 1732; x_wconf 88' lang='lat' dir='ltr'>etiam</span> <span class='ocrx_word' id='word_1_96' title='bbox 720 1669 903 1752; x_wconf 84' lang='lat' dir='ltr'>praeferunt</span> <span class='ocrx_word' id='word_1_97' title='bbox 924 1671 998 1732; x_wconf 89' lang='lat' dir='ltr'>edd.</span> <span class='ocrx_word' id='word_1_98' title='bbox 1023 1690 1053 1732; x_wconf 92' lang='grc' dir='ltr'>ι.</span> <span class='ocrx_word' id='word_1_99' title='bbox 1071 1689 1103 1731; x_wconf 80' lang='lat' dir='ltr'>u.</span> <span class='ocrx_word' id='word_1_100' title='bbox 1122 1684 1155 1748; x_wconf 88' lang='lat'>3.</span> <span class='ocrx_word' id='word_1_101' title='bbox 1176 1677 1209 1750; x_wconf 75' lang='lat'>4.</span> <span class='ocrx_word' id='word_1_102' title='bbox 1226 1679 1255 1743; x_wconf 87' lang='lat'>5.</span> <span class='ocrx_word' id='word_1_103' title='bbox 1272 1667 1300 1727; x_wconf 87' lang='grc'>6.</span> <span class='ocrx_word' id='word_1_104' title='bbox 1317 1677 1339 1734; x_wconf 71' lang='lat'>7·</span> 
     </span>
     <span class='ocr_line' id='line_1_13' title="bbox 339 1774 1340 1852; baseline -0.012 -17"><span class='ocrx_word' id='word_1_105' title='bbox 339 1783 373 1851; x_wconf 78' lang='grc'>8.</span> <span class='ocrx_word' id='word_1_106' title='bbox 396 1791 430 1851; x_wconf 90' lang='lat'>9.</span> <span class='ocrx_word' id='word_1_107' title='bbox 456 1791 505 1835; x_wconf 89' lang='grc' dir='ltr'>ιο.</span> <span class='ocrx_word' id='word_1_108' title='bbox 526 1791 580 1836; x_wconf 90' lang='grc' dir='ltr'>ιι.</span> <span class='ocrx_word' id='word_1_109' title='bbox 604 1787 658 1834; x_wconf 85' lang='grc' dir='ltr'><strong>ιιι.</strong></span> <span class='ocrx_word' id='word_1_110' title='bbox 683 1785 737 1850; x_wconf 83' lang='lat'>¹5·</span> <span class='ocrx_word' id='word_1_111' title='bbox 761 1783 815 1852; x_wconf 78' lang='lat'>14.</span> <span class='ocrx_word' id='word_1_112' title='bbox 839 1785 894 1850; x_wconf 85' lang='lat'>¹5·</span> <span class='ocrx_word' id='word_1_113' title='bbox 918 1774 971 1835; x_wconf 84' lang='lat'>16.</span> <span class='ocrx_word' id='word_1_114' title='bbox 997 1785 1051 1844; x_wconf 87' lang='lat'>¹7·</span> <span class='ocrx_word' id='word_1_115' title='bbox 1078 1783 1133 1848; x_wconf 85' lang='lat'>¹8·</span> <span class='ocrx_word' id='word_1_116' title='bbox 1158 1787 1210 1849; x_wconf 88' lang='lat'>¹9·</span> <span class='ocrx_word' id='word_1_117' title='bbox 1233 1783 1282 1830; x_wconf 82' lang='lat' dir='ltr'>oo.</span> <span class='ocrx_word' id='word_1_118' title='bbox 1298 1779 1340 1825; x_wconf 82' lang='grc' dir='ltr'>ιι.</span> 
     </span>
     <span class='ocr_line' id='line_1_14' title="bbox 340 1865 1341 1952; baseline -0.006 -18"><span class='ocrx_word' id='word_1_119' title='bbox 340 1890 397 1936; x_wconf 75' lang='lat'>22.</span> <span class='ocrx_word' id='word_1_120' title='bbox 424 1887 482 1950; x_wconf 82' lang='lat'>23.</span> <span class='ocrx_word' id='word_1_121' title='bbox 506 1883 565 1952; x_wconf 76' lang='lat'>24.</span> <span class='ocrx_word' id='word_1_122' title='bbox 590 1886 649 1950; x_wconf 79' lang='lat'>25.</span> <span class='ocrx_word' id='word_1_123' title='bbox 675 1886 707 1934; x_wconf 95' lang='lat' dir='ltr'>et</span> <span class='ocrx_word' id='word_1_124' title='bbox 728 1873 804 1934; x_wconf 88' lang='lat' dir='ltr'>hinc</span> <span class='ocrx_word' id='word_1_125' title='bbox 828 1874 995 1942; x_wconf 75' lang='lat' dir='ltr'>vadianto,</span> <span class='ocrx_word' id='word_1_126' title='bbox 1023 1871 1231 1942; x_wconf 85' lang='lat' dir='ltr'>Olivarianae‚</span> <span class='ocrx_word' id='word_1_127' title='bbox 1254 1865 1341 1949; x_wconf 84' lang='lat' dir='ltr'>quibu</span> 
     </span>
     <span class='ocr_line' id='line_1_15' title="bbox 338 1967 1340 2051; baseline -0.004 -17"><span class='ocrx_word' id='word_1_128' title='bbox 338 1973 528 2034; x_wconf 71' lang='lat' dir='ltr'>accederunt</span> <span class='ocrx_word' id='word_1_129' title='bbox 549 1973 720 2044; x_wconf 77' lang='lat' dir='ltr'>Vurstitiue¹</span> <span class='ocrx_word' id='word_1_130' title='bbox 748 1973 948 2044; x_wconf 83' lang='lat' dir='ltr'>Henischiue,</span> <span class='ocrx_word' id='word_1_131' title='bbox 976 1971 1135 2036; x_wconf 80' lang='lat' dir='ltr'>(irafferne</span> <span class='ocrx_word' id='word_1_132' title='bbox 1157 1973 1285 2051; x_wconf 79' lang='lat' dir='ltr'>adeoque</span> <span class='ocrx_word' id='word_1_133' title='bbox 1304 1967 1340 2024; x_wconf 75' lang='lat' dir='ltr'>Vi-</span> 
     </span>
    </p>

    <p class='ocr_par' dir='ltr' id='par_1_4' title="bbox 277 2072 1341 2762">
     <span class='ocr_line' id='line_1_16' title="bbox 277 2072 1340 2158; baseline -0.012 -20"><span class='ocrx_word' id='word_1_134' title='bbox 277 2127 282 2138; x_wconf 90' lang='lat'>.</span> <span class='ocrx_word' id='word_1_135' title='bbox 336 2087 443 2138; x_wconf 84' lang='lat' dir='ltr'>netue.</span> <span class='ocrx_word' id='word_1_136' title='bbox 496 2075 559 2138; x_wconf 80' lang='lat' dir='ltr'>sed</span> <span class='ocrx_word' id='word_1_137' title='bbox 584 2095 655 2135; x_wconf 86' lang='lat' dir='ltr'>eum</span> <span class='ocrx_word' id='word_1_138' title='bbox 684 2077 817 2136; x_wconf 82' lang='lat' dir='ltr'>mortuis</span> <span class='ocrx_word' id='word_1_139' title='bbox 843 2073 981 2158; x_wconf 83' lang='lat' dir='ltr'>reposuit</span> <span class='ocrx_word' id='word_1_140' title='bbox 1015 2095 1053 2135; x_wconf 87' lang='lat' dir='ltr'>ex</span> <span class='ocrx_word' id='word_1_141' title='bbox 1081 2072 1262 2158; x_wconf 84' lang='lat' dir='ltr'>Mariangeli</span> <span class='ocrx_word' id='word_1_142' title='bbox 1282 2083 1340 2128; x_wconf 81' lang='lat' dir='ltr'>veto</span> 
     </span>
     <span class='ocr_line' id='line_1_17' title="bbox 336 2169 1341 2259; baseline -0.011 -23"><span class='ocrx_word' id='word_1_143' title='bbox 336 2177 464 2237; x_wconf 87' lang='lat' dir='ltr'>monito</span> <span class='ocrx_word' id='word_1_144' title='bbox 486 2175 645 2246; x_wconf 81' lang='lat' dir='ltr'>Schottue,</span> <span class='ocrx_word' id='word_1_145' title='bbox 672 2177 889 2259; x_wconf 83' lang='lat' dir='ltr'>probaverunt</span> <span class='ocrx_word' id='word_1_146' title='bbox 909 2176 978 2258; x_wconf 84' lang='lat' dir='ltr'>post</span> <span class='ocrx_word' id='word_1_147' title='bbox 998 2169 1137 2246; x_wconf 85' lang='lat' dir='ltr'>Voffiue,</span> <span class='ocrx_word' id='word_1_148' title='bbox 1164 2171 1302 2236; x_wconf 81' lang='lat' dir='ltr'>Gronovii</span> <span class='ocrx_word' id='word_1_149' title='bbox 1317 2177 1341 2226; x_wconf 87' lang='lat' dir='ltr'>et</span> 
     </span>
     <span class='ocr_line' id='line_1_18' title="bbox 336 2276 1339 2362; baseline -0.004 -24"><span class='ocrx_word' id='word_1_150' title='bbox 336 2276 400 2338; x_wconf 84' lang='lat' dir='ltr'>alii.</span> <span class='ocrx_word' id='word_1_151' title='bbox 436 2295 641 2338; x_wconf 72' lang='lat' dir='ltr'>nuectavcne..</span> <span class='ocrx_word' id='word_1_152' title='bbox 701 2279 888 2362; x_wconf 85' lang='lat' dir='ltr'>Legendum</span> <span class='ocrx_word' id='word_1_153' title='bbox 920 2297 990 2337; x_wconf 88' lang='lat' dir='ltr'>cum</span> <span class='ocrx_word' id='word_1_154' title='bbox 1020 2279 1172 2346; x_wconf 85' lang='lat' dir='ltr'>mortuis,</span> <span class='ocrx_word' id='word_1_155' title='bbox 1205 2295 1264 2336; x_wconf 92' lang='lat' dir='ltr'>non</span> <span class='ocrx_word' id='word_1_156' title='bbox 1289 2287 1339 2329; x_wconf 76' lang='lat' dir='ltr'>ctu</span> 
     </span>
     <span class='ocr_line' id='line_1_19' title="bbox 335 2374 1339 2462; baseline -0.003 -24"><span class='ocrx_word' id='word_1_157' title='bbox 335 2389 486 2447; x_wconf 84' lang='lat' dir='ltr'>mortuos.</span> <span class='ocrx_word' id='word_1_158' title='bbox 506 2397 545 2440; x_wconf 82' lang='lat' dir='ltr'>ex</span> <span class='ocrx_word' id='word_1_159' title='bbox 560 2377 782 2440; x_wconf 82' lang='lat' dir='ltr'>observatione</span> <span class='ocrx_word' id='word_1_160' title='bbox 795 2379 991 2462; x_wconf 85' lang='lat' dir='ltr'>Mariangeli.</span> <span class='ocrx_word' id='word_1_161' title='bbox 1019 2396 1221 2439; x_wconf 74' lang='lat' dir='ltr'>ulnutnuva.</span> <span class='ocrx_word' id='word_1_162' title='bbox 1257 2374 1339 2434; x_wconf 77' lang='lat' dir='ltr'>uene.</span> 
     </span>
     <span class='ocr_line' id='line_1_20' title="bbox 334 2472 1339 2562; baseline -0.011 -23"><span class='ocrx_word' id='word_1_163' title='bbox 334 2491 372 2539; x_wconf 89' lang='lat' dir='ltr'>ut</span> <span class='ocrx_word' id='word_1_164' title='bbox 397 2497 500 2542; x_wconf 86' lang='lat' dir='ltr'>nexua</span> <span class='ocrx_word' id='word_1_165' title='bbox 521 2483 738 2550; x_wconf 84' lang='lat' dir='ltr'>contineatur,</span> <span class='ocrx_word' id='word_1_166' title='bbox 771 2501 868 2562; x_wconf 88' lang='lat' dir='ltr'>quem</span> <span class='ocrx_word' id='word_1_167' title='bbox 893 2477 1053 2540; x_wconf 87' lang='lat' dir='ltr'>incidebat</span> <span class='ocrx_word' id='word_1_168' title='bbox 1081 2495 1116 2541; x_wconf 88' lang='lat' dir='ltr'>et</span> <span class='ocrx_word' id='word_1_169' title='bbox 1140 2472 1260 2539; x_wconf 81' lang='lat' dir='ltr'>luxabat</span> <span class='ocrx_word' id='word_1_170' title='bbox 1278 2472 1339 2555; x_wconf 82' lang='lat' dir='ltr'>prior</span> 
     </span>
     <span class='ocr_line' id='line_1_21' title="bbox 334 2578 1339 2663; baseline -0.009 -23"><span class='ocrx_word' id='word_1_171' title='bbox 334 2579 443 2642; x_wconf 86' lang='lat' dir='ltr'>lectio.</span> <span class='ocrx_word' id='word_1_172' title='bbox 496 2581 661 2642; x_wconf 79' lang='lat' dir='ltr'>Accedunt</span> <span class='ocrx_word' id='word_1_173' title='bbox 682 2595 839 2663; x_wconf 85' lang='lat' dir='ltr'>praeterea</span> <span class='ocrx_word' id='word_1_174' title='bbox 860 2583 1001 2651; x_wconf 80' lang='lat' dir='ltr'>codices,</span> <span class='ocrx_word' id='word_1_175' title='bbox 1033 2579 1200 2641; x_wconf 84' lang='lat' dir='ltr'>deterioria</span> <span class='ocrx_word' id='word_1_176' title='bbox 1215 2578 1283 2638; x_wconf 83' lang='lat' dir='ltr'>adeo</span> <span class='ocrx_word' id='word_1_177' title='bbox 1299 2589 1339 2631; x_wconf 87' lang='lat' dir='ltr'>no·</span> 
     </span>
     <span class='ocr_line' id='line_1_22' title="bbox 336 2672 1340 2762; baseline -0.006 -20"><span class='ocrx_word' id='word_1_178' title='bbox 336 2694 401 2752; x_wconf 88' lang='lat' dir='ltr'>tae,</span> <span class='ocrx_word' id='word_1_179' title='bbox 436 2681 522 2762; x_wconf 87' lang='lat' dir='ltr'>quod</span> <span class='ocrx_word' id='word_1_180' title='bbox 549 2683 783 2745; x_wconf 84' lang='lat' dir='ltr'>documentum</span> <span class='ocrx_word' id='word_1_181' title='bbox 807 2681 866 2744; x_wconf 85' lang='lat' dir='ltr'>effe</span> <span class='ocrx_word' id='word_1_182' title='bbox 891 2681 1003 2750; x_wconf 85' lang='lat' dir='ltr'>debet.</span> <span class='ocrx_word' id='word_1_183' title='bbox 1039 2682 1082 2742; x_wconf 86' lang='lat' dir='ltr'>ita</span> <span class='ocrx_word' id='word_1_184' title='bbox 1106 2682 1187 2744; x_wconf 89' lang='lat' dir='ltr'>olim</span> <span class='ocrx_word' id='word_1_185' title='bbox 1210 2682 1242 2740; x_wconf 91' lang='lat' dir='ltr'>in</span> <span class='ocrx_word' id='word_1_186' title='bbox 1263 2672 1340 2736; x_wconf 71' lang='lat' dir='ltr'>Melet</span> 
     </span>
    </p>
   </div>
   <div class='ocr_carea' id='block_1_4' title="bbox 336 2781 1047 2869">
    <p class='ocr_par' dir='ltr' id='par_1_5' title="bbox 336 2781 1047 2869">
     <span class='ocr_line' id='line_1_23' title="bbox 336 2781 1047 2869; baseline 0 -25"><span class='ocrx_word' id='word_1_187' title='bbox 336 2782 571 2865; x_wconf 75' lang='lat' dir='ltr'>exemplaribus</span> <span class='ocrx_word' id='word_1_188' title='bbox 595 2783 693 2869; x_wconf 85' lang='lat' dir='ltr'>vulgo</span> <span class='ocrx_word' id='word_1_189' title='bbox 716 2781 868 2866; x_wconf 76' lang='lat' dir='ltr'>scriptum</span> <span class='ocrx_word' id='word_1_190' title='bbox 892 2781 1047 2846; x_wconf 79' lang='lat' dir='ltr'>exstititit.</span> 
     </span>
    </p>
   </div>
   <div class='ocr_carea' id='block_1_5' title="bbox 317 2966 1366 4182">
    <p class='ocr_par' dir='ltr' id='par_1_6' title="bbox 317 2966 1366 4182">
     <span class='ocr_line' id='line_1_24' title="bbox 414 2966 1342 3076; baseline -0.004 -30"><span class='ocrx_word' id='word_1_191' title='bbox 414 3005 462 3046; x_wconf 83' lang='lat' dir='ltr'>oc</span> <span class='ocrx_word' id='word_1_192' title='bbox 498 2977 759 3076; x_wconf 81' lang='lat' dir='ltr'>defodiunt)</span> <span class='ocrx_word' id='word_1_193' title='bbox 809 2985 918 3050; x_wconf 87' lang='lat' dir='ltr'>Cibin.</span> <span class='ocrx_word' id='word_1_194' title='bbox 952 2985 1127 3069; x_wconf 83' lang='lat' dir='ltr'>Rehdiget.</span> <span class='ocrx_word' id='word_1_195' title='bbox 1160 2997 1251 3066; x_wconf 81' lang='lat' dir='ltr'>atque</span> <span class='ocrx_word' id='word_1_196' title='bbox 1275 2966 1342 3066; x_wconf 70' lang='lat' dir='ltr'>defu·</span> 
     </span>
     <span class='ocr_line' id='line_1_25' title="bbox 336 3079 1366 3170; baseline -0.004 -24"><span class='ocrx_word' id='word_1_197' title='bbox 336 3081 447 3156; x_wconf 77' lang='lat' dir='ltr'>diunt.</span> <span class='ocrx_word' id='word_1_198' title='bbox 471 3087 557 3167; x_wconf 93' lang='lat' dir='ltr'>quod</span> <span class='ocrx_word' id='word_1_199' title='bbox 577 3103 610 3150; x_wconf 91' lang='lat' dir='ltr'>et</span> <span class='ocrx_word' id='word_1_200' title='bbox 627 3090 751 3170; x_wconf 85' lang='lat' dir='ltr'>excepit</span> <span class='ocrx_word' id='word_1_201' title='bbox 772 3089 973 3150; x_wconf 83' lang='lat' dir='ltr'>Reinoldiua.</span> <span class='ocrx_word' id='word_1_202' title='bbox 1025 3089 1063 3148; x_wconf 91' lang='lat' dir='ltr'>ln</span> <span class='ocrx_word' id='word_1_203' title='bbox 1079 3085 1238 3149; x_wconf 88' lang='lat' dir='ltr'>Ciacconii</span> <span class='ocrx_word' id='word_1_204' title='bbox 1257 3079 1340 3142; x_wconf 78' lang='lat' dir='ltr'>codice</span> <span class='ocrx_word' id='word_1_205' title='bbox 1365 3137 1366 3142; x_wconf 73' lang='grc'>,</span> 
     </span>
     <span class='ocr_line' id='line_1_26' title="bbox 335 3183 1366 3262; baseline 0.001 -19"><span class='ocrx_word' id='word_1_206' title='bbox 335 3183 395 3248; x_wconf 82' lang='lat' dir='ltr'>hee</span> <span class='ocrx_word' id='word_1_207' title='bbox 420 3205 514 3248; x_wconf 77' lang='lat' dir='ltr'>voces</span> <span class='ocrx_word' id='word_1_208' title='bbox 534 3189 796 3253; x_wconf 85' lang='lat' dir='ltr'>defiderabantnr.</span> <span class='ocrx_word' id='word_1_209' title='bbox 823 3206 1029 3252; x_wconf 76' lang='lat' dir='ltr'>uzecnvcna.</span> <span class='ocrx_word' id='word_1_210' title='bbox 1081 3189 1144 3248; x_wconf 87' lang='lat' dir='ltr'>Hic</span> <span class='ocrx_word' id='word_1_211' title='bbox 1167 3189 1250 3248; x_wconf 85' lang='lat' dir='ltr'>lotoe</span> <span class='ocrx_word' id='word_1_212' title='bbox 1270 3194 1342 3262; x_wconf 68' lang='lat' dir='ltr'>pravt</span> <span class='ocrx_word' id='word_1_213' title='bbox 1365 3225 1366 3232; x_wconf 31' lang='grc' dir='ltr'><strong>ι</strong></span> 
     </span>
     <span class='ocr_line' id='line_1_27' title="bbox 336 3279 1340 3370; baseline -0.011 -25"><span class='ocrx_word' id='word_1_214' title='bbox 336 3281 597 3370; x_wconf 83' lang='lat' dir='ltr'>interpunctione</span> <span class='ocrx_word' id='word_1_215' title='bbox 615 3291 746 3354; x_wconf 84' lang='lat' dir='ltr'>laborat.</span> <span class='ocrx_word' id='word_1_216' title='bbox 797 3290 882 3352; x_wconf 89' lang='lat' dir='ltr'>Nam</span> <span class='ocrx_word' id='word_1_217' title='bbox 904 3285 943 3354; x_wconf 83' lang='grc' dir='ltr'>τὸ</span> <span class='ocrx_word' id='word_1_218' title='bbox 967 3279 1040 3350; x_wconf 82' lang='lat' dir='ltr'>oiim</span> <span class='ocrx_word' id='word_1_219' title='bbox 1059 3308 1136 3348; x_wconf 90' lang='lat' dir='ltr'>cum</span> <span class='ocrx_word' id='word_1_220' title='bbox 1166 3280 1340 3369; x_wconf 82' lang='lat' dir='ltr'>sequentibus</span> 
     </span>
     <span class='ocr_line' id='line_1_28' title="bbox 334 3376 1366 3473; baseline -0.015 -25"><span class='ocrx_word' id='word_1_221' title='bbox 334 3389 600 3473; x_wconf 83' lang='lat' dir='ltr'>coniungendum</span> <span class='ocrx_word' id='word_1_222' title='bbox 622 3391 700 3464; x_wconf 84' lang='lat' dir='ltr'>effe,</span> <span class='ocrx_word' id='word_1_223' title='bbox 732 3391 822 3454; x_wconf 82' lang='lat' dir='ltr'>facile</span> <span class='ocrx_word' id='word_1_224' title='bbox 846 3392 967 3453; x_wconf 83' lang='lat' dir='ltr'>evincit</span> <span class='ocrx_word' id='word_1_225' title='bbox 988 3392 1079 3452; x_wconf 88' lang='lat' dir='ltr'>locne</span> <span class='ocrx_word' id='word_1_226' title='bbox 1100 3389 1213 3451; x_wconf 86' lang='lat' dir='ltr'>Valerii</span> <span class='ocrx_word' id='word_1_227' title='bbox 1234 3376 1342 3446; x_wconf 77' lang='lat' dir='ltr'>Matini</span> <span class='ocrx_word' id='word_1_228' title='bbox 1365 3457 1366 3462; x_wconf 7' lang='grc' dir='ltr'>η</span> 
     </span>
     <span class='ocr_line' id='line_1_29' title="bbox 331 3484 1366 3574; baseline -0.002 -26"><span class='ocrx_word' id='word_1_229' title='bbox 331 3487 389 3551; x_wconf 87' lang='lat' dir='ltr'>lib.</span> <span class='ocrx_word' id='word_1_230' title='bbox 410 3507 442 3555; x_wconf 84' lang='lat'>2.</span> <span class='ocrx_word' id='word_1_231' title='bbox 466 3510 533 3574; x_wconf 88' lang='lat' dir='ltr'>cap.</span> <span class='ocrx_word' id='word_1_232' title='bbox 558 3493 592 3556; x_wconf 88' lang='grc'>6.</span> <span class='ocrx_word' id='word_1_233' title='bbox 616 3495 725 3556; x_wconf 86' lang='lat' dir='ltr'>Exter.</span> <span class='ocrx_word' id='word_1_234' title='bbox 754 3514 808 3556; x_wconf 85' lang='lat'>10.</span> <span class='ocrx_word' id='word_1_235' title='bbox 832 3514 848 3554; x_wconf 86' lang='lat' dir='ltr'>a</span> <span class='ocrx_word' id='word_1_236' title='bbox 870 3491 1020 3557; x_wconf 88' lang='lat' dir='ltr'>Pintiano</span> <span class='ocrx_word' id='word_1_237' title='bbox 1041 3491 1201 3552; x_wconf 73' lang='lat' dir='ltr'>laudatus:</span> <span class='ocrx_word' id='word_1_238' title='bbox 1239 3484 1341 3548; x_wconf 80' lang='lat' dir='ltr'>Horou</span> <span class='ocrx_word' id='word_1_239' title='bbox 1365 3485 1366 3546; x_wconf 59' lang='lat'>³</span> 
     </span>
     <span class='ocr_line' id='line_1_30' title="bbox 330 3573 1366 3683; baseline -0.003 -33"><span class='ocrx_word' id='word_1_240' title='bbox 330 3587 616 3676; x_wconf 73' lang='lat' dir='ltr'>(manutentum)</span> <span class='ocrx_word' id='word_1_241' title='bbox 645 3597 770 3656; x_wconf 84' lang='lat' dir='ltr'>moenia</span> <span class='ocrx_word' id='word_1_242' title='bbox 787 3587 903 3683; x_wconf 81' lang='lat' dir='ltr'>egreffo</span> <span class='ocrx_word' id='word_1_243' title='bbox 925 3606 1018 3656; x_wconf 85' lang='lat' dir='ltr'>vetus</span> <span class='ocrx_word' id='word_1_244' title='bbox 1038 3591 1089 3652; x_wconf 82' lang='lat' dir='ltr'>iiie</span> <span class='ocrx_word' id='word_1_245' title='bbox 1118 3613 1185 3652; x_wconf 90' lang='lat' dir='ltr'>mos</span> <span class='ocrx_word' id='word_1_246' title='bbox 1204 3586 1340 3650; x_wconf 75' lang='lat' dir='ltr'>Gallorum</span> <span class='ocrx_word' id='word_1_247' title='bbox 1365 3573 1366 3586; x_wconf 42' lang='lat'>¹</span> 
     </span>
     <span class='ocr_line' id='line_1_31' title="bbox 329 3693 1340 3781; baseline -0.01 -29"><span class='ocrx_word' id='word_1_248' title='bbox 329 3695 485 3774; x_wconf 81' lang='lat' dir='ltr'>occurrit,</span> <span class='ocrx_word' id='word_1_249' title='bbox 511 3715 590 3776; x_wconf 90' lang='lat' dir='ltr'>quos</span> <span class='ocrx_word' id='word_1_250' title='bbox 612 3696 694 3781; x_wconf 83' lang='lat' dir='ltr'>(leg.</span> <span class='ocrx_word' id='word_1_251' title='bbox 718 3717 781 3778; x_wconf 87' lang='lat' dir='ltr'>quo</span> <span class='ocrx_word' id='word_1_252' title='bbox 800 3716 839 3758; x_wconf 86' lang='lat' dir='ltr'>ex</span> <span class='ocrx_word' id='word_1_253' title='bbox 854 3696 946 3759; x_wconf 87' lang='lat' dir='ltr'>MSS.</span> <span class='ocrx_word' id='word_1_254' title='bbox 968 3715 1039 3756; x_wconf 87' lang='lat' dir='ltr'>cum</span> <span class='ocrx_word' id='word_1_255' title='bbox 1055 3693 1229 3769; x_wconf 85' lang='lat' dir='ltr'>Torrenio)</span> <span class='ocrx_word' id='word_1_256' title='bbox 1249 3701 1340 3746; x_wconf 85' lang='lat' dir='ltr'>memo·</span> 
     </span>
     <span class='ocr_line' id='line_1_32' title="bbox 328 3783 1339 3890; baseline -0.002 -38"><span class='ocrx_word' id='word_1_257' title='bbox 328 3793 396 3854; x_wconf 85' lang='lat' dir='ltr'>riae</span> <span class='ocrx_word' id='word_1_258' title='bbox 416 3794 578 3876; x_wconf 81' lang='lat' dir='ltr'>proditum</span> <span class='ocrx_word' id='word_1_259' title='bbox 599 3795 659 3890; x_wconf 84' lang='lat' dir='ltr'>est,</span> <span class='ocrx_word' id='word_1_260' title='bbox 690 3799 840 3877; x_wconf 84' lang='lat' dir='ltr'>pecunias</span> <span class='ocrx_word' id='word_1_261' title='bbox 863 3809 1006 3865; x_wconf 87' lang='lat' dir='ltr'>mutuos,</span> <span class='ocrx_word' id='word_1_262' title='bbox 1039 3815 1121 3879; x_wconf 80' lang='lat' dir='ltr'>quae</span> <span class='ocrx_word' id='word_1_263' title='bbox 1142 3796 1192 3855; x_wconf 76' lang='lat' dir='ltr'>tis</span> <span class='ocrx_word' id='word_1_264' title='bbox 1207 3785 1286 3868; x_wconf 61' lang='lat' dir='ltr'>atiud</span> <span class='ocrx_word' id='word_1_265' title='bbox 1303 3783 1339 3840; x_wconf 66' lang='lat'>5²¹·</span> 
     </span>
     <span class='ocr_line' id='line_1_33' title="bbox 317 3883 1337 3990; baseline -0.002 -36"><span class='ocrx_word' id='word_1_266' title='bbox 317 3883 655 3981; x_wconf 56' lang='lat' dir='ltr'>ferosqreddereutur,</span> <span class='ocrx_word' id='word_1_267' title='bbox 690 3899 766 3959; x_wconf 79' lang='lat' dir='ltr'>dare</span> <span class='ocrx_word' id='word_1_268' title='bbox 783 3890 913 3990; x_wconf 80' lang='lat' dir='ltr'>soiitos,</span> <span class='ocrx_word' id='word_1_269' title='bbox 948 3899 1026 3980; x_wconf 83' lang='lat' dir='ltr'>quio</span> <span class='ocrx_word' id='word_1_270' title='bbox 1045 3885 1224 3986; x_wconf 78' lang='lat' dir='ltr'>perfitafiem</span> <span class='ocrx_word' id='word_1_271' title='bbox 1244 3883 1337 3948; x_wconf 77' lang='lat' dir='ltr'>tabue-</span> 
     </span>
     <span class='ocr_line' id='line_1_34' title="bbox 325 3987 1336 4086; baseline -0.002 -32"><span class='ocrx_word' id='word_1_272' title='bbox 325 4007 416 4066; x_wconf 88' lang='lat' dir='ltr'>runt,</span> <span class='ocrx_word' id='word_1_273' title='bbox 443 3997 569 4059; x_wconf 86' lang='lat' dir='ltr'>animus</span> <span class='ocrx_word' id='word_1_274' title='bbox 590 4001 748 4061; x_wconf 81' lang='lat' dir='ltr'>hominum</span> <span class='ocrx_word' id='word_1_275' title='bbox 769 3998 961 4061; x_wconf 80' lang='lat' dir='ltr'>immortales</span> <span class='ocrx_word' id='word_1_276' title='bbox 980 3987 1336 4086; x_wconf 77' lang='lat' dir='ltr'>effi.1damqueetiam</span> 
     </span>
     <span class='ocr_line' id='line_1_35' title="bbox 322 4091 1336 4182; baseline -0.008 -25"><span class='ocrx_word' id='word_1_277' title='bbox 322 4095 581 4182; x_wconf 78' lang='lat' dir='ltr'>animadversum</span> <span class='ocrx_word' id='word_1_278' title='bbox 605 4098 812 4165; x_wconf 80' lang='lat' dir='ltr'>aclariffimie</span> <span class='ocrx_word' id='word_1_279' title='bbox 838 4103 927 4172; x_wconf 71' lang='lat' dir='ltr'>vixit,</span> <span class='ocrx_word' id='word_1_280' title='bbox 955 4101 1103 4172; x_wconf 82' lang='lat' dir='ltr'>Schotto‚</span> <span class='ocrx_word' id='word_1_281' title='bbox 1129 4091 1286 4178; x_wconf 79' lang='lat' dir='ltr'>Reynoldo</span> <span class='ocrx_word' id='word_1_282' title='bbox 1309 4093 1336 4145; x_wconf 74' lang='lat' dir='ltr'>tt</span> 
     </span>
    </p>
   </div>
   <div class='ocr_carea' id='block_1_6' title="bbox 0 0 1398 4942">
    <p class='ocr_par' dir='ltr' id='par_1_7' title="bbox 0 0 1398 4942">
     <span class='ocr_line' id='line_1_36' title="bbox 0 0 1398 4942; baseline 0 0"><span class='ocrx_word' id='word_1_283' title='bbox 0 0 1398 4942; x_wconf 95' lang='lat' dir='ltr'> </span> 
     </span>
    </p>
   </div>
  </div>
 </body>
</html>
