2752 4944
363 431 452 486 Lm
482 431 521 484 11.
571 431 678 488 c.111.
720 429 746 500 A.
776 447 822 486 ιο.
1053 429 1114 508 263

53 601 165 698 figam.
211 604 305 667 Puto
334 606 432 690 igitur
455 603 670 668 scribendum:
707 603 877 668 Ambracia
905 605 1112 670 Aeacidarum

62 710 148 789 regia
164 707 332 790 Epirique
346 707 523 770 Buthrotos
544 707 675 778 ultimo,
704 721 740 768 ut
761 707 955 790 postremum
974 709 1111 770 verbnm

61 807 102 901 fi
122 809 311 878 redundet,
343 805 536 872 ufitatiffima
559 809 664 874 Melae
690 809 922 872 consuetudine
944 811 1112 872 claudendi

62 911 212 996 regiones
230 911 286 972 hie
303 911 448 982 vocibue,
472 911 572 982 Finit,
599 911 768 982 Terminus.
796 911 939 974 Vltimus
954 929 986 974 et
1002 913 1110 976 huiue·

61 1013 162 1076 modi.
228 1011 304 1074 Effe
336 1027 443 1076 autem
475 1014 624 1074 nltimam
653 1013 765 1074 urbem
794 1013 885 1098 Epiri
914 1015 1107 1086 Buthroton,

62 1116 268 1176 occidentem
285 1113 403 1184 verine,
425 1115 638 1186 Ptolemaeus,
661 1107 710 1202 [3.
733 1107 804 1202 etp]
826 1129 865 1176 nt
879 1117 990 1178 ceterie
1006 1115 1108 1198 inper-

63 1213 205 1295 nocam,
238 1216 349 1278 tradit.
391 1236 591 1279 rrnrrnnre.
657 1217 755 1279 Recte
787 1217 918 1298 quidem
949 1219 987 1278 ad
1019 1219 1107 1280 hunc

62 1317 165 1378 locum
194 1317 393 1390 Pincianae.
434 1317 549 1398 Pyrrhi
576 1319 628 1380 hic
658 1315 767 1380 frustra
794 1320 994 1380 mentionem
1026 1319 1103 1388 iteri,

63 1417 224 1501 cumipse
251 1420 388 1482 Aeacida
413 1418 527 1494 fuerim
564 1439 632 1482 non
655 1414 760 1482 tamen
781 1419 884 1502 placet
906 1420 974 1490 illa,
1007 1439 1104 1500 qnam

62 1521 187 1582 adhibet
205 1521 385 1584 medicina.
438 1523 519 1583 Vera
538 1521 580 1583 est
600 1523 686 1603 prior
705 1523 815 1590 lectio.
841 1541 937 1602 qnam
956 1521 1104 1583 melioret

63 1625 257 1683 confirmant
280 1623 421 1684 codicee:
454 1622 661 1684 Aeacidarum
681 1643 777 1704 regam
797 1623 979 1706 Pyrrhique.
1032 1622 1102 1684 Hoc

61 1743 120 1783 non
143 1725 185 1784 ad
213 1722 420 1785 Ambraciam
443 1721 561 1795 solum,
595 1721 646 1786 sed
669 1725 708 1786 ad
732 1725 955 1805 praecedentes
975 1743 1102 1806 quoqne

61 1823 268 1886 referendum
292 1825 336 1886 est
358 1825 463 1888 urben.
523 1825 691 1888 Ambracia
719 1845 837 1910 nempe
862 1825 1026 1886 nobilitata
1048 1823 1101 1894 est.

62 1928 143 2006 quod
170 1925 295 2006 Pyrrhi
316 1924 412 1988 fuerit
433 1929 527 2012 regia.
579 1927 682 2011 Argoa
704 1947 782 1988 vcro
808 1925 1099 2008 Amphilochicum,

61 2029 207 2098 Actium,
235 2029 378 2109 aliaeque
396 2029 485 2110 Epiri
504 2027 599 2090 urbee
617 2041 794 2091 ceterorum
812 2029 1017 2090 Aeacidarum
1034 2025 1100 2088 fue·

61 2143 132 2188 runt
149 2130 274 2214 regiae.
309 2133 457 2194 'roeetre
521 2129 575 2191 Est
596 2129 708 2192 eadem
732 2131 871 2198 locutio.
901 2149 961 2210 qna
984 2129 1101 2190 dicitnr

63 2230 264 2292 aPetronio:
292 2223 347 2315 [a.
364 2223 421 2317 tp]
447 2229 609 2292 Pindoms
629 2251 800 2314 novemque
816 2231 935 2312 Lyrici.
974 2231 1100 2312 Nempe

63 2331 222 2410 Pyrrhus,
262 2333 391 2394 Achillis
413 2332 513 2404 filine.
546 2331 634 2394 Pelei
660 2351 780 2416 nepot.
814 2333 906 2394 Aeaci
930 2351 1099 2414 pronepot.

64 2435 144 2496 unde
166 2452 288 2496 omnee
312 2435 400 2516 Epiri
423 2453 513 2518 regen
536 2433 698 2496 Aeacidae.
751 2453 775 2498 1.
802 2453 996 2496 ononovrve
1023 2433 1100 2496 MS.

66 2534 142 2597 Heri
174 2537 222 2595 ita
255 2533 366 2616 paffim
397 2533 488 2607 solet.
521 2549 559 2596 nt
580 2555 618 2598 ex
642 2535 788 2618 pluribue
808 2535 914 2606 iociie,
948 2535 1100 2617 conlegit,

64 2637 249 2717 aequalibue
271 2639 459 2718 praecipuue
479 2639 589 2718 aliquie
613 2651 646 2698 et
664 2637 748 2720 quali
771 2637 917 2720 princepe
939 2635 1099 2718 separatim

62 2741 270 2806 nominetur,
303 2739 415 2818 reliqui
442 2739 476 2798 in
501 2737 686 2800 universnm
715 2751 954 2806 memorentur,
989 2737 1039 2796 uti
1060 2735 1100 2796 ad

60 2839 255 2900 Petronium
288 2853 380 2900 notat
406 2841 502 2900 etiam
538 2841 700 2902 Antonine
732 2840 880 2922 exemplo
913 2839 1036 2898 adiecto
1061 2855 1100 2898 ex

61 2939 159 3003 Orid.
185 2940 323 3000 Metam.
346 2941 379 3010 6.
403 2955 461 3016 72.
497 2939 545 3002 bis
566 2931 629 3032 sex
658 2939 800 3034 coelestes
822 2938 923 3000 medio
949 2941 1027 3000 Iove
1052 2969 1100 2985 -

54 3031 187 3132 sederet,
213 3041 272 3102 etfi
288 3043 324 3101 nd
343 3043 570 3124 complendum
587 3043 679 3102 iilum
698 3061 869 3104 numerum
886 3037 948 3122 ipse
964 3039 1102 3122 pertinet

60 3143 193 3226 iupiter.
248 3141 355 3204 Potest
371 3159 477 3222 tamen
495 3143 556 3206 hoc
576 3143 614 3204 ad
635 3143 778 3206 niitatam
801 3145 959 3204 rationem
980 3155 1012 3200 et
1034 3141 1102 3202 vul·

60 3265 169 3328 garem
199 3248 362 3312 revocari.
398 3246 440 3304 ita
471 3242 598 3315 sedent,
633 3257 671 3304 nt
701 3245 823 3326 iupiter
848 3257 908 3306 etc.
970 3243 1032 3306 Sed
1059 3241 1102 3304 ita

61 3347 160 3408 Marc.
185 3345 244 3415 16,
266 3360 299 3420 7.
327 3339 440 3409 εἴπατε
458 3345 526 3420 τοῖς
545 3345 711 3434 μαθηταῖς
733 3339 788 3408 emi
810 3346 861 3426 τῷ
884 3343 1011 3430 Πέτρῳ.
1050 3345 1103 3408 Sic

61 3449 196 3530 paulum
225 3459 348 3508 munta
378 3445 480 3510 forma
507 3449 635 3530 Iupiter
664 3447 784 3532 Diiqzu
814 3447 944 3512 Plautus
973 3447 1101 3530 Captir.

46 3558 93 3628 '5‚
120 3571 153 3623 ι,
180 3568 215 3616 ι.
243 3561 277 3610 et
297 3549 383 3614 alibi.

133 3751 418 3836 Bretitroton)
478 3755 593 3818 Venet.
621 3752 793 3839 Rehdiger.
833 3749 917 3836 Lipi.
947 3749 1106 3822 bitrototrt

65 3855 150 3918 Guo.
179 3853 352 3937 bytrotom
395 3853 532 3920 Vindob.
564 3857 758 3928 vithrotrtnt;
798 3851 890 3940 Prag.
926 3851 1106 3922 ducentum

66 3957 163 4021 vatic.
182 3971 219 4038 5.
244 3953 398 4030 incoram
418 3957 513 4024 Perii.
532 3975 564 4022 n.
582 3955 750 4030 buthroto5
772 3955 881 4020 Cibin.
899 3957 1016 4036 aliique
1031 3972 1105 4014 cum

66 4060 137 4122 edd.
162 4079 196 4124 ι.
223 4073 258 4122 n.
285 4073 316 4138 3.
337 4071 373 4138 tp.
396 4069 433 4136 5.
455 4059 490 4124 6.
514 4075 547 4136 7.
565 4071 600 4138 8.
620 4061 761 4141 aliaeque
782 4059 880 4120 etiam
896 4055 1107 4122 Cemertinan

68 4161 135 4226 Ald.
163 4163 256 4224 lunt.
289 4161 462 4232 vadianae,
499 4162 717 4234 Olirarimae,
759 4161 894 4223 Vinctue
927 4159 1108 4228 Butrotom
