2826 4936
325 431 368 498 9⁰
624 415 872 475 POMPONH
916 413 1076 506 MELAR

326 613 359 674 p.
387 604 469 672 152.
508 589 616 654 Immo
632 591 762 653 Tacitus
782 591 816 652 in
839 589 1009 652 Germanic
1032 609 1059 652 c.
1077 604 1132 653 22.
1149 587 1192 652 in.
1205 585 1275 650 haec
1291 583 1336 646 ha·

326 692 400 756 bet:
434 693 554 756 Statim
577 713 594 752 ι
607 683 723 783 somno
745 693 899 754 lavantur
916 682 1050 784 saepius
1069 688 1186 762 calida,
1210 701 1244 750 nt
1262 685 1337 766 npnd

327 815 407 878 qnos
427 793 594 874 plurimum
617 795 716 855 Ιιίιηιι
742 805 891 872 occupat.
950 791 1071 854 Contra
1093 791 1172 874 apud
1195 791 1337 854 Romanos

327 895 448 960 diverso
469 893 567 958 causa.
619 897 658 957 in
676 895 863 958 fluminibut
885 895 1000 980 igitur.
1027 895 1105 956 dum
1124 891 1245 962 licebat,
1269 905 1339 951 nan·

326 997 414 1068 bant,
438 999 529 1060 dorni
549 997 746 1061 lavabantur.
797 999 889 1082 Quae
905 997 1038 1080 quidem
1053 1013 1106 1058 me
1121 1004 1291 1064 moverunt,
1310 1003 1339 1052 nt

326 1093 503 1182 praemiffic
519 1099 597 1161 haec
613 1099 709 1161 verba
726 1101 844 1162 darem.

392 1267 579 1361 studium
606 1270 730 1330 etiam
756 1266 832 1362 ιβ)
882 1265 992 1332 Cibin.
1017 1267 1116 1329 otiam
1133 1263 1271 1360 studium
1290 1259 1339 1358 est3

326 1369 421 1436 Parit.
446 1389 476 1434 t.
497 1368 736 1464 iliiusstndium
754 1371 850 1432 etiam
870 1367 926 1464 ιβ.

405 1529 649 1632 arcessunt)
686 1541 739 1603 Sic
753 1538 861 1603 Cibin.
879 1540 978 1602 Vatic.
994 1560 1023 1602 ι.
1039 1539 1154 1602 Venct.
1170 1533 1248 1620 cipi.
1267 1531 1338 1596 Gnd.

327 1641 464 1726 Reliqui,
492 1645 575 1724 quod
592 1655 681 1724 puto,
706 1661 780 1702 cum
801 1641 875 1704 edd.
897 1643 1065 1724 plerisque,
1093 1635 1236 1707 voffnna
1251 1638 1338 1704 etiem

326 1735 499 1837 accersunt,
525 1745 611 1826 quod
628 1743 751 1804 dudum
767 1742 971 1828 profligatum
988 1742 1042 1806 est.

402 1935 502 1998 quae
526 1905 773 2006 possident)
822 1907 874 1976 Td
890 1933 971 1996 qnae
988 1912 1110 1975 excidit
1129 1913 1163 1974 in
1179 1905 1338 1972 vindobon.

327 2017 365 2078 ln
383 2015 558 2100 Rehdiget.
572 2017 705 2100 legitur:
731 2012 977 2097 prolatandique
997 2035 1079 2075 aron
1100 2007 1261 2106 poffidmt.
1289 2009 1338 2070 Pro

324 2111 480 2207 poffidem
505 2117 570 2178 fine
602 2117 679 2178 iuste
709 2113 796 2178 causa
826 2114 1011 2198 posteriores
1038 2117 1173 2179 vadiani
1198 2112 1338 2176 editiones,

325 2219 404 2281 item
423 2231 481 2297 3⁰·
502 2231 560 2297 32.
580 2231 639 2296 57.
662 2218 739 2279 dam
758 2211 962 2310 poffidenmr.

394 2377 487 2478 sint
496 2385 515 2468 )
565 2385 764 2448 Gronovinni
783 2399 926 2469 quatuor,
945 2385 1100 2458 Vaticani,
1124 2383 1258 2448 vindob.
1271 2376 1338 2444 Gud·

324 2483 645 2579 Rehdiger.‘stnunt;
672 2487 753 2551 Voff.
769 2509 796 2552 1.
813 2489 921 2552 Cibin.
937 2501 970 2550 et
990 2509 1087 2570 quem
1104 2497 1270 2552 enatarunt
1281 2477 1339 2542 edd.

326 2607 385 2664 27.
404 2607 462 2669 29.
477 2587 605 2680 finam.
642 2591 736 2651 Forte
746 2587 838 2681 stant
852 2591 930 2652 olim
945 2589 1072 2662 exstitit,
1099 2590 1189 2672 quod
1204 2589 1235 2649 in
1243 2581 1339 2678 finani

324 2692 403 2775 post¹
413 2687 529 2782 sinunt
553 2691 618 2754 levi
640 2692 819 2753 mutatione
841 2693 894 2753 vel
917 2710 1022 2754 errore
1050 2693 1187 2754 tranniit.
1243 2687 1340 2748 Simnt

323 2795 444 2876 recepit
466 2795 562 2854 etiam
590 2793 735 2856 Vinctus.
786 2791 932 2854 Aliorum
960 2793 1120 2854 editiones
1144 2789 1225 2854 nihii
1250 2780 1340 2850 noti·

322 2907 394 2980 gata
415 2895 554 2957 lectione
575 2894 764 2976 discrepant.
803 2894 904 2958 Antea
925 2895 1038 2958 Venet.
1058 2895 1147 2955 circa
1167 2913 1227 2954 eos.

398 3059 576 3143 habent)
627 3061 767 3125 vindob.
789 3075 893 3145 agunt
913 3060 1041 3126 habent.
1080 3063 1170 3124 Tum
1191 3055 1342 3140 Rehdiger.

321 3183 361 3227 m
384 3177 431 3227 ut.
467 3163 593 3226 Avoco
609 3165 667 3226 Ius
688 3183 755 3246 cap.
778 3176 832 3242 15.
855 3165 968 3247 incipit
989 3167 1135 3228 Vinetne.

347 3363 350 3374 ·
396 3347 538 3432 victu)
575 3349 637 3412 Ed.
657 3371 687 3412 1.
709 3349 790 3412 victi
804 3347 937 3423 vitioic;
963 3347 1103 3411 vindob.
1121 3345 1233 3410 inmiti
1246 3335 1343 3406 omiffo

322 3470 396 3535 que.
423 3452 473 3510 uti
495 3471 571 3513 mox
593 3453 628 3511 in
646 3442 801 3539 ferarum.
853 3453 938 3515 Edd.
958 3465 990 3525 7.
1011 3461 1045 3527 8.
1068 3461 1123 3527 15.
1149 3467 1202 3532 17.
1224 3464 1276 3509 oo.
1296 3453 1344 3517 ιδ·

322 3553 477 3624 νιιιιιιίσς
507 3569 538 3614 2.
555 3570 590 3632 9.
612 3567 667 3630 13.
692 3553 724 3612 in
744 3542 843 3643 ipsas.
894 3553 958 3614 Pro
972 3572 1041 3612 cnm
1058 3551 1207 3631 rigentem
1224 3545 1345 3611 Contin-

322 3655 396 3738 giue
417 3654 455 3714 ad
478 3653 594 3714 calcem
610 3653 714 3714 Taciti
736 3653 777 3715 de
799 3653 966 3716 Germania
989 3673 1022 3735 p.
1039 3661 1099 3732 94.
1120 3653 1229 3714 malitt
1259 3659 1344 3730 quam

323 3757 472 3834 rigentem
505 3751 636 3816 faciliori
668 3767 702 3815 et
732 3755 932 3816 concinniori
963 3774 1067 3825 nexu,
1109 3757 1208 3815 modo
1233 3746 1344 3810 codicet

324 3857 517 3926 addicerem.
542 3875 680 3938 quorum
703 3868 809 3917 tamen
827 3857 922 3919 lectio
940 3853 1014 3918 ferri
1033 3857 1129 3917 etiem
1146 3852 1253 3938 potest.

401 4039 590 4104 manibus
610 4071 660 4086 -
669 4040 688 4124 )
739 4040 847 4105 Cibin.
864 4040 991 4105 inverso
1014 4042 1127 4105 ordine
1145 4035 1270 4122 pedibus
1288 4047 1343 4095 ma·

323 4140 486 4228 nidosque.
523 4143 597 4207 1³0st
621 4143 795 4229 Rehdiger.
818 4157 1027 4208 mnommtur.
1104 4157 1107 4162 '
