<?xml version="1.0" encoding="UTF-8"?>
<!DOCTYPE html PUBLIC "-//W3C//DTD XHTML 1.0 Transitional//EN"
    "http://www.w3.org/TR/xhtml1/DTD/xhtml1-transitional.dtd">
<html xmlns="http://www.w3.org/1999/xhtml" xml:lang="en" lang="en">
 <head>
  <title>
</title>
<meta http-equiv="Content-Type" content="text/html;charset=utf-8" />
  <meta name='ocr-system' content='tesseract 3.04.00' />
  <meta name='ocr-capabilities' content='ocr_page ocr_carea ocr_par ocr_line ocrx_word'/>
</head>
<body>
  <div class='ocr_page' id='page_1' title='image "./pomponiimelaede05melagoog_0070.png"; bbox 0 0 2848 4942; ppageno 0'>
   <div class='ocr_carea' id='block_1_1' title="bbox 338 369 1084 460">
    <p class='ocr_par' dir='ltr' id='par_1_1' title="bbox 338 369 1084 460">
     <span class='ocr_line' id='line_1_1' title="bbox 338 369 1084 460; baseline -0.001 -1"><span class='ocrx_word' id='word_1_1' title='bbox 338 399 379 459; x_wconf 81' lang='lat'><em>62</em></span> <span class='ocrx_word' id='word_1_2' title='bbox 644 369 887 460; x_wconf 78' lang='lat' dir='ltr'><em>rouro&#39;uu</em></span> <span class='ocrx_word' id='word_1_3' title='bbox 922 403 1084 460; x_wconf 72' lang='lat' dir='ltr'><em>mutae</em></span> 
     </span>
    </p>
   </div>
   <div class='ocr_carea' id='block_1_2' title="bbox 281 575 1383 4212">
    <p class='ocr_par' dir='ltr' id='par_1_2' title="bbox 281 575 1383 4212">
     <span class='ocr_line' id='line_1_2' title="bbox 338 575 1383 670; baseline 0 -33"><span class='ocrx_word' id='word_1_4' title='bbox 338 575 393 670; x_wconf 82' lang='lat' dir='ltr'><em>est.</em></span> <span class='ocrx_word' id='word_1_5' title='bbox 421 596 609 640; x_wconf 78' lang='lat' dir='ltr'><em>eanaauvs.</em></span> <span class='ocrx_word' id='word_1_6' title='bbox 662 577 878 664; x_wconf 83' lang='lat' dir='ltr'><em>Mariangelue</em></span> <span class='ocrx_word' id='word_1_7' title='bbox 894 597 953 660; x_wconf 90' lang='lat' dir='ltr'><em>pro</em></span> <span class='ocrx_word' id='word_1_8' title='bbox 974 577 1204 640; x_wconf 82' lang='lat' dir='ltr'><em>interlucentur</em></span> <span class='ocrx_word' id='word_1_9' title='bbox 1224 575 1383 638; x_wconf 79' lang='lat' dir='ltr'><em>substituit</em></span> 
     </span>
     <span class='ocr_line' id='line_1_3' title="bbox 338 681 1379 764; baseline -0.001 -25"><span class='ocrx_word' id='word_1_10' title='bbox 338 681 421 740; x_wconf 85' lang='lat' dir='ltr'><em>inter</em></span> <span class='ocrx_word' id='word_1_11' title='bbox 438 681 594 763; x_wconf 84' lang='lat' dir='ltr'><em>loquentis</em></span> <span class='ocrx_word' id='word_1_12' title='bbox 611 693 667 740; x_wconf 92' lang='lat' dir='ltr'><em>aut</em></span> <span class='ocrx_word' id='word_1_13' title='bbox 692 681 774 741; x_wconf 85' lang='lat' dir='ltr'><em>inter</em></span> <span class='ocrx_word' id='word_1_14' title='bbox 795 681 942 743; x_wconf 88' lang='lat' dir='ltr'><em>lucentis.</em></span> <span class='ocrx_word' id='word_1_15' title='bbox 995 683 1066 764; x_wconf 83' lang='lat' dir='ltr'><em>Ego</em></span> <span class='ocrx_word' id='word_1_16' title='bbox 1089 696 1242 741; x_wconf 87' lang='lat' dir='ltr'><em>neutrum</em></span> <span class='ocrx_word' id='word_1_17' title='bbox 1267 681 1379 760; x_wconf 88' lang='lat' dir='ltr'><em>probo,</em></span> 
     </span>
     <span class='ocr_line' id='line_1_4' title="bbox 340 779 1380 866; baseline 0.002 -26"><span class='ocrx_word' id='word_1_18' title='bbox 340 779 393 842; x_wconf 88' lang='lat' dir='ltr'><em>led</em></span> <span class='ocrx_word' id='word_1_19' title='bbox 418 779 629 851; x_wconf 85' lang='lat' dir='ltr'><em>scribendum,</em></span> <span class='ocrx_word' id='word_1_20' title='bbox 660 795 696 842; x_wconf 89' lang='lat' dir='ltr'><em>ut</em></span> <span class='ocrx_word' id='word_1_21' title='bbox 715 801 796 852; x_wconf 90' lang='lat' dir='ltr'><em>reor,</em></span> <span class='ocrx_word' id='word_1_22' title='bbox 829 780 968 866; x_wconf 80' lang='lat' dir='ltr'><em>binisque</em></span> <span class='ocrx_word' id='word_1_23' title='bbox 988 781 1117 864; x_wconf 87' lang='lat' dir='ltr'><em>poculis,</em></span> <span class='ocrx_word' id='word_1_24' title='bbox 1149 783 1204 864; x_wconf 82' lang='lat' dir='ltr'><em>qui</em></span> <span class='ocrx_word' id='word_1_25' title='bbox 1221 779 1380 862; x_wconf 86' lang='lat' dir='ltr'><em>plurimus</em></span> 
     </span>
     <span class='ocr_line' id='line_1_5' title="bbox 339 881 1377 964; baseline 0 -22"><span class='ocrx_word' id='word_1_26' title='bbox 339 881 466 943; x_wconf 82' lang='lat' dir='ltr'><em>retulere</em></span> <span class='ocrx_word' id='word_1_27' title='bbox 492 895 716 962; x_wconf 78' lang='lat' dir='ltr'><em>perpetrantes,</em></span> <span class='ocrx_word' id='word_1_28' title='bbox 749 885 978 964; x_wconf 80' lang='lat' dir='ltr'><em>interlunguut.</em></span> <span class='ocrx_word' id='word_1_29' title='bbox 1030 883 1083 943; x_wconf 85' lang='lat' dir='ltr'><em>Est</em></span> <span class='ocrx_word' id='word_1_30' title='bbox 1106 887 1194 946; x_wconf 87' lang='lat' dir='ltr'><em>enim</em></span> <span class='ocrx_word' id='word_1_31' title='bbox 1221 884 1377 942; x_wconf 83' lang='lat' dir='ltr'><em>interiun-</em></span> 
     </span>
     <span class='ocr_line' id='line_1_6' title="bbox 338 983 1375 1067; baseline 0.004 -24"><span class='ocrx_word' id='word_1_32' title='bbox 338 1005 410 1064; x_wconf 81' lang='lat' dir='ltr'><em>gere</em></span> <span class='ocrx_word' id='word_1_33' title='bbox 430 985 564 1046; x_wconf 89' lang='lat' dir='ltr'><em>eandem</em></span> <span class='ocrx_word' id='word_1_34' title='bbox 579 1004 648 1044; x_wconf 87' lang='lat' dir='ltr'><em>rem</em></span> <span class='ocrx_word' id='word_1_35' title='bbox 664 985 848 1066; x_wconf 84' lang='lat' dir='ltr'><em>interpofito</em></span> <span class='ocrx_word' id='word_1_36' title='bbox 866 983 965 1067; x_wconf 85' lang='lat' dir='ltr'><em>spatio</em></span> <span class='ocrx_word' id='word_1_37' title='bbox 984 998 1137 1066; x_wconf 89' lang='lat' dir='ltr'><em>repetere.</em></span> <span class='ocrx_word' id='word_1_38' title='bbox 1174 1003 1375 1047; x_wconf 76' lang='lat' dir='ltr'><em>murmure.</em></span> 
     </span>
     <span class='ocr_line' id='line_1_7' title="bbox 337 1087 1379 1172; baseline -0.002 -25"><span class='ocrx_word' id='word_1_39' title='bbox 337 1087 422 1147; x_wconf 84' lang='lat' dir='ltr'><em>Ante</em></span> <span class='ocrx_word' id='word_1_40' title='bbox 442 1087 701 1148; x_wconf 83' lang='lat' dir='ltr'><em>emendationem</em></span> <span class='ocrx_word' id='word_1_41' title='bbox 717 1087 880 1148; x_wconf 86' lang='lat' dir='ltr'><em>Hermolai</em></span> <span class='ocrx_word' id='word_1_42' title='bbox 900 1087 1063 1172; x_wconf 85' lang='lat' dir='ltr'><em>legebatur</em></span> <span class='ocrx_word' id='word_1_43' title='bbox 1084 1087 1264 1166; x_wconf 75' lang='lat' dir='ltr'><em>perpensis</em></span> <span class='ocrx_word' id='word_1_44' title='bbox 1287 1087 1379 1146; x_wconf 89' lang='lat' dir='ltr'><em>iuter·</em></span> 
     </span>
     <span class='ocr_line' id='line_1_8' title="bbox 338 1185 1376 1281; baseline 0.001 -34"><span class='ocrx_word' id='word_1_45' title='bbox 338 1185 475 1260; x_wconf 82' lang='lat' dir='ltr'><em>lucentis</em></span> <span class='ocrx_word' id='word_1_46' title='bbox 514 1189 615 1248; x_wconf 82' lang='lat' dir='ltr'><em>honos</em></span> <span class='ocrx_word' id='word_1_47' title='bbox 650 1189 839 1268; x_wconf 80' lang='lat' dir='ltr'><em>praecipuus</em></span> <span class='ocrx_word' id='word_1_48' title='bbox 877 1186 932 1281; x_wconf 83' lang='lat' dir='ltr'><em>est.</em></span> <span class='ocrx_word' id='word_1_49' title='bbox 1018 1189 1204 1249; x_wconf 81' lang='lat' dir='ltr'><em>Herodotus</em></span> <span class='ocrx_word' id='word_1_50' title='bbox 1246 1187 1304 1248; x_wconf 89' lang='lat' dir='ltr'><em>lib.</em></span> <span class='ocrx_word' id='word_1_51' title='bbox 1342 1195 1376 1269; x_wconf 80' lang='lat'><em>4.</em></span> 
     </span>
     <span class='ocr_line' id='line_1_9' title="bbox 340 1281 1376 1384; baseline -0.004 -34"><span class='ocrx_word' id='word_1_52' title='bbox 340 1288 389 1366; x_wconf 84' lang='lat' dir='ltr'><em>[c.</em></span> <span class='ocrx_word' id='word_1_53' title='bbox 411 1289 492 1370; x_wconf 82' lang='lat'><em>62.]</em></span> <span class='ocrx_word' id='word_1_54' title='bbox 529 1288 593 1384; x_wconf 69' lang='lat' dir='ltr'><em>Qui</em></span> <span class='ocrx_word' id='word_1_55' title='bbox 613 1311 686 1352; x_wconf 85' lang='lat' dir='ltr'><em>vero</em></span> <span class='ocrx_word' id='word_1_56' title='bbox 707 1289 813 1370; x_wconf 85' lang='lat' dir='ltr'><em>plures</em></span> <span class='ocrx_word' id='word_1_57' title='bbox 829 1290 938 1350; x_wconf 84' lang='lat' dir='ltr'><em>cuades</em></span> <span class='ocrx_word' id='word_1_58' title='bbox 952 1281 1071 1380; x_wconf 86' lang='lat' dir='ltr'><em>fecere,</em></span> <span class='ocrx_word' id='word_1_59' title='bbox 1099 1291 1122 1349; x_wconf 91' lang='lat' dir='ltr'><em>ii</em></span> <span class='ocrx_word' id='word_1_60' title='bbox 1147 1287 1271 1348; x_wconf 80' lang='lat' dir='ltr'><em>duobus</em></span> <span class='ocrx_word' id='word_1_61' title='bbox 1292 1290 1376 1367; x_wconf 85' lang='lat' dir='ltr'><em>pari·</em></span> 
     </span>
     <span class='ocr_line' id='line_1_10' title="bbox 338 1387 1383 1473; baseline -0.004 -23"><span class='ocrx_word' id='word_1_62' title='bbox 338 1403 401 1460; x_wconf 84' lang='lat' dir='ltr'><em>ter,</em></span> <span class='ocrx_word' id='word_1_63' title='bbox 430 1411 509 1473; x_wconf 76' lang='lat' dir='ltr'><em>quus</em></span> <span class='ocrx_word' id='word_1_64' title='bbox 530 1387 662 1462; x_wconf 75' lang='lat' dir='ltr'><em>liabent,</em></span> <span class='ocrx_word' id='word_1_65' title='bbox 694 1389 846 1452; x_wconf 83' lang='lat' dir='ltr'><em>calicibus</em></span> <span class='ocrx_word' id='word_1_66' title='bbox 870 1403 1000 1472; x_wconf 79' lang='lat' dir='ltr'><em>poterat.</em></span> <span class='ocrx_word' id='word_1_67' title='bbox 1051 1392 1086 1453; x_wconf 87' lang='lat' dir='ltr'><em>si</em></span> <span class='ocrx_word' id='word_1_68' title='bbox 1112 1393 1305 1452; x_wconf 83' lang='lat' dir='ltr'><em>coniecturis</em></span> <span class='ocrx_word' id='word_1_69' title='bbox 1329 1389 1383 1448; x_wconf 51' lang='lat' dir='ltr'><em>uti¹</em></span> 
     </span>
     <span class='ocr_line' id='line_1_11' title="bbox 336 1489 1373 1577; baseline -0.005 -26"><span class='ocrx_word' id='word_1_70' title='bbox 336 1491 422 1560; x_wconf 86' lang='lat' dir='ltr'><em>licet,</em></span> <span class='ocrx_word' id='word_1_71' title='bbox 445 1493 530 1552; x_wconf 89' lang='lat' dir='ltr'><em>hunc</em></span> <span class='ocrx_word' id='word_1_72' title='bbox 544 1493 651 1554; x_wconf 91' lang='lat' dir='ltr'><em>locum</em></span> <span class='ocrx_word' id='word_1_73' title='bbox 668 1491 705 1554; x_wconf 85' lang='lat' dir='ltr'><em>fic</em></span> <span class='ocrx_word' id='word_1_74' title='bbox 720 1494 868 1577; x_wconf 86' lang='lat' dir='ltr'><em>legerem,</em></span> <span class='ocrx_word' id='word_1_75' title='bbox 889 1507 927 1553; x_wconf 88' lang='lat' dir='ltr'><em>ur</em></span> <span class='ocrx_word' id='word_1_76' title='bbox 942 1513 1017 1552; x_wconf 85' lang='lat' dir='ltr'><em>oum</em></span> <span class='ocrx_word' id='word_1_77' title='bbox 1024 1489 1194 1553; x_wconf 84' lang='lat' dir='ltr'><em>Herodoto</em></span> <span class='ocrx_word' id='word_1_78' title='bbox 1209 1501 1373 1575; x_wconf 83' lang='lat' dir='ltr'><em>congruat,</em></span> 
     </span>
     <span class='ocr_line' id='line_1_12' title="bbox 338 1593 1373 1678; baseline -0.005 -24"><span class='ocrx_word' id='word_1_79' title='bbox 338 1613 440 1674; x_wconf 93' lang='lat' dir='ltr'><em>aquo</em></span> <span class='ocrx_word' id='word_1_80' title='bbox 462 1594 538 1654; x_wconf 89' lang='lat' dir='ltr'><em>haec</em></span> <span class='ocrx_word' id='word_1_81' title='bbox 561 1596 685 1654; x_wconf 84' lang='lat' dir='ltr'><em>omnia:</em></span> <span class='ocrx_word' id='word_1_82' title='bbox 732 1593 876 1678; x_wconf 82' lang='lat' dir='ltr'><em>binisque</em></span> <span class='ocrx_word' id='word_1_83' title='bbox 903 1594 1040 1675; x_wconf 86' lang='lat' dir='ltr'><em>poculis,</em></span> <span class='ocrx_word' id='word_1_84' title='bbox 1074 1594 1131 1676; x_wconf 83' lang='lat' dir='ltr'><em>qui</em></span> <span class='ocrx_word' id='word_1_85' title='bbox 1161 1593 1314 1673; x_wconf 85' lang='lat' dir='ltr'><em>plurimus</em></span> <span class='ocrx_word' id='word_1_86' title='bbox 1333 1613 1373 1650; x_wconf 86' lang='lat' dir='ltr'><em>re·</em></span> 
     </span>
     <span class='ocr_line' id='line_1_13' title="bbox 339 1677 1374 1775; baseline -0.003 -21"><span class='ocrx_word' id='word_1_87' title='bbox 339 1695 451 1764; x_wconf 69' lang='lat' dir='ltr'><em>tsskre,</em></span> <span class='ocrx_word' id='word_1_88' title='bbox 480 1707 665 1775; x_wconf 74' lang='lat' dir='ltr'><em>perperene.</em></span> <span class='ocrx_word' id='word_1_89' title='bbox 704 1677 744 1756; x_wconf 84' lang='lat' dir='ltr'><em>Is</em></span> <span class='ocrx_word' id='word_1_90' title='bbox 769 1697 871 1758; x_wconf 80' lang='lat' dir='ltr'><em>boreus</em></span> <span class='ocrx_word' id='word_1_91' title='bbox 892 1711 953 1758; x_wconf 87' lang='lat' dir='ltr'><em>etc.</em></span> <span class='ocrx_word' id='word_1_92' title='bbox 1014 1695 1097 1757; x_wconf 92' lang='lat' dir='ltr'><em>Nam</em></span> <span class='ocrx_word' id='word_1_93' title='bbox 1121 1694 1312 1756; x_wconf 82' lang='lat' dir='ltr'><em>interlucent</em></span> <span class='ocrx_word' id='word_1_94' title='bbox 1337 1711 1374 1754; x_wconf 87' lang='lat' dir='ltr'><em>ex</em></span> 
     </span>
     <span class='ocr_line' id='line_1_14' title="bbox 336 1794 1376 1876; baseline -0.004 -20"><span class='ocrx_word' id='word_1_95' title='bbox 336 1795 437 1856; x_wconf 88' lang='lat' dir='ltr'><em>verbo</em></span> <span class='ocrx_word' id='word_1_96' title='bbox 454 1797 655 1876; x_wconf 83' lang='lat' dir='ltr'><em>praecedenti</em></span> <span class='ocrx_word' id='word_1_97' title='bbox 668 1809 843 1876; x_wconf 77' lang='lat' dir='ltr'><em>perpetrant</em></span> <span class='ocrx_word' id='word_1_98' title='bbox 859 1794 978 1858; x_wconf 85' lang='lat' dir='ltr'><em>factum</em></span> <span class='ocrx_word' id='word_1_99' title='bbox 993 1795 1148 1866; x_wconf 83' lang='lat' dir='ltr'><em>existimo,</em></span> <span class='ocrx_word' id='word_1_100' title='bbox 1166 1817 1239 1857; x_wconf 89' lang='lat' dir='ltr'><em>cum</em></span> <span class='ocrx_word' id='word_1_101' title='bbox 1260 1795 1376 1855; x_wconf 88' lang='lat' dir='ltr'><em>librarii</em></span> 
     </span>
     <span class='ocr_line' id='line_1_15' title="bbox 336 1895 1373 1980; baseline -0.002 -24"><span class='ocrx_word' id='word_1_102' title='bbox 336 1895 502 1966; x_wconf 85' lang='lat' dir='ltr'><em>nescirent,</em></span> <span class='ocrx_word' id='word_1_103' title='bbox 529 1910 566 1956; x_wconf 91' lang='lat' dir='ltr'><em>ut</em></span> <span class='ocrx_word' id='word_1_104' title='bbox 583 1895 671 1979; x_wconf 82' lang='lat' dir='ltr'><em>saepe</em></span> <span class='ocrx_word' id='word_1_105' title='bbox 689 1896 745 1958; x_wconf 85' lang='lat' dir='ltr'><em>usu</em></span> <span class='ocrx_word' id='word_1_106' title='bbox 762 1901 863 1970; x_wconf 87' lang='lat' dir='ltr'><em>venit,</em></span> <span class='ocrx_word' id='word_1_107' title='bbox 890 1899 1006 1960; x_wconf 84' lang='lat' dir='ltr'><em>elleme</em></span> <span class='ocrx_word' id='word_1_108' title='bbox 1024 1895 1173 1980; x_wconf 83' lang='lat' dir='ltr'><em>scriptum</em></span> <span class='ocrx_word' id='word_1_109' title='bbox 1191 1907 1373 1978; x_wconf 85' lang='lat' dir='ltr'><em>perpetuat,</em></span> 
     </span>
     <span class='ocr_line' id='line_1_16' title="bbox 336 1998 1374 2081; baseline -0.002 -23"><span class='ocrx_word' id='word_1_110' title='bbox 336 2017 376 2058; x_wconf 91' lang='lat' dir='ltr'><em>an</em></span> <span class='ocrx_word' id='word_1_111' title='bbox 402 2011 450 2058; x_wconf 86' lang='lat' dir='ltr'><em>ter</em></span> <span class='ocrx_word' id='word_1_112' title='bbox 472 1998 596 2070; x_wconf 82' lang='lat' dir='ltr'><em>luceret,</em></span> <span class='ocrx_word' id='word_1_113' title='bbox 628 2013 698 2070; x_wconf 89' lang='lat' dir='ltr'><em>aut,</em></span> <span class='ocrx_word' id='word_1_114' title='bbox 730 2001 816 2080; x_wconf 88' lang='lat' dir='ltr'><em>quod</em></span> <span class='ocrx_word' id='word_1_115' title='bbox 839 2002 927 2062; x_wconf 89' lang='lat' dir='ltr'><em>idem</em></span> <span class='ocrx_word' id='word_1_116' title='bbox 952 2002 1012 2078; x_wconf 77' lang='lat' dir='ltr'><em>est,</em></span> <span class='ocrx_word' id='word_1_117' title='bbox 1044 2001 1222 2081; x_wconf 72' lang='lat' dir='ltr'><em>perpacatis</em></span> <span class='ocrx_word' id='word_1_118' title='bbox 1249 2013 1305 2060; x_wconf 89' lang='lat' dir='ltr'><em>aut</em></span> <span class='ocrx_word' id='word_1_119' title='bbox 1330 2009 1374 2057; x_wconf 81' lang='lat' dir='ltr'><em>ter</em></span> 
     </span>
     <span class='ocr_line' id='line_1_17' title="bbox 335 2097 1372 2192; baseline -0.001 -33"><span class='ocrx_word' id='word_1_120' title='bbox 335 2099 461 2162; x_wconf 87' lang='lat' dir='ltr'><em>locutis.</em></span> <span class='ocrx_word' id='word_1_121' title='bbox 513 2098 662 2192; x_wconf 87' lang='lat' dir='ltr'><em>Namest</em></span> <span class='ocrx_word' id='word_1_122' title='bbox 690 2102 878 2162; x_wconf 86' lang='lat' dir='ltr'><em>adiunctum</em></span> <span class='ocrx_word' id='word_1_123' title='bbox 901 2099 962 2162; x_wconf 85' lang='lat' dir='ltr'><em>fuit</em></span> <span class='ocrx_word' id='word_1_124' title='bbox 984 2123 1025 2164; x_wconf 88' lang='lat' dir='ltr'><em>ex</em></span> <span class='ocrx_word' id='word_1_125' title='bbox 1051 2101 1203 2184; x_wconf 84' lang='lat' dir='ltr'><em>superiori</em></span> <span class='ocrx_word' id='word_1_126' title='bbox 1230 2097 1372 2161; x_wconf 81' lang='lat' dir='ltr'><em>clausula.</em></span> 
     </span>
     <span class='ocr_line' id='line_1_18' title="bbox 334 2201 1372 2281; baseline -0.002 -19"><span class='ocrx_word' id='word_1_127' title='bbox 334 2201 419 2262; x_wconf 81' lang='lat' dir='ltr'><em>Alias</em></span> <span class='ocrx_word' id='word_1_128' title='bbox 436 2202 517 2261; x_wconf 86' lang='lat' dir='ltr'><em>inter</em></span> <span class='ocrx_word' id='word_1_129' title='bbox 535 2213 750 2281; x_wconf 71' lang='lat' dir='ltr'><em>perpetrantes,</em></span> <span class='ocrx_word' id='word_1_130' title='bbox 776 2203 997 2264; x_wconf 74' lang='lat' dir='ltr'><em>interlucentes</em></span> <span class='ocrx_word' id='word_1_131' title='bbox 1016 2205 1129 2265; x_wconf 83' lang='lat' dir='ltr'><em>hortos.</em></span> <span class='ocrx_word' id='word_1_132' title='bbox 1161 2219 1372 2262; x_wconf 78' lang='lat' dir='ltr'><em>craecourve.</em></span> 
     </span>
     <span class='ocr_line' id='line_1_19' title="bbox 336 2299 1373 2392; baseline 0 -32"><span class='ocrx_word' id='word_1_133' title='bbox 336 2301 490 2363; x_wconf 86' lang='lat' dir='ltr'><em>Libenter</em></span> <span class='ocrx_word' id='word_1_134' title='bbox 505 2299 594 2374; x_wconf 83' lang='lat' dir='ltr'><em>facio,</em></span> <span class='ocrx_word' id='word_1_135' title='bbox 622 2317 658 2363; x_wconf 92' lang='lat' dir='ltr'><em>ut</em></span> <span class='ocrx_word' id='word_1_136' title='bbox 678 2305 841 2388; x_wconf 84' lang='lat' dir='ltr'><em>vulgatam</em></span> <span class='ocrx_word' id='word_1_137' title='bbox 858 2305 1032 2367; x_wconf 86' lang='lat' dir='ltr'><em>lectionem</em></span> <span class='ocrx_word' id='word_1_138' title='bbox 1058 2299 1259 2392; x_wconf 83' lang='lat' dir='ltr'><em>[perpeteris</em></span> <span class='ocrx_word' id='word_1_139' title='bbox 1282 2305 1373 2362; x_wconf 85' lang='lat' dir='ltr'><em>iuter·</em></span> 
     </span>
     <span class='ocr_line' id='line_1_20' title="bbox 334 2397 1370 2490; baseline -0.001 -27"><span class='ocrx_word' id='word_1_140' title='bbox 334 2397 501 2490; x_wconf 82' lang='lat' dir='ltr'><em>locantur]</em></span> <span class='ocrx_word' id='word_1_141' title='bbox 531 2417 634 2476; x_wconf 88' lang='lat' dir='ltr'><em>tuear,</em></span> <span class='ocrx_word' id='word_1_142' title='bbox 669 2425 728 2466; x_wconf 89' lang='lat' dir='ltr'><em>nec</em></span> <span class='ocrx_word' id='word_1_143' title='bbox 750 2407 827 2487; x_wconf 89' lang='lat' dir='ltr'><em>quid</em></span> <span class='ocrx_word' id='word_1_144' title='bbox 848 2419 968 2468; x_wconf 85' lang='lat' dir='ltr'><em>temere</em></span> <span class='ocrx_word' id='word_1_145' title='bbox 991 2405 1054 2466; x_wconf 85' lang='lat' dir='ltr'><em>line</em></span> <span class='ocrx_word' id='word_1_146' title='bbox 1074 2405 1164 2466; x_wconf 82' lang='lat' dir='ltr'><em>libris</em></span> <span class='ocrx_word' id='word_1_147' title='bbox 1188 2407 1370 2470; x_wconf 87' lang='lat' dir='ltr'><em>immutem,</em></span> 
     </span>
     <span class='ocr_line' id='line_1_21' title="bbox 335 2505 1371 2591; baseline -0.005 -24"><span class='ocrx_word' id='word_1_148' title='bbox 335 2507 551 2567; x_wconf 81' lang='lat' dir='ltr'><em>coniecturam</em></span> <span class='ocrx_word' id='word_1_149' title='bbox 584 2507 736 2568; x_wconf 85' lang='lat' dir='ltr'><em>incertam</em></span> <span class='ocrx_word' id='word_1_150' title='bbox 769 2509 886 2568; x_wconf 78' lang='lat' dir='ltr'><em>rarloni</em></span> <span class='ocrx_word' id='word_1_151' title='bbox 917 2506 1118 2591; x_wconf 77' lang='lat' dir='ltr'><em>posthabens.</em></span> <span class='ocrx_word' id='word_1_152' title='bbox 1183 2505 1253 2567; x_wconf 89' lang='lat' dir='ltr'><em>Nec</em></span> <span class='ocrx_word' id='word_1_153' title='bbox 1286 2507 1371 2564; x_wconf 87' lang='lat' dir='ltr'><em>enim</em></span> 
     </span>
     <span class='ocr_line' id='line_1_22' title="bbox 334 2607 1370 2692; baseline -0.003 -24"><span class='ocrx_word' id='word_1_154' title='bbox 334 2607 480 2668; x_wconf 80' lang='lat' dir='ltr'><em>affeutior</em></span> <span class='ocrx_word' id='word_1_155' title='bbox 518 2607 660 2670; x_wconf 81' lang='lat' dir='ltr'><em>Accursso</em></span> <span class='ocrx_word' id='word_1_156' title='bbox 695 2609 910 2692; x_wconf 85' lang='lat' dir='ltr'><em>Mariangelo,</em></span> <span class='ocrx_word' id='word_1_157' title='bbox 949 2621 1005 2668; x_wconf 91' lang='lat' dir='ltr'><em>aut</em></span> <span class='ocrx_word' id='word_1_158' title='bbox 1038 2609 1172 2670; x_wconf 87' lang='lat' dir='ltr'><em>Freden.</em></span> <span class='ocrx_word' id='word_1_159' title='bbox 1209 2608 1370 2672; x_wconf 82' lang='lat' dir='ltr'><em>Pintiano,</em></span> 
     </span>
     <span class='ocr_line' id='line_1_23' title="bbox 334 2707 1371 2793; baseline -0.004 -25"><span class='ocrx_word' id='word_1_160' title='bbox 334 2711 400 2790; x_wconf 90' lang='lat' dir='ltr'><em>qui,</em></span> <span class='ocrx_word' id='word_1_161' title='bbox 422 2710 510 2790; x_wconf 89' lang='lat' dir='ltr'><em>quod</em></span> <span class='ocrx_word' id='word_1_162' title='bbox 526 2709 633 2771; x_wconf 88' lang='lat' dir='ltr'><em>locum</em></span> <span class='ocrx_word' id='word_1_163' title='bbox 650 2729 717 2772; x_wconf 93' lang='lat' dir='ltr'><em>non</em></span> <span class='ocrx_word' id='word_1_164' title='bbox 733 2711 958 2793; x_wconf 85' lang='lat' dir='ltr'><em>intelligerent,</em></span> <span class='ocrx_word' id='word_1_165' title='bbox 979 2710 1092 2780; x_wconf 86' lang='lat' dir='ltr'><em>statim,</em></span> <span class='ocrx_word' id='word_1_166' title='bbox 1117 2723 1154 2769; x_wconf 91' lang='lat' dir='ltr'><em>ut</em></span> <span class='ocrx_word' id='word_1_167' title='bbox 1170 2707 1257 2778; x_wconf 83' lang='lat' dir='ltr'><em>tolet,</em></span> <span class='ocrx_word' id='word_1_168' title='bbox 1281 2709 1371 2768; x_wconf 89' lang='lat' dir='ltr'><em>aliam</em></span> 
     </span>
     <span class='ocr_line' id='line_1_24' title="bbox 333 2810 1371 2892; baseline -0.005 -22"><span class='ocrx_word' id='word_1_169' title='bbox 333 2811 508 2874; x_wconf 86' lang='lat' dir='ltr'><em>lectionem</em></span> <span class='ocrx_word' id='word_1_170' title='bbox 532 2813 698 2874; x_wconf 88' lang='lat' dir='ltr'><em>cuderunt.</em></span> <span class='ocrx_word' id='word_1_171' title='bbox 751 2813 808 2872; x_wconf 86' lang='lat' dir='ltr'><em>llle</em></span> <span class='ocrx_word' id='word_1_172' title='bbox 824 2831 881 2892; x_wconf 94' lang='lat' dir='ltr'><em>pro</em></span> <span class='ocrx_word' id='word_1_173' title='bbox 900 2811 1131 2872; x_wconf 79' lang='lat' dir='ltr'><em>interlucentes</em></span> <span class='ocrx_word' id='word_1_174' title='bbox 1147 2812 1229 2870; x_wconf 83' lang='lat' dir='ltr'><em>inter</em></span> <span class='ocrx_word' id='word_1_175' title='bbox 1248 2810 1371 2892; x_wconf 79' lang='lat' dir='ltr'><em>loqsreu·</em></span> 
     </span>
     <span class='ocr_line' id='line_1_25' title="bbox 335 2910 1369 2986; baseline -0.006 -14"><span class='ocrx_word' id='word_1_176' title='bbox 335 2923 382 2974; x_wconf 86' lang='lat' dir='ltr'><em>tes</em></span> <span class='ocrx_word' id='word_1_177' title='bbox 397 2928 453 2974; x_wconf 91' lang='lat' dir='ltr'><em>aut</em></span> <span class='ocrx_word' id='word_1_178' title='bbox 469 2913 550 2973; x_wconf 84' lang='lat' dir='ltr'><em>inter</em></span> <span class='ocrx_word' id='word_1_179' title='bbox 565 2915 723 2986; x_wconf 83' lang='lat' dir='ltr'><em>iocantes,·</em></span> <span class='ocrx_word' id='word_1_180' title='bbox 747 2913 829 2974; x_wconf 90' lang='lat' dir='ltr'><em>libro</em></span> <span class='ocrx_word' id='word_1_181' title='bbox 845 2913 1049 2972; x_wconf 85' lang='lat' dir='ltr'><em>diatribaruur</em></span> <span class='ocrx_word' id='word_1_182' title='bbox 1067 2914 1101 2972; x_wconf 94' lang='lat' dir='ltr'><em>in</em></span> <span class='ocrx_word' id='word_1_183' title='bbox 1116 2913 1284 2974; x_wconf 89' lang='lat' dir='ltr'><em>Solinmn:</em></span> <span class='ocrx_word' id='word_1_184' title='bbox 1313 2910 1369 2969; x_wconf 85' lang='lat' dir='ltr'><em>Hie</em></span> 
     </span>
     <span class='ocr_line' id='line_1_26' title="bbox 332 3012 1369 3094; baseline -0.005 -22"><span class='ocrx_word' id='word_1_185' title='bbox 332 3027 541 3094; x_wconf 79' lang='lat' dir='ltr'><em>purpurantes</em></span> <span class='ocrx_word' id='word_1_186' title='bbox 575 3016 811 3094; x_wconf 82' lang='lat' dir='ltr'><em>iuteriuugunt,</em></span> <span class='ocrx_word' id='word_1_187' title='bbox 848 3034 927 3094; x_wconf 89' lang='lat' dir='ltr'><em>quae</em></span> <span class='ocrx_word' id='word_1_188' title='bbox 961 3033 1027 3074; x_wconf 88' lang='lat' dir='ltr'><em>vox</em></span> <span class='ocrx_word' id='word_1_189' title='bbox 1059 3014 1143 3073; x_wconf 89' lang='lat' dir='ltr'><em>baud</em></span> <span class='ocrx_word' id='word_1_190' title='bbox 1179 3012 1239 3074; x_wconf 87' lang='lat' dir='ltr'><em>scio</em></span> <span class='ocrx_word' id='word_1_191' title='bbox 1266 3033 1306 3072; x_wconf 89' lang='lat' dir='ltr'><em>an</em></span> <span class='ocrx_word' id='word_1_192' title='bbox 1337 3012 1369 3068; x_wconf 91' lang='lat' dir='ltr'><em>in</em></span> 
     </span>
     <span class='ocr_line' id='line_1_27' title="bbox 333 3113 1368 3199; baseline -0.003 -26"><span class='ocrx_word' id='word_1_193' title='bbox 333 3115 477 3199; x_wconf 80' lang='lat' dir='ltr'><em>Linguae</em></span> <span class='ocrx_word' id='word_1_194' title='bbox 495 3115 624 3178; x_wconf 83' lang='lat' dir='ltr'><em>Latinae</em></span> <span class='ocrx_word' id='word_1_195' title='bbox 644 3117 817 3197; x_wconf 80' lang='lat' dir='ltr'><em>pomoeriis</em></span> <span class='ocrx_word' id='word_1_196' title='bbox 837 3115 1029 3196; x_wconf 91' lang='lat' dir='ltr'><em>reperiatur;</em></span> <span class='ocrx_word' id='word_1_197' title='bbox 1062 3115 1143 3174; x_wconf 91' lang='lat' dir='ltr'><em>mibi</em></span> <span class='ocrx_word' id='word_1_198' title='bbox 1166 3113 1246 3183; x_wconf 85' lang='lat' dir='ltr'><em>lane,</em></span> <span class='ocrx_word' id='word_1_199' title='bbox 1275 3113 1368 3173; x_wconf 85' lang='lat' dir='ltr'><em>faten-</em></span> 
     </span>
     <span class='ocr_line' id='line_1_28' title="bbox 333 3213 1368 3296; baseline -0.007 -20"><span class='ocrx_word' id='word_1_200' title='bbox 333 3217 412 3276; x_wconf 92' lang='lat' dir='ltr'><em>dum</em></span> <span class='ocrx_word' id='word_1_201' title='bbox 443 3217 530 3276; x_wconf 85' lang='lat' dir='ltr'><em>enim</em></span> <span class='ocrx_word' id='word_1_202' title='bbox 550 3217 636 3296; x_wconf 91' lang='lat' dir='ltr'><em>quod</em></span> <span class='ocrx_word' id='word_1_203' title='bbox 664 3237 712 3279; x_wconf 88' lang='lat' dir='ltr'><em>ree</em></span> <span class='ocrx_word' id='word_1_204' title='bbox 734 3217 794 3288; x_wconf 89' lang='lat' dir='ltr'><em>est,</em></span> <span class='ocrx_word' id='word_1_205' title='bbox 829 3217 906 3277; x_wconf 89' lang='lat' dir='ltr'><em>dure</em></span> <span class='ocrx_word' id='word_1_206' title='bbox 929 3213 1003 3278; x_wconf 88' lang='lat' dir='ltr'><em>ferit</em></span> <span class='ocrx_word' id='word_1_207' title='bbox 1031 3235 1137 3286; x_wconf 86' lang='lat' dir='ltr'><em>aures,</em></span> <span class='ocrx_word' id='word_1_208' title='bbox 1170 3217 1268 3277; x_wconf 83' lang='lat' dir='ltr'><em>nimie</em></span> <span class='ocrx_word' id='word_1_209' title='bbox 1290 3213 1368 3274; x_wconf 82' lang='lat' dir='ltr'><em>forte</em></span> 
     </span>
     <span class='ocr_line' id='line_1_29' title="bbox 332 3313 1366 3399; baseline 0 -23"><span class='ocrx_word' id='word_1_210' title='bbox 332 3317 488 3380; x_wconf 82' lang='lat' dir='ltr'><em>delicatae.</em></span> <span class='ocrx_word' id='word_1_211' title='bbox 541 3319 698 3397; x_wconf 78' lang='lat' dir='ltr'><em>Equidem</em></span> <span class='ocrx_word' id='word_1_212' title='bbox 716 3319 794 3378; x_wconf 88' lang='lat' dir='ltr'><em>dum</em></span> <span class='ocrx_word' id='word_1_213' title='bbox 811 3318 909 3378; x_wconf 78' lang='lat' dir='ltr'><em>simile</em></span> <span class='ocrx_word' id='word_1_214' title='bbox 933 3319 1116 3399; x_wconf 88' lang='lat' dir='ltr'><em>exemplum</em></span> <span class='ocrx_word' id='word_1_215' title='bbox 1136 3321 1302 3398; x_wconf 87' lang='lat' dir='ltr'><em>reperiam,</em></span> <span class='ocrx_word' id='word_1_216' title='bbox 1331 3313 1366 3372; x_wconf 81' lang='lat' dir='ltr'><em>bc</em></span> 
     </span>
     <span class='ocr_line' id='line_1_30' title="bbox 331 3417 1365 3501; baseline -0.007 -22"><span class='ocrx_word' id='word_1_217' title='bbox 331 3439 499 3500; x_wconf 86' lang='lat' dir='ltr'><em>exponam,</em></span> <span class='ocrx_word' id='word_1_218' title='bbox 525 3432 562 3478; x_wconf 92' lang='lat' dir='ltr'><em>ut</em></span> <span class='ocrx_word' id='word_1_219' title='bbox 584 3421 853 3501; x_wconf 90' lang='lat' dir='ltr'><em>quemadmodum</em></span> <span class='ocrx_word' id='word_1_220' title='bbox 874 3421 1046 3500; x_wconf 86' lang='lat' dir='ltr'><em>Duplicarii</em></span> <span class='ocrx_word' id='word_1_221' title='bbox 1069 3419 1186 3498; x_wconf 87' lang='lat' dir='ltr'><em>duplici</em></span> <span class='ocrx_word' id='word_1_222' title='bbox 1211 3417 1365 3500; x_wconf 87' lang='lat' dir='ltr'><em>stipendio</em></span> 
     </span>
     <span class='ocr_line' id='line_1_31' title="bbox 330 3520 1365 3588; baseline -0.004 -8"><span class='ocrx_word' id='word_1_223' title='bbox 330 3520 511 3588; x_wconf 87' lang='lat' dir='ltr'><em>merebant,</em></span> <span class='ocrx_word' id='word_1_224' title='bbox 539 3522 581 3580; x_wconf 91' lang='lat' dir='ltr'><em>ita</em></span> <span class='ocrx_word' id='word_1_225' title='bbox 598 3523 633 3582; x_wconf 91' lang='lat' dir='ltr'><em>hi</em></span> <span class='ocrx_word' id='word_1_226' title='bbox 653 3521 736 3582; x_wconf 90' lang='lat' dir='ltr'><em>inter</em></span> <span class='ocrx_word' id='word_1_227' title='bbox 758 3521 890 3584; x_wconf 81' lang='lat' dir='ltr'><em>bibones</em></span> <span class='ocrx_word' id='word_1_228' title='bbox 913 3522 1072 3582; x_wconf 87' lang='lat' dir='ltr'><em>alternatis</em></span> <span class='ocrx_word' id='word_1_229' title='bbox 1088 3520 1215 3580; x_wconf 86' lang='lat' dir='ltr'><em>vicibus</em></span> <span class='ocrx_word' id='word_1_230' title='bbox 1238 3521 1365 3580; x_wconf 86' lang='lat' dir='ltr'><em>colloca·</em></span> 
     </span>
     <span class='ocr_line' id='line_1_32' title="bbox 330 3619 1366 3706; baseline -0.006 -25"><span class='ocrx_word' id='word_1_231' title='bbox 330 3621 462 3692; x_wconf 89' lang='lat' dir='ltr'><em>bantur,</em></span> <span class='ocrx_word' id='word_1_232' title='bbox 496 3622 703 3706; x_wconf 80' lang='lat' dir='ltr'><em>haustumque</em></span> <span class='ocrx_word' id='word_1_233' title='bbox 731 3623 895 3685; x_wconf 85' lang='lat' dir='ltr'><em>iterabant.</em></span> <span class='ocrx_word' id='word_1_234' title='bbox 953 3623 1143 3700; x_wconf 86' lang='lat' dir='ltr'><em>Scytharum</em></span> <span class='ocrx_word' id='word_1_235' title='bbox 1169 3625 1257 3682; x_wconf 86' lang='lat' dir='ltr'><em>enim</em></span> <span class='ocrx_word' id='word_1_236' title='bbox 1284 3619 1366 3679; x_wconf 88' lang='lat' dir='ltr'><em>biba·</em></span> 
     </span>
     <span class='ocr_line' id='line_1_33' title="bbox 327 3721 1362 3808; baseline -0.011 -22"><span class='ocrx_word' id='word_1_237' title='bbox 327 3725 409 3787; x_wconf 70' lang='lat' dir='ltr'><em>nitar</em></span> <span class='ocrx_word' id='word_1_238' title='bbox 438 3723 532 3808; x_wconf 80' lang='lat' dir='ltr'><em>(non</em></span> <span class='ocrx_word' id='word_1_239' title='bbox 567 3725 638 3786; x_wconf 88' lang='lat' dir='ltr'><em>dico</em></span> <span class='ocrx_word' id='word_1_240' title='bbox 677 3726 842 3785; x_wconf 82' lang='lat' dir='ltr'><em>vistaeites</em></span> <span class='ocrx_word' id='word_1_241' title='bbox 878 3723 1017 3805; x_wconf 81' lang='lat' dir='ltr'><em>Hispano</em></span> <span class='ocrx_word' id='word_1_242' title='bbox 1050 3721 1163 3805; x_wconf 90' lang='lat' dir='ltr'><em>more)</em></span> <span class='ocrx_word' id='word_1_243' title='bbox 1195 3721 1362 3804; x_wconf 79' lang='lat' dir='ltr'><em>prouerbio</em></span> 
     </span>
     <span class='ocr_line' id='line_1_34' title="bbox 281 3820 1362 3910; baseline -0.006 -24"><span class='ocrx_word' id='word_1_244' title='bbox 281 3829 282 3838; x_wconf 75' lang='grc'>’</span> <span class='ocrx_word' id='word_1_245' title='bbox 330 3827 440 3886; x_wconf 81' lang='lat' dir='ltr'><em>lucum</em></span> <span class='ocrx_word' id='word_1_246' title='bbox 469 3827 567 3887; x_wconf 87' lang='lat' dir='ltr'><em>dedit.</em></span> <span class='ocrx_word' id='word_1_247' title='bbox 602 3845 778 3888; x_wconf 75' lang='lat' dir='ltr'><em>acueram.</em></span> <span class='ocrx_word' id='word_1_248' title='bbox 825 3820 901 3910; x_wconf 90' lang='lat' dir='ltr'><em>[qui</em></span> <span class='ocrx_word' id='word_1_249' title='bbox 939 3827 1074 3885; x_wconf 90' lang='lat' dir='ltr'><em>eandem</em></span> <span class='ocrx_word' id='word_1_250' title='bbox 1108 3827 1362 3885; x_wconf 85' lang='lat' dir='ltr'><em>emendationem</em></span> 
     </span>
     <span class='ocr_line' id='line_1_35' title="bbox 330 3917 1360 4012; baseline -0.007 -24"><span class='ocrx_word' id='word_1_251' title='bbox 330 3931 458 4009; x_wconf 87' lang='lat' dir='ltr'><em>repetiit</em></span> <span class='ocrx_word' id='word_1_252' title='bbox 487 3929 525 3988; x_wconf 88' lang='lat' dir='ltr'><em>ad</em></span> <span class='ocrx_word' id='word_1_253' title='bbox 554 3927 770 4011; x_wconf 81' lang='lat' dir='ltr'><em>Geographica</em></span> <span class='ocrx_word' id='word_1_254' title='bbox 792 3921 984 4012; x_wconf 68' lang='lat' dir='ltr'><em>Herodoti]</em></span> <span class='ocrx_word' id='word_1_255' title='bbox 1036 3927 1139 3988; x_wconf 87' lang='lat' dir='ltr'><em>Locus</em></span> <span class='ocrx_word' id='word_1_256' title='bbox 1162 3917 1360 4006; x_wconf 84' lang='lat' dir='ltr'><em>inquinatiffi·</em></span> 
     </span>
     <span class='ocr_line' id='line_1_36' title="bbox 330 4023 1360 4111; baseline -0.01 -21"><span class='ocrx_word' id='word_1_257' title='bbox 330 4051 402 4092; x_wconf 82' lang='lat' dir='ltr'><em>mue</em></span> <span class='ocrx_word' id='word_1_258' title='bbox 418 4045 449 4091; x_wconf 87' lang='lat' dir='ltr'><em>et</em></span> <span class='ocrx_word' id='word_1_259' title='bbox 465 4031 519 4111; x_wconf 89' lang='lat' dir='ltr'><em>qui</em></span> <span class='ocrx_word' id='word_1_260' title='bbox 535 4029 667 4090; x_wconf 82' lang='lat' dir='ltr'><em>mirifice</em></span> <span class='ocrx_word' id='word_1_261' title='bbox 684 4029 770 4089; x_wconf 85' lang='lat' dir='ltr'><em>vitoe</em></span> <span class='ocrx_word' id='word_1_262' title='bbox 786 4030 897 4089; x_wconf 86' lang='lat' dir='ltr'><em>doctos</em></span> <span class='ocrx_word' id='word_1_263' title='bbox 914 4029 1062 4090; x_wconf 83' lang='lat' dir='ltr'><em>exercuit.</em></span> <span class='ocrx_word' id='word_1_264' title='bbox 1114 4029 1264 4088; x_wconf 88' lang='lat' dir='ltr'><em>Veterum</em></span> <span class='ocrx_word' id='word_1_265' title='bbox 1280 4023 1360 4086; x_wconf 87' lang='lat' dir='ltr'><em>cudi·</em></span> 
     </span>
     <span class='ocr_line' id='line_1_37' title="bbox 330 4127 1358 4212; baseline -0.012 -19"><span class='ocrx_word' id='word_1_266' title='bbox 330 4152 403 4193; x_wconf 89' lang='lat' dir='ltr'><em>cum</em></span> <span class='ocrx_word' id='word_1_267' title='bbox 425 4131 598 4194; x_wconf 88' lang='lat' dir='ltr'><em>meliorum</em></span> <span class='ocrx_word' id='word_1_268' title='bbox 623 4130 701 4193; x_wconf 89' lang='lat' dir='ltr'><em>haec</em></span> <span class='ocrx_word' id='word_1_269' title='bbox 724 4129 766 4192; x_wconf 85' lang='lat' dir='ltr'><em>est</em></span> <span class='ocrx_word' id='word_1_270' title='bbox 792 4127 956 4212; x_wconf 83' lang='lat' dir='ltr'><em>scriptura:</em></span> <span class='ocrx_word' id='word_1_271' title='bbox 997 4128 1244 4192; x_wconf 82' lang='lat' dir='ltr'><em>interlucentes</em></span> <span class='ocrx_word' id='word_1_272' title='bbox 1267 4129 1358 4190; x_wconf 80' lang='lat' dir='ltr'><em>deseos</em></span> 
     </span>
    </p>
   </div>
   <div class='ocr_carea' id='block_1_3' title="bbox 0 0 1428 4942">
    <p class='ocr_par' dir='ltr' id='par_1_3' title="bbox 0 0 1428 4942">
     <span class='ocr_line' id='line_1_38' title="bbox 0 0 1428 4942; baseline 0 4"><span class='ocrx_word' id='word_1_273' title='bbox 0 0 1428 4942; x_wconf 95' lang='lat' dir='ltr'><em> </em></span> 
     </span>
    </p>
   </div>
  </div>
 </body>
</html>
