2788 4942
351 391 440 448 Lm.
470 393 520 446 ill.
572 391 656 448 c.1.
700 391 724 459 A.
748 401 778 464 A.
1049 411 1084 450 ιι

214 565 243 641 §.
273 574 307 644 4.
359 565 408 624 Irr
441 561 658 644 proximo)
708 564 801 626 Prior
835 583 901 626 ror
933 563 1017 628 abeli
1053 568 1088 629 in

64 665 142 750 Preg.
170 679 301 747 utraque
332 665 368 726 in
401 667 515 728 Venet.
563 665 668 750 Caput
700 667 833 728 tertium
866 666 942 728 hinc
974 669 1089 752 incipit
1171 664 1181 678 ‘

64 768 196 830 Vinctue.

128 969 267 1055 ineos)
315 971 411 1036 Forte
431 970 534 1043 locun
560 985 593 1035 et
609 991 686 1034 mox
706 995 727 1035 a
746 973 839 1036 litore
859 971 986 1060 gioss'om
1011 973 1087 1038 olet.

63 1090 230 1136 ecnorrre.
283 1075 466 1156 Vtrumque
489 1093 562 1134 cnm
590 1073 679 1136 librie
699 1077 751 1137 vel
777 1095 878 1138 nexne
903 1087 1012 1136 tnetnr
1035 1075 1089 1139 vel

63 1173 221 1258 obpofitio.
255 1175 336 1237 Mox
350 1195 409 1258 pro
426 1187 492 1236 tum
509 1177 562 1239 ed.
584 1197 613 1238 ι.
632 1189 709 1238 tunc
724 1189 800 1240 nota
816 1173 1011 1238 confusione.

124 1375 279 1462 Ebora)
305 1378 391 1442 (ind.
408 1378 556 1442 Perizon.
571 1377 661 1442 Voil.
681 1399 709 1444 r.
725 1391 758 1458 5.
777 1379 884 1443 Cibin.
903 1377 998 1443 Parii.
1014 1399 1041 1444 ι.
1055 1395 1088 1444 2.

62 1477 278 1561 Lipi.'Clrora,·
307 1480 392 1544 Voli.
410 1495 442 1560 3.
463 1483 499 1542 A.
511 1481 657 1543 Gronov.
675 1481 779 1544 Vatic.
794 1495 826 1562 3.
845 1481 964 1543 Venet.
983 1483 1090 1546 Hevn.

62 1579 139 1666 Prog.
169 1583 278 1656 Cora;
312 1581 399 1644 Vols.
422 1593 458 1662 4.
485 1583 659 1666 Rehdiger.
688 1583 815 1655 Eiroro,·
850 1581 936 1646 Chii.
962 1583 1091 1655 licerer

61 1683 163 1764 reliqui
197 1705 275 1746 cnm
308 1684 382 1746 edd.
411 1681 538 1754 Ebora,
580 1699 702 1766 praeter
735 1705 744 1744 r
755 1699 788 1763 3.
824 1685 857 1744 in
883 1704 943 1766 qua
966 1681 1090 1748 Eburo.

61 1801 260 1848 rrecnvcrrn.
311 1785 502 1868 Legerrdum
521 1783 634 1848 Ebura
656 1807 695 1848 ex
717 1785 887 1856 Strabone,
913 1781 970 1874 [3.
989 1807 1022 1869 p.
1045 1806 1090 1849 m.

63 1879 263 1972 97.[.140.]
291 1884 409 1957 Plinio,
434 1885 484 1966 [3,
500 1901 533 1966 3.
545 1885 565 1948 i'.
580 1889 626 1968 r.]
655 1889 831 1948 Antonino.
859 1887 907 1970 [p.
925 1909 970 1950 m.
986 1887 1090 1967 426]

62 2005 269 2050 ereccoruve.
327 1989 431 2050 Surita
465 1991 499 2048 in
529 1989 704 2052 emendate.
730 1989 768 2050 ad
802 1989 959 2050 Antonini
984 1991 1091 2051 itiner.

62 2107 87 2168 p.
105 2092 186 2167 560.
208 2088 265 2178 [p.
285 2100 371 2168 4⁰9·
389 2083 506 2176 Weff.]
524 2111 542 2152 e
559 2089 629 2152 MS.
650 2089 783 2152 Chollcr
797 2087 926 2172 profert,
949 2109 1008 2174 pro
1026 2107 1091 2172 quo

63 2191 218 2252 Goloborra
242 2211 280 2252 ex
295 2191 403 2254 Plinio
422 2203 453 2270 3.
476 2213 505 2253 ι.
530 2185 572 2278 [i.
592 2184 647 2278 3.]
672 2191 728 2251 nbi
747 2190 838 2254 MSS.
858 2191 1021 2252 Colobana
1039 2192 1093 2254 he·

63 2287 146 2362 hent,
184 2293 413 2376 corrigendum
443 2291 608 2354 existimat.
649 2311 680 2353 Α.
709 2311 915 2355 ononovrvs.
980 2291 1093 2354 Ebora

62 2395 145 2454 eoam
172 2395 259 2454 lianc
293 2393 437 2454 Baeticae
469 2393 582 2455 urbem
618 2393 811 2456 scribendam
847 2395 955 2480 potiue
989 2392 1094 2456 censet

63 2491 278 2558 Vasconcellue
294 2496 331 2556 ad
347 2492 499 2556 Reiendii
516 2495 646 2577 Antiqn.
666 2497 764 2558 Luiit.
780 2515 812 2578 p.
834 2495 890 2559 26.
942 2497 993 2557 De
1011 2497 1093 2559 Stra·

64 2595 136 2658 bone
151 2611 241 2658 recte
259 2595 458 2668 (limenius,
484 2597 591 2660 minue
608 2597 648 2658 de
664 2597 770 2658 Plinio
786 2609 818 2658 et
836 2595 1013 2660 Antonino.
1054 2597 1093 2659 in

63 2696 110 2756 illo
127 2701 216 2760 enirn
238 2699 294 2757 olio
313 2697 388 2758 urire
405 2696 447 2758 eit
460 2695 581 2768 Ebura,
602 2701 651 2758 nti
667 2701 796 2758 monuit
820 2697 1013 2768 Hammone,
1036 2717 1094 2760 no·

64 2796 110 2858 ltro
129 2797 241 2860 Ebora
262 2799 356 2860 etiam
381 2795 526 2858 scribitur
552 2801 586 2860 in
608 2799 717 2862 Plinio
741 2811 775 2877 4.
801 2811 858 2876 35.
880 2797 900 2858 i.
920 2815 976 2862 22.
1003 2811 1036 2860 et
1059 2803 1094 2860 in

63 2903 223 2962 Antonino
246 2901 325 2960 item
349 2899 465 2982 legitor
490 2899 665 2962 constanter
693 2897 816 2967 Ebora.
848 2899 934 2980 quod
958 2898 1095 2979 probant

63 3003 149 3062 etiem
173 3003 312 3084 lapides.
338 2989 445 3062 veluti
461 3001 544 3082 apud
570 3003 695 3064 Gruter.
719 3021 751 3084 p.
768 3011 855 3080 459.
895 3000 1034 3062 Soritam
1054 3002 1093 3062 ad

64 3103 215 3166 Antonin.
237 3123 268 3184 p.
287 3123 330 3162 m.
352 3113 438 3181 4¹8·
465 3123 503 3164 ex
522 3101 698 3174 Reiendio‚
724 3117 757 3164 et
780 3102 890 3171 nomi,
917 3101 957 3164 de
979 3103 1095 3186 quibus

63 3219 176 3281 praeter
209 3203 381 3266 Roschinm
408 3205 441 3264 in
477 3205 554 3266 Lex.
586 3227 679 3266 num.
709 3207 749 3268 T.
773 3219 807 3267 Ω.
836 3201 874 3268 Ρ.
899 3225 928 3268 ι.
955 3225 986 3286 p.
1009 3217 1095 3285 5⁰9·

66 3305 182 3368 Eckhel
200 3307 236 3365 in
253 3305 395 3366 doctrina
417 3325 543 3366 nornor.
561 3305 597 3368 P.
621 3305 741 3370 r.V01.
760 3327 789 3368 1.
809 3325 841 3386 p.
863 3323 875 3368 t
891 3325 902 3368 ι
921 3303 962 3386 sq.
988 3327 1096 3388 quam·

64 3425 168 3485 quom,
196 3406 256 3467 nisi
277 3407 334 3466 elia
358 3405 441 3489 ligno
462 3406 599 3488 adposita
623 3405 709 3478 lunt,
739 3419 868 3490 propter
888 3408 961 3470 eliae
978 3427 1096 3492 cogno·

64 3510 161 3572 mineo
183 3507 299 3577 orbes,
329 3505 458 3568 difficile
477 3507 521 3568 ett
541 3509 708 3572 iudicium.
758 3509 881 3570 soritae
903 3509 1095 3580 emendatio,

65 3608 100 3669 de
122 3630 183 3691 qna
205 3605 247 3670 cf.
272 3610 367 3670 etiam
393 3609 538 3694 Rodrigo
567 3609 649 3673 Caro
674 3611 706 3670 in
732 3609 957 3693 entiguedadee
980 3643 1032 3658 —
1056 3610 1096 3672 de

64 3710 175 3772 Sevilla
198 3709 256 3770 lib.
276 3724 309 3786 3.
330 3729 356 3772 c.
376 3725 435 3772 αα.
459 3731 492 3792 p.
515 3729 595 3774 too.
620 3705 801 3796 longiffime
819 3711 938 3770 recedit
959 3729 975 3772 e
996 3710 1095 3784 libris,

65 3809 161 3874 immo
180 3809 372 3880 Colobrorre,
396 3825 431 3872 ut
449 3810 587 3872 Nebriffo
602 3814 686 3894 epod
702 3811 857 3882 Plinium,
883 3813 967 3873 inter
984 3812 1095 3874 aestua·

65 3914 104 3971 ria
125 3913 169 3975 eli
193 3912 315 3980 Baetie.
348 3911 407 3973 ubi
437 3911 539 3974 Aliam
566 3915 662 3976 etiarn
693 3913 853 3982 conlocat.
886 3933 965 3993 quae
991 3911 1096 3974 nostro

66 4015 168 4093 procul
193 4013 239 4076 est
261 4014 400 4076 alitore.
453 4013 579 4097 Nempe
601 4013 731 4077 Clrollor
748 4016 781 4074 in
804 4013 924 4076 Codice
946 4011 1096 4097 [criptum

66 4133 118 4193 pro
138 4117 249 4180 Chora
269 4117 494 4202 progrediente
510 4117 721 4204 corruptionis
742 4115 839 4179 malo.
