2810 4944
308 404 369 472 420
607 393 855 452 rompono
896 393 1061 452 mutan

311 572 499 634 minatione.
539 565 653 636 Strabo
680 581 713 646 5.
735 589 767 650 p.
791 587 836 631 m.
860 582 919 648 97.
945 566 966 632 s.
987 577 1069 649 ¹4¹·
1085 559 1253 639 ‘'lotraltr⁸
1288 569 1363 654 1³11..

310 675 383 736 nius
402 685 433 752 5.
457 687 489 752 5.
507 669 528 734 s.
550 691 580 736 t.
611 671 726 754 Geogr.
742 672 888 732 llavenn.
907 677 943 752 4,
959 681 1018 750 45.
1040 672 1086 732 in.
1108 663 1266 761 Hispalis,
1292 690 1354 752 pru

310 795 375 856 quo
396 775 543 836 Emerita
569 773 686 852 recepit
712 771 850 855 Scaliger
878 772 912 832 in
942 765 1082 832 Ausonio
1111 771 1150 854 de
1180 773 1254 833 clar.
1280 772 1355 835 urb.

314 889 347 956 8,
375 893 407 938 a.
430 877 540 935 invitis
565 873 655 936 MSS.
678 886 711 934 et
731 873 903 960 reluctante
919 870 1122 956 Welselingio
1138 873 1176 932 ad
1193 873 1355 934 Antonin.

313 997 345 1059 p.
363 987 447 1058 410.
482 976 691 1056 Frequentius
709 975 741 1034 in
758 974 874 1036 casibus
896 973 1034 1055 obliquis
1055 973 1170 1060 legitur
1183 965 1358 1064 Hispalim

313 1091 347 1141 et
368 1069 514 1169 Hispali,
551 1077 652 1138 veluti
674 1075 756 1157 apud
786 1075 845 1136 lul.
869 1073 957 1138 Caes.
983 1073 1081 1136 dell.
1103 1075 1141 1138 C.
1167 1091 1199 1145 a,
1227 1089 1285 1161 ης.
1310 1079 1358 1139 in.
1395 1115 1396 1118 =

315 1191 346 1242 et
371 1195 431 1241 ao:
456 1193 577 1240 auctor.
601 1179 641 1240 de
663 1177 701 1240 B.
726 1175 854 1260 Hispan.
873 1196 900 1239 c.
927 1189 984 1255 55.
1012 1178 1069 1254 56.
1107 1177 1263 1239 Antonin.
1280 1197 1313 1240 c.
1336 1179 1358 1240 l.

315 1281 420 1343 Altera
451 1281 632 1340 terminatio
659 1269 779 1370 Hispal
807 1279 924 1362 legitur
950 1281 983 1338 in
1007 1278 1086 1338 Silio
1114 1279 1183 1340 Ital.
1209 1291 1241 1356 5,
1268 1293 1357 1358 592.

313 1362 420 1444 Potest
440 1383 538 1465 igitur
558 1395 590 1440 et
611 1381 662 1440 hic
677 1379 816 1448 retineri,
843 1399 916 1440 cunt
931 1379 974 1440 ita
991 1379 1094 1439 velirtt
1113 1380 1254 1461 plerique
1271 1381 1359 1451 libri,
1395 1441 1396 1446 .

316 1485 370 1546 etsi
386 1485 459 1544 alias
476 1483 616 1562 priorem
635 1483 752 1550 malim,
779 1483 908 1561 quaein
926 1479 1094 1560 Hispaniae
1111 1483 1238 1563 oppidis
1254 1485 1360 1543 etiam

316 1583 509 1646 observatur.
562 1579 614 1646 Cs.
638 1582 781 1644 Gronov.
805 1583 844 1641 ad
867 1583 939 1644 Liv.
966 1599 1022 1649 at.
1045 1583 1103 1651 bo,
1130 1597 1165 1656 7.
1208 1573 1358 1647 ”lonella

316 1684 495 1750 Philostrati
518 1684 551 1744 in
576 1685 642 1744 vita
667 1683 813 1766 Apollou.
832 1695 864 1758 5,
887 1701 922 1760 9.
946 1683 1143 1763 aliquantum
1166 1681 1259 1754 hinc,
1291 1683 1359 1746 sor·

315 1807 366 1848 ma
384 1787 524 1867 quidem,
549 1787 677 1846 recedit.
730 1783 825 1866 Quod
842 1785 875 1844 in
892 1783 1078 1846 Ptolemaeo
1097 1801 1128 1854 a,
1151 1793 1186 1862 4.
1214 1785 1278 1846 stne
1304 1786 1361 1846 ad·

316 1885 484 1969 spiratione
497 1878 648 1958 Ἴσπαλις
671 1886 793 1956 editur,
827 1905 902 1945 cum
922 1881 1017 1966 polstt
1032 1885 1233 1946 librariorum
1252 1889 1361 1971 negli-

314 1991 439 2070 gentiae
465 1989 548 2055 dari,
583 2001 654 2046 tum
679 1987 713 2046 in
743 1985 852 2048 multis
877 1984 997 2047 diversa
1024 1988 1104 2048 ratio
1127 1986 1208 2068 apud
1234 1987 1362 2050 Rorna-

314 2108 374 2150 nos
391 2088 482 2148 ulum
506 2087 641 2148 obtinet.
685 2089 724 2148 ln
745 2083 897 2150 Corduba
915 2086 990 2148 libri
1008 2089 1199 2162 concinunt;
1225 2101 1361 2152 tantum

228 2245 231 2250 ,
315 2189 454 2252 Vindob.
480 2185 629 2251 cordoba.

480 2395 510 2471 §.
546 2399 579 2468 5.
632 2392 684 2454 Ac
708 2380 780 2481 si)
835 2391 922 2453 Hine
947 2406 1042 2476 caput
1067 2401 1129 2477 45.
1165 2413 1205 2456 ex
1240 2393 1361 2458 Vineti

188 2519 193 2528 ·
313 2489 446 2556 ratione.

389 2716 411 2756 a
441 2692 669 2775 Cervario)
720 2695 927 2759 Coniunctim
948 2695 1087 2759 scribunt
1108 2697 1199 2784 Prag.
1222 2699 1298 2762 edd.
1325 2721 1358 2764 t.

317 2809 350 2877 5.
366 2807 401 2875 4.
425 2811 457 2858 et
475 2797 593 2878 aliquae
610 2797 686 2856 aliae
703 2798 859 2872 vetustae;
885 2801 1055 2884 lieltdiger.
1076 2801 1248 2862 arctantia.
1289 2803 1357 2864 Pro

314 2897 455 2960 extrudit
475 2898 611 2959 Vinrlob.
639 2897 731 2982 Prag.
751 2914 783 2962 et
803 2901 854 2962 ed.
875 2912 933 2978 53.
959 2900 1138 2984 (Grallerus
1149 2912 1161 2979 l
1184 2903 1357 2976 extantia

314 3019 354 3062 ex
373 2998 477 3082 glossa.
531 2999 615 3059 Nam
632 3015 665 3060 et
684 3001 726 3060 ita
750 3017 781 3070 2,
805 3017 837 3075 7,
859 3013 893 3078 8.
921 3015 954 3062 et
968 3004 1067 3085 magis
1087 3017 1168 3084 apte,
1193 3017 1226 3062 et
1246 3003 1357 3067 Melae

314 3119 404 3160 more
425 3091 573 3182 graviter.
598 3119 803 3164 Tzscttvcrrs.
857 3101 1123 3185 Distinguendum
1140 3126 1160 3162 a
1181 3103 1354 3186 Ceruaria,

314 3200 377 3259 hoc
391 3199 443 3268 est,
464 3201 532 3280 poll
550 3200 741 3272 Cervarium,
767 3205 807 3264 tle
825 3221 885 3282 qua
906 3204 1001 3284 paulo
1019 3217 1092 3264 ante
1108 3205 1230 3265 dictum
1247 3201 1357 3268 suerat

314 3301 349 3360 in
375 3299 589 3362 Narbonensi:
631 3301 796 3374 Cervaria,
828 3305 942 3384 inquit,
976 3303 1077 3375 locas,
1104 3303 1185 3396 finis
1214 3305 1354 3372 Galliae.

315 3419 500 3462 senatuis.
563 3405 772 3466 limentlatior
800 3405 911 3474 lectio,
946 3425 1041 3488 quant
1070 3409 1102 3466 in
1129 3407 1228 3466 altum
1253 3407 1353 3489 Pyre·

313 3522 410 3562 narzts
440 3502 600 3575 extrudit,
642 3523 715 3564 nam
745 3505 846 3588 magis
879 3505 922 3590 ull¹
951 3508 1066 3566 rationi
1100 3505 1356 3578 consentaneum

313 3605 475 3686 magisque
497 3625 515 3664 e
538 3602 626 3665 sensu
654 3607 836 3676 communi,
869 3608 956 3686 qnod
980 3609 1086 3670 nrlnua
1110 3608 1152 3669 ell
1181 3612 1308 3670 extrudi
1334 3632 1353 3672 a

313 3706 450 3775 maiore,
481 3725 576 3786 quarn
597 3718 692 3766 retr0.
730 3725 928 3768 atttrtattve.
981 3709 1049 3791 Qui
1071 3729 1125 3770 me
1147 3711 1263 3779 audiet,
1295 3721 1353 3772 au·

313 3805 380 3865 diet
399 3819 515 3874 autem,
539 3807 595 3888 qui
610 3808 724 3868 rationi
739 3806 934 3878 auscultabit,
957 3810 1037 3869 nibil
1055 3811 1199 3872 mutabit.
1235 3813 1354 3874 Latina

313 3907 399 3966 enirn
421 3921 453 3968 et
474 3908 598 3991 elegans
616 3905 762 3980 formula,
787 3923 833 3978 ut,
859 3910 944 3991 quod
965 3909 1038 3970 berre
1056 3923 1172 3981 vertat,
1199 3933 1256 3993 pro
1276 3933 1352 3974 ver·

311 4019 410 4079 tatur;
445 4009 566 4089 aliaque
588 4008 729 4071 sexcenta
752 4012 892 4074 melioris
914 4025 1009 4074 notae
1039 4009 1238 4093 scriptoribus
1259 4013 1354 4076 usur·

311 4126 398 4190 pata,
435 4107 523 4195 saepe
549 4111 645 4174 etiam
676 4112 827 4174 affectata.
879 4114 932 4176 Sic
957 4115 1127 4177 luvenalis.
1167 4133 1353 4180 ectrorrvs.
