<?xml version="1.0" encoding="UTF-8"?>
<!DOCTYPE html PUBLIC "-//W3C//DTD XHTML 1.0 Transitional//EN"
    "http://www.w3.org/TR/xhtml1/DTD/xhtml1-transitional.dtd">
<html xmlns="http://www.w3.org/1999/xhtml" xml:lang="en" lang="en">
 <head>
  <title>
</title>
<meta http-equiv="Content-Type" content="text/html;charset=utf-8" />
  <meta name='ocr-system' content='tesseract 3.04.00' />
  <meta name='ocr-capabilities' content='ocr_page ocr_carea ocr_par ocr_line ocrx_word'/>
</head>
<body>
  <div class='ocr_page' id='page_1' title='image "./pomponiimelaede05melagoog_0395.png"; bbox 0 0 2784 4944; ppageno 0'>
   <div class='ocr_carea' id='block_1_1' title="bbox 355 435 1084 512">
    <p class='ocr_par' dir='ltr' id='par_1_1' title="bbox 355 435 1084 512">
     <span class='ocr_line' id='line_1_1' title="bbox 355 435 1084 512; baseline 0.025 -19"><span class='ocrx_word' id='word_1_1' title='bbox 355 437 440 493; x_wconf 72' lang='lat' dir='ltr'><strong>rut.</strong></span> <span class='ocrx_word' id='word_1_2' title='bbox 471 437 509 492; x_wconf 89' lang='lat' dir='ltr'><strong>u.</strong></span> <span class='ocrx_word' id='word_1_3' title='bbox 553 435 587 494; x_wconf 85' lang='lat' dir='ltr'><strong>c.</strong></span> <span class='ocrx_word' id='word_1_4' title='bbox 616 435 652 498; x_wconf 82' lang='lat' dir='ltr'><strong>v.</strong></span> <span class='ocrx_word' id='word_1_5' title='bbox 695 435 774 512; x_wconf 74' lang='lat' dir='ltr'><strong>te</strong></span> <span class='ocrx_word' id='word_1_6' title='bbox 1023 447 1084 512; x_wconf 79' lang='lat' dir='ltr'><strong>tto</strong></span> 
     </span>
    </p>
   </div>
   <div class='ocr_carea' id='block_1_2' title="bbox 24 608 1081 4250">
    <p class='ocr_par' dir='ltr' id='par_1_2' title="bbox 24 608 1081 4250">
     <span class='ocr_line' id='line_1_2' title="bbox 43 608 1081 694; baseline 0.006 -24"><span class='ocrx_word' id='word_1_7' title='bbox 43 608 184 672; x_wconf 77' lang='lat' dir='ltr'>cedentia</span> <span class='ocrx_word' id='word_1_8' title='bbox 208 609 337 672; x_wconf 85' lang='lat' dir='ltr'><strong>nollunt</strong></span> <span class='ocrx_word' id='word_1_9' title='bbox 361 609 480 674; x_wconf 83' lang='lat' dir='ltr'><strong>hebent</strong></span> <span class='ocrx_word' id='word_1_10' title='bbox 501 631 637 684; x_wconf 81' lang='lat' dir='ltr'><strong>nexum,</strong></span> <span class='ocrx_word' id='word_1_11' title='bbox 661 625 694 674; x_wconf 86' lang='lat' dir='ltr'><strong>et</strong></span> <span class='ocrx_word' id='word_1_12' title='bbox 713 611 881 682; x_wconf 71' lang='lat' dir='ltr'><strong>duntaxat.</strong></span> <span class='ocrx_word' id='word_1_13' title='bbox 904 611 926 674; x_wconf 83' lang='lat' dir='ltr'><strong>ll</strong></span> <span class='ocrx_word' id='word_1_14' title='bbox 948 609 1081 694; x_wconf 80' lang='lat' dir='ltr'><strong>probare</strong></span> 
     </span>
     <span class='ocr_line' id='line_1_3' title="bbox 41 709 1081 794; baseline 0.005 -24"><span class='ocrx_word' id='word_1_15' title='bbox 41 713 193 774; x_wconf 77' lang='lat' dir='ltr'><strong>volumus</strong></span> <span class='ocrx_word' id='word_1_16' title='bbox 220 714 449 776; x_wconf 75' lang='lat' dir='ltr'>correctionem</span> <span class='ocrx_word' id='word_1_17' title='bbox 472 709 594 784; x_wconf 74' lang='lat' dir='ltr'><strong>vossii,</strong></span> <span class='ocrx_word' id='word_1_18' title='bbox 626 713 889 794; x_wconf 84' lang='lat' dir='ltr'><strong>scribendumque</strong></span> <span class='ocrx_word' id='word_1_19' title='bbox 911 713 953 776; x_wconf 86' lang='lat' dir='ltr'><strong>ell</strong></span> <span class='ocrx_word' id='word_1_20' title='bbox 975 713 1081 776; x_wconf 85' lang='lat' dir='ltr'><strong>distin·</strong></span> 
     </span>
     <span class='ocr_line' id='line_1_4' title="bbox 42 813 1080 906; baseline 0.005 -35"><span class='ocrx_word' id='word_1_21' title='bbox 42 815 290 896; x_wconf 84' lang='lat' dir='ltr'><strong>guendumque:</strong></span> <span class='ocrx_word' id='word_1_22' title='bbox 322 815 468 900; x_wconf 81' lang='lat' dir='ltr'><em>Alioquin</em></span> <span class='ocrx_word' id='word_1_23' title='bbox 488 817 566 876; x_wconf 84' lang='lat' dir='ltr'><strong>litus</strong></span> <span class='ocrx_word' id='word_1_24' title='bbox 585 813 730 897; x_wconf 75' lang='lat' dir='ltr'><strong>ignobile.</strong></span> <span class='ocrx_word' id='word_1_25' title='bbox 780 813 839 906; x_wconf 77' lang='lat' dir='ltr'><strong>Est</strong></span> <span class='ocrx_word' id='word_1_26' title='bbox 862 815 1015 894; x_wconf 79' lang='lat' dir='ltr'><strong>lapideus.</strong></span> <span class='ocrx_word' id='word_1_27' title='bbox 1043 825 1080 876; x_wconf 79' lang='lat' dir='ltr'><strong>ul</strong></span> 
     </span>
     <span class='ocr_line' id='line_1_5' title="bbox 41 915 1077 1000; baseline 0.003 -27"><span class='ocrx_word' id='word_1_28' title='bbox 41 929 175 986; x_wconf 80' lang='lat' dir='ltr'><strong>vocant,</strong></span> <span class='ocrx_word' id='word_1_29' title='bbox 210 939 355 998; x_wconf 79' lang='lat' dir='ltr'><strong>campus.</strong></span> <span class='ocrx_word' id='word_1_30' title='bbox 419 917 559 1000; x_wconf 78' lang='lat' dir='ltr'>Campus</span> <span class='ocrx_word' id='word_1_31' title='bbox 583 919 671 978; x_wconf 86' lang='lat' dir='ltr'><strong>enim</strong></span> <span class='ocrx_word' id='word_1_32' title='bbox 693 936 753 978; x_wconf 82' lang='lat' dir='ltr'><strong>nec</strong></span> <span class='ocrx_word' id='word_1_33' title='bbox 775 917 827 978; x_wconf 87' lang='lat' dir='ltr'><strong>ille</strong></span> <span class='ocrx_word' id='word_1_34' title='bbox 850 917 893 978; x_wconf 78' lang='lat' dir='ltr'><strong>eil</strong></span> <span class='ocrx_word' id='word_1_35' title='bbox 917 915 1077 1000; x_wconf 69' lang='lat' dir='ltr'><strong>ignobilia.</strong></span> 
     </span>
     <span class='ocr_line' id='line_1_6' title="bbox 39 1015 1079 1088; baseline 0.004 -12"><span class='ocrx_word' id='word_1_36' title='bbox 39 1015 189 1088; x_wconf 79' lang='lat' dir='ltr'><strong>etfacit,</strong></span> <span class='ocrx_word' id='word_1_37' title='bbox 223 1033 260 1078; x_wconf 92' lang='lat' dir='ltr'><strong>ut</strong></span> <span class='ocrx_word' id='word_1_38' title='bbox 279 1019 354 1080; x_wconf 78' lang='lat' dir='ltr'><strong>lituo</strong></span> <span class='ocrx_word' id='word_1_39' title='bbox 378 1018 445 1080; x_wconf 80' lang='lat' dir='ltr'><strong>latis</strong></span> <span class='ocrx_word' id='word_1_40' title='bbox 468 1019 504 1079; x_wconf 80' lang='lat' dir='ltr'><strong>stt</strong></span> <span class='ocrx_word' id='word_1_41' title='bbox 526 1019 646 1082; x_wconf 81' lang='lat' dir='ltr'><strong>nobile.</strong></span> <span class='ocrx_word' id='word_1_42' title='bbox 681 1037 703 1080; x_wconf 86' lang='lat' dir='ltr'><strong>t.</strong></span> <span class='ocrx_word' id='word_1_43' title='bbox 730 1037 937 1082; x_wconf 81' lang='lat' dir='ltr'><strong>ououovtue.</strong></span> <span class='ocrx_word' id='word_1_44' title='bbox 988 1019 1079 1080; x_wconf 78' lang='lat' dir='ltr'><strong>Hono</strong></span> 
     </span>
     <span class='ocr_line' id='line_1_7' title="bbox 38 1113 1079 1208; baseline 0.003 -31"><span class='ocrx_word' id='word_1_45' title='bbox 38 1119 212 1182; x_wconf 86' lang='lat' dir='ltr'><strong>lectionem</strong></span> <span class='ocrx_word' id='word_1_46' title='bbox 238 1117 417 1208; x_wconf 76' lang='lat' dir='ltr'><strong>[Albiouem</strong></span> <span class='ocrx_word' id='word_1_47' title='bbox 438 1133 468 1181; x_wconf 83' lang='lat' dir='ltr'><strong>et</strong></span> <span class='ocrx_word' id='word_1_48' title='bbox 488 1113 667 1206; x_wconf 68' lang='lat' dir='ltr'><strong>Berglouo]</strong></span> <span class='ocrx_word' id='word_1_49' title='bbox 691 1139 709 1180; x_wconf 89' lang='lat' dir='ltr'><strong>e</strong></span> <span class='ocrx_word' id='word_1_50' title='bbox 732 1119 793 1181; x_wconf 79' lang='lat' dir='ltr'><strong>sule</strong></span> <span class='ocrx_word' id='word_1_51' title='bbox 816 1121 903 1182; x_wconf 85' lang='lat' dir='ltr'><strong>librie</strong></span> <span class='ocrx_word' id='word_1_52' title='bbox 919 1121 1079 1182; x_wconf 86' lang='lat' dir='ltr'><strong>dederunt</strong></span> 
     </span>
     <span class='ocr_line' id='line_1_8' title="bbox 39 1222 1077 1306; baseline 0.002 -26"><span class='ocrx_word' id='word_1_53' title='bbox 39 1235 69 1280; x_wconf 89' lang='lat' dir='ltr'><strong>et</strong></span> <span class='ocrx_word' id='word_1_54' title='bbox 93 1223 230 1282; x_wconf 73' lang='lat' dir='ltr'><strong>Vinctus</strong></span> <span class='ocrx_word' id='word_1_55' title='bbox 257 1235 290 1282; x_wconf 91' lang='lat' dir='ltr'><strong>et</strong></span> <span class='ocrx_word' id='word_1_56' title='bbox 316 1223 378 1284; x_wconf 85' lang='lat' dir='ltr'><strong>alii.</strong></span> <span class='ocrx_word' id='word_1_57' title='bbox 432 1222 564 1284; x_wconf 81' lang='lat' dir='ltr'><strong>lllbioue</strong></span> <span class='ocrx_word' id='word_1_58' title='bbox 589 1243 629 1282; x_wconf 79' lang='lat' dir='ltr'><strong>au</strong></span> <span class='ocrx_word' id='word_1_59' title='bbox 654 1223 823 1284; x_wconf 72' lang='lat' dir='ltr'><strong>libionem</strong></span> <span class='ocrx_word' id='word_1_60' title='bbox 849 1237 956 1282; x_wconf 87' lang='lat' dir='ltr'><strong>utrum</strong></span> <span class='ocrx_word' id='word_1_61' title='bbox 983 1224 1077 1306; x_wconf 71' lang='lat' dir='ltr'><strong>legite,</strong></span> 
     </span>
     <span class='ocr_line' id='line_1_9' title="bbox 38 1323 1077 1404; baseline 0 -22"><span class='ocrx_word' id='word_1_62' title='bbox 38 1323 169 1402; x_wconf 79' lang='lat' dir='ltr'>perinde</span> <span class='ocrx_word' id='word_1_63' title='bbox 194 1323 250 1386; x_wconf 86' lang='lat' dir='ltr'><strong>est.</strong></span> <span class='ocrx_word' id='word_1_64' title='bbox 302 1323 365 1385; x_wconf 82' lang='lat' dir='ltr'><strong>Pro</strong></span> <span class='ocrx_word' id='word_1_65' title='bbox 389 1325 550 1404; x_wconf 68' lang='lat' dir='ltr'><strong>Bergioua</strong></span> <span class='ocrx_word' id='word_1_66' title='bbox 575 1325 722 1386; x_wconf 73' lang='lat' dir='ltr'><strong>audacter</strong></span> <span class='ocrx_word' id='word_1_67' title='bbox 744 1325 929 1386; x_wconf 77' lang='lat' dir='ltr'><strong>(ironoviue</strong></span> <span class='ocrx_word' id='word_1_68' title='bbox 949 1325 1077 1404; x_wconf 82' lang='lat' dir='ltr'>reponit</span> 
     </span>
     <span class='ocr_line' id='line_1_10' title="bbox 38 1424 1077 1506; baseline 0.006 -24"><span class='ocrx_word' id='word_1_69' title='bbox 38 1424 187 1504; x_wconf 72' lang='lat' dir='ltr'><strong>Bergion.</strong></span> <span class='ocrx_word' id='word_1_70' title='bbox 241 1425 303 1487; x_wconf 83' lang='lat' dir='ltr'><strong>Sed</strong></span> <span class='ocrx_word' id='word_1_71' title='bbox 330 1425 521 1488; x_wconf 69' lang='lat' dir='ltr'><strong>variantibus</strong></span> <span class='ocrx_word' id='word_1_72' title='bbox 547 1425 634 1488; x_wconf 86' lang='lat' dir='ltr'><strong>liltrie</strong></span> <span class='ocrx_word' id='word_1_73' title='bbox 659 1425 678 1482; x_wconf 91' lang='lat' dir='ltr'><strong>li</strong></span> <span class='ocrx_word' id='word_1_74' title='bbox 702 1425 753 1486; x_wconf 78' lang='lat' dir='ltr'><strong>vel</strong></span> <span class='ocrx_word' id='word_1_75' title='bbox 777 1445 878 1484; x_wconf 87' lang='lat' dir='ltr'><strong>unum</strong></span> <span class='ocrx_word' id='word_1_76' title='bbox 902 1425 1077 1506; x_wconf 81' lang='lat' dir='ltr'><strong>prmluoere</strong></span> 
     </span>
     <span class='ocr_line' id='line_1_11' title="bbox 37 1523 1076 1609; baseline 0.002 -23"><span class='ocrx_word' id='word_1_77' title='bbox 37 1523 126 1605; x_wconf 85' lang='lat' dir='ltr'><strong>poffit</strong></span> <span class='ocrx_word' id='word_1_78' title='bbox 144 1525 271 1595; x_wconf 75' lang='lat' dir='ltr'><strong>testem,</strong></span> <span class='ocrx_word' id='word_1_79' title='bbox 296 1547 392 1607; x_wconf 81' lang='lat' dir='ltr'><strong>aquo</strong></span> <span class='ocrx_word' id='word_1_80' title='bbox 409 1527 461 1588; x_wconf 88' lang='lat' dir='ltr'><strong>iste</strong></span> <span class='ocrx_word' id='word_1_81' title='bbox 479 1527 622 1609; x_wconf 89' lang='lat' dir='ltr'><strong>Neptuni</strong></span> <span class='ocrx_word' id='word_1_82' title='bbox 640 1528 721 1590; x_wconf 83' lang='lat' dir='ltr'><strong>stiiue</strong></span> <span class='ocrx_word' id='word_1_83' title='bbox 739 1525 777 1588; x_wconf 84' lang='lat' dir='ltr'><strong>stc</strong></span> <span class='ocrx_word' id='word_1_84' title='bbox 793 1527 988 1594; x_wconf 86' lang='lat' dir='ltr'><strong>nominetur,</strong></span> <span class='ocrx_word' id='word_1_85' title='bbox 1013 1547 1076 1588; x_wconf 84' lang='lat' dir='ltr'><strong>cre·</strong></span> 
     </span>
     <span class='ocr_line' id='line_1_12' title="bbox 39 1627 1076 1710; baseline 0.004 -26"><span class='ocrx_word' id='word_1_86' title='bbox 39 1627 103 1687; x_wconf 76' lang='lat' dir='ltr'><strong>doru</strong></span> <span class='ocrx_word' id='word_1_87' title='bbox 123 1629 277 1688; x_wconf 78' lang='lat' dir='ltr'>libenter.</span> <span class='ocrx_word' id='word_1_88' title='bbox 330 1629 456 1710; x_wconf 78' lang='lat' dir='ltr'><strong>Aliquid</strong></span> <span class='ocrx_word' id='word_1_89' title='bbox 477 1628 616 1696; x_wconf 83' lang='lat' dir='ltr'><strong>dixisset,</strong></span> <span class='ocrx_word' id='word_1_90' title='bbox 643 1629 882 1706; x_wconf 80' lang='lat' dir='ltr'><strong>liDercynum.</strong></span> <span class='ocrx_word' id='word_1_91' title='bbox 908 1629 1076 1690; x_wconf 80' lang='lat' dir='ltr'><strong>autetiam</strong></span> 
     </span>
     <span class='ocr_line' id='line_1_13' title="bbox 39 1727 1075 1812; baseline 0.001 -25"><span class='ocrx_word' id='word_1_92' title='bbox 39 1727 212 1812; x_wconf 78' lang='lat' dir='ltr'><strong>Bergiuum</strong></span> <span class='ocrx_word' id='word_1_93' title='bbox 237 1727 435 1790; x_wconf 81' lang='lat' dir='ltr'><strong>scribendum</strong></span> <span class='ocrx_word' id='word_1_94' title='bbox 456 1729 636 1803; x_wconf 58' lang='lat' dir='ltr'><strong>censuissem</strong></span> <span class='ocrx_word' id='word_1_95' title='bbox 662 1729 815 1790; x_wconf 81' lang='lat' dir='ltr'><strong>bebuiffet</strong></span> <span class='ocrx_word' id='word_1_96' title='bbox 835 1731 940 1798; x_wconf 78' lang='lat' dir='ltr'><strong>euim.</strong></span> <span class='ocrx_word' id='word_1_97' title='bbox 967 1731 1075 1790; x_wconf 87' lang='lat' dir='ltr'><strong>stnon</strong></span> 
     </span>
     <span class='ocr_line' id='line_1_14' title="bbox 39 1829 1075 1912; baseline 0.004 -26"><span class='ocrx_word' id='word_1_98' title='bbox 39 1831 153 1898; x_wconf 79' lang='lat' dir='ltr'><strong>iustam,</strong></span> <span class='ocrx_word' id='word_1_99' title='bbox 180 1831 321 1912; x_wconf 82' lang='lat' dir='ltr'><strong>aliquam</strong></span> <span class='ocrx_word' id='word_1_100' title='bbox 339 1845 454 1902; x_wconf 82' lang='lat' dir='ltr'><strong>tumen,</strong></span> <span class='ocrx_word' id='word_1_101' title='bbox 478 1833 518 1892; x_wconf 86' lang='lat' dir='ltr'><strong>stc</strong></span> <span class='ocrx_word' id='word_1_102' title='bbox 532 1829 687 1894; x_wconf 88' lang='lat' dir='ltr'><strong>sentiendi</strong></span> <span class='ocrx_word' id='word_1_103' title='bbox 703 1829 836 1892; x_wconf 76' lang='lat' dir='ltr'><strong>caulem.</strong></span> <span class='ocrx_word' id='word_1_104' title='bbox 878 1833 914 1892; x_wconf 89' lang='lat' dir='ltr'><strong>ln</strong></span> <span class='ocrx_word' id='word_1_105' title='bbox 932 1831 970 1892; x_wconf 86' lang='lat' dir='ltr'><strong>iie</strong></span> <span class='ocrx_word' id='word_1_106' title='bbox 986 1849 1075 1900; x_wconf 81' lang='lat' dir='ltr'><strong>vero,</strong></span> 
     </span>
     <span class='ocr_line' id='line_1_15' title="bbox 38 1931 1077 2016; baseline 0.004 -28"><span class='ocrx_word' id='word_1_107' title='bbox 38 1951 107 2010; x_wconf 79' lang='lat' dir='ltr'><strong>quae</strong></span> <span class='ocrx_word' id='word_1_108' title='bbox 132 1933 321 2016; x_wconf 84' lang='lat' dir='ltr'><strong>subiungit,</strong></span> <span class='ocrx_word' id='word_1_109' title='bbox 355 1953 428 1994; x_wconf 85' lang='lat' dir='ltr'><strong>enm</strong></span> <span class='ocrx_word' id='word_1_110' title='bbox 453 1934 545 1994; x_wconf 81' lang='lat' dir='ltr'><strong>aliem</strong></span> <span class='ocrx_word' id='word_1_111' title='bbox 569 1933 607 1994; x_wconf 83' lang='lat' dir='ltr'><strong>ab</strong></span> <span class='ocrx_word' id='word_1_112' title='bbox 634 1952 684 2002; x_wconf 82' lang='lat' dir='ltr'><strong>ea.</strong></span> <span class='ocrx_word' id='word_1_113' title='bbox 718 1953 812 2014; x_wconf 79' lang='lat' dir='ltr'><strong>quem</strong></span> <span class='ocrx_word' id='word_1_114' title='bbox 834 1933 982 1994; x_wconf 79' lang='lat' dir='ltr'><strong>dedimus</strong></span> <span class='ocrx_word' id='word_1_115' title='bbox 1003 1931 1077 1992; x_wconf 81' lang='lat' dir='ltr'><strong>lecit</strong></span> 
     </span>
     <span class='ocr_line' id='line_1_16' title="bbox 38 2033 1075 2106; baseline 0.003 -16"><span class='ocrx_word' id='word_1_116' title='bbox 38 2033 284 2104; x_wconf 71' lang='lat' dir='ltr'><strong>distinctionem,</strong></span> <span class='ocrx_word' id='word_1_117' title='bbox 322 2034 431 2098; x_wconf 82' lang='lat' dir='ltr'><strong>misere</strong></span> <span class='ocrx_word' id='word_1_118' title='bbox 455 2033 583 2106; x_wconf 84' lang='lat' dir='ltr'><strong>fallitur,</strong></span> <span class='ocrx_word' id='word_1_119' title='bbox 614 2049 645 2096; x_wconf 92' lang='lat' dir='ltr'><strong>et</strong></span> <span class='ocrx_word' id='word_1_120' title='bbox 667 2035 802 2096; x_wconf 89' lang='lat' dir='ltr'><strong>omnino</strong></span> <span class='ocrx_word' id='word_1_121' title='bbox 825 2053 891 2094; x_wconf 89' lang='lat' dir='ltr'><strong>non</strong></span> <span class='ocrx_word' id='word_1_122' title='bbox 915 2035 1075 2094; x_wconf 71' lang='lat' dir='ltr'><strong>intellexit</strong></span> 
     </span>
     <span class='ocr_line' id='line_1_17' title="bbox 41 2133 1075 2218; baseline 0.002 -26"><span class='ocrx_word' id='word_1_123' title='bbox 41 2133 171 2207; x_wconf 77' lang='lat' dir='ltr'><strong>Melam,</strong></span> <span class='ocrx_word' id='word_1_124' title='bbox 210 2155 287 2196; x_wconf 88' lang='lat' dir='ltr'><strong>cnm</strong></span> <span class='ocrx_word' id='word_1_125' title='bbox 309 2133 412 2197; x_wconf 79' lang='lat' dir='ltr'><strong>scribit</strong></span> <span class='ocrx_word' id='word_1_126' title='bbox 433 2155 579 2218; x_wconf 81' lang='lat' dir='ltr'><strong>eunpum</strong></span> <span class='ocrx_word' id='word_1_127' title='bbox 602 2137 764 2218; x_wconf 83' lang='lat' dir='ltr'><strong>lapideum</strong></span> <span class='ocrx_word' id='word_1_128' title='bbox 781 2155 847 2196; x_wconf 90' lang='lat' dir='ltr'><strong>non</strong></span> <span class='ocrx_word' id='word_1_129' title='bbox 870 2135 930 2197; x_wconf 83' lang='lat' dir='ltr'><strong>elle</strong></span> <span class='ocrx_word' id='word_1_130' title='bbox 950 2135 1075 2218; x_wconf 80' lang='lat' dir='ltr'><strong>ignobi·</strong></span> 
     </span>
     <span class='ocr_line' id='line_1_18' title="bbox 41 2235 1073 2308; baseline 0.006 -16"><span class='ocrx_word' id='word_1_131' title='bbox 41 2235 110 2308; x_wconf 85' lang='lat' dir='ltr'><strong>lem,</strong></span> <span class='ocrx_word' id='word_1_132' title='bbox 145 2252 179 2299; x_wconf 91' lang='lat' dir='ltr'><strong>et</strong></span> <span class='ocrx_word' id='word_1_133' title='bbox 206 2235 350 2308; x_wconf 83' lang='lat' dir='ltr'><strong>efficere,</strong></span> <span class='ocrx_word' id='word_1_134' title='bbox 385 2251 421 2298; x_wconf 89' lang='lat' dir='ltr'><strong>ut</strong></span> <span class='ocrx_word' id='word_1_135' title='bbox 443 2238 517 2300; x_wconf 80' lang='lat' dir='ltr'><strong>lituo</strong></span> <span class='ocrx_word' id='word_1_136' title='bbox 543 2236 613 2298; x_wconf 84' lang='lat' dir='ltr'><strong>satie</strong></span> <span class='ocrx_word' id='word_1_137' title='bbox 636 2239 670 2298; x_wconf 90' lang='lat' dir='ltr'><strong>lit</strong></span> <span class='ocrx_word' id='word_1_138' title='bbox 693 2237 814 2300; x_wconf 85' lang='lat' dir='ltr'><strong>nobile.</strong></span> <span class='ocrx_word' id='word_1_139' title='bbox 880 2237 966 2297; x_wconf 86' lang='lat' dir='ltr'><strong>Dicit</strong></span> <span class='ocrx_word' id='word_1_140' title='bbox 990 2237 1073 2298; x_wconf 81' lang='lat' dir='ltr'><strong>Melo</strong></span> 
     </span>
     <span class='ocr_line' id='line_1_19' title="bbox 42 2335 1073 2422; baseline 0.007 -29"><span class='ocrx_word' id='word_1_141' title='bbox 42 2337 106 2400; x_wconf 79' lang='lat' dir='ltr'><strong>titur</strong></span> <span class='ocrx_word' id='word_1_142' title='bbox 124 2341 192 2400; x_wconf 86' lang='lat' dir='ltr'><strong>hoc</strong></span> <span class='ocrx_word' id='word_1_143' title='bbox 216 2339 379 2420; x_wconf 74' lang='lat' dir='ltr'><strong>lapideum</strong></span> <span class='ocrx_word' id='word_1_144' title='bbox 396 2353 428 2402; x_wconf 91' lang='lat' dir='ltr'><strong>et</strong></span> <span class='ocrx_word' id='word_1_145' title='bbox 448 2359 588 2402; x_wconf 81' lang='lat' dir='ltr'><strong>auttexoe</strong></span> <span class='ocrx_word' id='word_1_146' title='bbox 603 2339 679 2401; x_wconf 88' lang='lat' dir='ltr'><strong>huie</strong></span> <span class='ocrx_word' id='word_1_147' title='bbox 696 2357 824 2422; x_wconf 72' lang='lat' dir='ltr'><strong>tempor</strong></span> <span class='ocrx_word' id='word_1_148' title='bbox 843 2339 982 2420; x_wconf 78' lang='lat' dir='ltr'><strong>lapideos</strong></span> <span class='ocrx_word' id='word_1_149' title='bbox 1004 2335 1073 2400; x_wconf 84' lang='lat' dir='ltr'><strong>lore</strong></span> 
     </span>
     <span class='ocr_line' id='line_1_20' title="bbox 41 2439 1072 2523; baseline 0.002 -25"><span class='ocrx_word' id='word_1_150' title='bbox 41 2439 211 2520; x_wconf 74' lang='lat' dir='ltr'><strong>ignobiles,</strong></span> <span class='ocrx_word' id='word_1_151' title='bbox 245 2441 303 2500; x_wconf 84' lang='lat' dir='ltr'><strong>nist</strong></span> <span class='ocrx_word' id='word_1_152' title='bbox 333 2439 406 2502; x_wconf 88' lang='lat' dir='ltr'><strong>solsa</strong></span> <span class='ocrx_word' id='word_1_153' title='bbox 432 2441 506 2503; x_wconf 85' lang='lat' dir='ltr'><strong>esset</strong></span> <span class='ocrx_word' id='word_1_154' title='bbox 536 2441 693 2510; x_wconf 77' lang='lat' dir='ltr'><strong>Marione,</strong></span> <span class='ocrx_word' id='word_1_155' title='bbox 727 2459 786 2522; x_wconf 81' lang='lat' dir='ltr'><strong>que</strong></span> <span class='ocrx_word' id='word_1_156' title='bbox 813 2453 898 2523; x_wconf 85' lang='lat' dir='ltr'><strong>parte</strong></span> <span class='ocrx_word' id='word_1_157' title='bbox 923 2439 1072 2500; x_wconf 73' lang='lat' dir='ltr'><strong>Rhodani</strong></span> 
     </span>
     <span class='ocr_line' id='line_1_21' title="bbox 41 2539 1073 2628; baseline 0.006 -32"><span class='ocrx_word' id='word_1_158' title='bbox 41 2541 102 2602; x_wconf 80' lang='lat' dir='ltr'><strong>ilnc</strong></span> <span class='ocrx_word' id='word_1_159' title='bbox 127 2541 298 2612; x_wconf 75' lang='lat' dir='ltr'><strong>translata,</strong></span> <span class='ocrx_word' id='word_1_160' title='bbox 326 2545 428 2626; x_wconf 82' lang='lat' dir='ltr'><strong>campi</strong></span> <span class='ocrx_word' id='word_1_161' title='bbox 451 2543 498 2604; x_wconf 85' lang='lat' dir='ltr'><strong>illi</strong></span> <span class='ocrx_word' id='word_1_162' title='bbox 518 2543 698 2628; x_wconf 79' lang='lat' dir='ltr'><strong>irrigantur.</strong></span> <span class='ocrx_word' id='word_1_163' title='bbox 751 2543 855 2603; x_wconf 84' lang='lat' dir='ltr'><strong>Huius</strong></span> <span class='ocrx_word' id='word_1_164' title='bbox 874 2543 961 2602; x_wconf 83' lang='lat' dir='ltr'><strong>euim</strong></span> <span class='ocrx_word' id='word_1_165' title='bbox 980 2539 1073 2602; x_wconf 80' lang='lat' dir='ltr'><strong>sollae</strong></span> 
     </span>
     <span class='ocr_line' id='line_1_22' title="bbox 41 2639 1073 2725; baseline -0.002 -23"><span class='ocrx_word' id='word_1_166' title='bbox 41 2639 188 2704; x_wconf 84' lang='lat' dir='ltr'><strong>beneficio</strong></span> <span class='ocrx_word' id='word_1_167' title='bbox 215 2645 318 2725; x_wconf 81' lang='lat' dir='ltr'><strong>compi</strong></span> <span class='ocrx_word' id='word_1_168' title='bbox 344 2645 416 2706; x_wconf 81' lang='lat' dir='ltr'><strong>aliae</strong></span> <span class='ocrx_word' id='word_1_169' title='bbox 439 2644 552 2706; x_wconf 82' lang='lat' dir='ltr'><strong>llerilee</strong></span> <span class='ocrx_word' id='word_1_170' title='bbox 574 2658 605 2706; x_wconf 89' lang='lat' dir='ltr'><strong>et</strong></span> <span class='ocrx_word' id='word_1_171' title='bbox 626 2643 774 2712; x_wconf 83' lang='lat' dir='ltr'><strong>inutilet.</strong></span> <span class='ocrx_word' id='word_1_172' title='bbox 808 2640 879 2704; x_wconf 81' lang='lat' dir='ltr'><strong>laeti</strong></span> <span class='ocrx_word' id='word_1_173' title='bbox 901 2641 967 2702; x_wconf 87' lang='lat' dir='ltr'><strong>sum</strong></span> <span class='ocrx_word' id='word_1_174' title='bbox 989 2641 1073 2702; x_wconf 79' lang='lat' dir='ltr'><strong>habt·</strong></span> 
     </span>
     <span class='ocr_line' id='line_1_23' title="bbox 42 2743 1071 2830; baseline 0.004 -28"><span class='ocrx_word' id='word_1_175' title='bbox 42 2745 142 2806; x_wconf 78' lang='lat' dir='ltr'><strong>tebilee</strong></span> <span class='ocrx_word' id='word_1_176' title='bbox 170 2759 207 2806; x_wconf 87' lang='lat' dir='ltr'><strong>et</strong></span> <span class='ocrx_word' id='word_1_177' title='bbox 235 2743 370 2816; x_wconf 73' lang='lat' dir='ltr'><strong>fertiles,</strong></span> <span class='ocrx_word' id='word_1_178' title='bbox 405 2747 581 2826; x_wconf 85' lang='lat' dir='ltr'><strong>vinumque</strong></span> <span class='ocrx_word' id='word_1_179' title='bbox 607 2747 790 2830; x_wconf 77' lang='lat' dir='ltr'><strong>producunt</strong></span> <span class='ocrx_word' id='word_1_180' title='bbox 820 2765 884 2806; x_wconf 89' lang='lat' dir='ltr'><strong>uon</strong></span> <span class='ocrx_word' id='word_1_181' title='bbox 918 2743 1071 2826; x_wconf 66' lang='lat' dir='ltr'><strong>ignobile.</strong></span> 
     </span>
     <span class='ocr_line' id='line_1_24' title="bbox 42 2845 1071 2927; baseline -0.003 -21"><span class='ocrx_word' id='word_1_182' title='bbox 42 2865 164 2908; x_wconf 72' lang='lat' dir='ltr'><strong>tooure</strong></span> <span class='ocrx_word' id='word_1_183' title='bbox 187 2848 224 2906; x_wconf 84' lang='lat' dir='ltr'><strong>iu</strong></span> <span class='ocrx_word' id='word_1_184' title='bbox 247 2847 421 2927; x_wconf 80' lang='lat' dir='ltr'><strong>appendice</strong></span> <span class='ocrx_word' id='word_1_185' title='bbox 446 2847 490 2908; x_wconf 85' lang='lat' dir='ltr'><strong>ad</strong></span> <span class='ocrx_word' id='word_1_186' title='bbox 513 2849 546 2910; x_wconf 82' lang='lat' dir='ltr'><strong>lt.</strong></span> <span class='ocrx_word' id='word_1_187' title='bbox 571 2847 593 2908; x_wconf 90' lang='lat' dir='ltr'><strong>l.</strong></span> <span class='ocrx_word' id='word_1_188' title='bbox 645 2849 695 2910; x_wconf 80' lang='lat' dir='ltr'><strong>An</strong></span> <span class='ocrx_word' id='word_1_189' title='bbox 720 2845 856 2908; x_wconf 73' lang='lat' dir='ltr'><strong>debebat</strong></span> <span class='ocrx_word' id='word_1_190' title='bbox 875 2847 977 2915; x_wconf 79' lang='lat' dir='ltr'><strong>credi,</strong></span> <span class='ocrx_word' id='word_1_191' title='bbox 1005 2846 1071 2904; x_wconf 87' lang='lat' dir='ltr'><strong>lieri</strong></span> 
     </span>
     <span class='ocr_line' id='line_1_25' title="bbox 40 2947 1070 3031; baseline -0.002 -25"><span class='ocrx_word' id='word_1_192' title='bbox 40 2949 131 3024; x_wconf 81' lang='lat' dir='ltr'><strong>polle,</strong></span> <span class='ocrx_word' id='word_1_193' title='bbox 165 2961 204 3010; x_wconf 87' lang='lat' dir='ltr'><strong>ut</strong></span> <span class='ocrx_word' id='word_1_194' title='bbox 236 2947 288 3008; x_wconf 80' lang='lat' dir='ltr'><strong>hie</strong></span> <span class='ocrx_word' id='word_1_195' title='bbox 315 2947 553 3031; x_wconf 87' lang='lat' dir='ltr'><strong>obstreperetur.</strong></span> <span class='ocrx_word' id='word_1_196' title='bbox 581 2977 628 2992; x_wconf 89' lang='lat'><strong>-·</strong></span> <span class='ocrx_word' id='word_1_197' title='bbox 679 2949 716 3008; x_wconf 90' lang='lat' dir='ltr'><strong>ln</strong></span> <span class='ocrx_word' id='word_1_198' title='bbox 749 2947 845 3010; x_wconf 76' lang='lat' dir='ltr'><strong>nullis</strong></span> <span class='ocrx_word' id='word_1_199' title='bbox 879 2947 967 3006; x_wconf 80' lang='lat' dir='ltr'><strong>libris</strong></span> <span class='ocrx_word' id='word_1_200' title='bbox 1000 2965 1070 3006; x_wconf 81' lang='lat' dir='ltr'><strong>eam</strong></span> 
     </span>
     <span class='ocr_line' id='line_1_26' title="bbox 42 3047 1070 3132; baseline 0 -28"><span class='ocrx_word' id='word_1_201' title='bbox 42 3047 207 3110; x_wconf 85' lang='lat' dir='ltr'><strong>lettionetu</strong></span> <span class='ocrx_word' id='word_1_202' title='bbox 229 3065 284 3110; x_wconf 83' lang='lat' dir='ltr'><strong>aut</strong></span> <span class='ocrx_word' id='word_1_203' title='bbox 306 3049 379 3132; x_wconf 74' lang='lat' dir='ltr'><strong>ipsi,</strong></span> <span class='ocrx_word' id='word_1_204' title='bbox 404 3064 458 3109; x_wconf 81' lang='lat' dir='ltr'><strong>out</strong></span> <span class='ocrx_word' id='word_1_205' title='bbox 483 3051 540 3110; x_wconf 89' lang='lat' dir='ltr'><strong>ulli</strong></span> <span class='ocrx_word' id='word_1_206' title='bbox 561 3051 612 3110; x_wconf 80' lang='lat' dir='ltr'><strong>ulii</strong></span> <span class='ocrx_word' id='word_1_207' title='bbox 635 3051 846 3120; x_wconf 83' lang='lat' dir='ltr'><strong>invenerttnt;</strong></span> <span class='ocrx_word' id='word_1_208' title='bbox 880 3047 1070 3108; x_wconf 78' lang='lat' dir='ltr'><strong>invenissem</strong></span> 
     </span>
     <span class='ocr_line' id='line_1_27' title="bbox 41 3147 1070 3230; baseline 0.001 -25"><span class='ocrx_word' id='word_1_209' title='bbox 41 3153 117 3211; x_wconf 85' lang='lat' dir='ltr'><strong>enim</strong></span> <span class='ocrx_word' id='word_1_210' title='bbox 142 3165 175 3212; x_wconf 91' lang='lat' dir='ltr'><strong>et</strong></span> <span class='ocrx_word' id='word_1_211' title='bbox 200 3149 286 3230; x_wconf 84' lang='lat' dir='ltr'><strong>ipse;</strong></span> <span class='ocrx_word' id='word_1_212' title='bbox 319 3151 420 3210; x_wconf 89' lang='lat' dir='ltr'><strong>immo</strong></span> <span class='ocrx_word' id='word_1_213' title='bbox 443 3171 501 3212; x_wconf 84' lang='lat' dir='ltr'><strong>noe</strong></span> <span class='ocrx_word' id='word_1_214' title='bbox 518 3149 639 3214; x_wconf 78' lang='lat' dir='ltr'><strong>Voll&#39;tue</strong></span> <span class='ocrx_word' id='word_1_215' title='bbox 656 3151 695 3211; x_wconf 87' lang='lat' dir='ltr'><strong>de</strong></span> <span class='ocrx_word' id='word_1_216' title='bbox 717 3171 782 3212; x_wconf 87' lang='lat' dir='ltr'><strong>uno</strong></span> <span class='ocrx_word' id='word_1_217' title='bbox 800 3151 937 3230; x_wconf 81' lang='lat' dir='ltr'><strong>quodem</strong></span> <span class='ocrx_word' id='word_1_218' title='bbox 962 3147 1014 3208; x_wconf 89' lang='lat' dir='ltr'><strong>suo</strong></span> <span class='ocrx_word' id='word_1_219' title='bbox 1037 3148 1070 3206; x_wconf 91' lang='lat' dir='ltr'><strong>id</strong></span> 
     </span>
     <span class='ocr_line' id='line_1_28' title="bbox 41 3251 1071 3320; baseline -0.001 -10"><span class='ocrx_word' id='word_1_220' title='bbox 41 3251 130 3312; x_wconf 79' lang='lat' dir='ltr'><strong>testari</strong></span> <span class='ocrx_word' id='word_1_221' title='bbox 148 3253 306 3314; x_wconf 88' lang='lat' dir='ltr'><strong>sustinuit.</strong></span> <span class='ocrx_word' id='word_1_222' title='bbox 345 3253 430 3312; x_wconf 82' lang='lat' dir='ltr'><strong>Hinc</strong></span> <span class='ocrx_word' id='word_1_223' title='bbox 448 3253 547 3320; x_wconf 80' lang='lat' dir='ltr'><strong>addit.</strong></span> <span class='ocrx_word' id='word_1_224' title='bbox 567 3253 701 3314; x_wconf 83' lang='lat' dir='ltr'><strong>Albiono</strong></span> <span class='ocrx_word' id='word_1_225' title='bbox 720 3273 758 3312; x_wconf 83' lang='lat' dir='ltr'><strong>au</strong></span> <span class='ocrx_word' id='word_1_226' title='bbox 776 3251 942 3313; x_wconf 72' lang='lat' dir='ltr'><strong>libionem</strong></span> <span class='ocrx_word' id='word_1_227' title='bbox 961 3265 1071 3310; x_wconf 90' lang='lat' dir='ltr'><strong>utrum</strong></span> 
     </span>
     <span class='ocr_line' id='line_1_29' title="bbox 41 3349 1070 3438; baseline 0 -28"><span class='ocrx_word' id='word_1_228' title='bbox 41 3351 115 3436; x_wconf 80' lang='lat' dir='ltr'><strong>legas</strong></span> <span class='ocrx_word' id='word_1_229' title='bbox 136 3355 274 3436; x_wconf 83' lang='lat' dir='ltr'><strong>perinde</strong></span> <span class='ocrx_word' id='word_1_230' title='bbox 296 3352 354 3424; x_wconf 86' lang='lat' dir='ltr'><strong>ell,</strong></span> <span class='ocrx_word' id='word_1_231' title='bbox 385 3371 450 3414; x_wconf 91' lang='lat' dir='ltr'><strong>non</strong></span> <span class='ocrx_word' id='word_1_232' title='bbox 476 3355 541 3434; x_wconf 87' lang='lat' dir='ltr'><strong>illi,</strong></span> <span class='ocrx_word' id='word_1_233' title='bbox 567 3355 621 3435; x_wconf 86' lang='lat' dir='ltr'><strong>qui</strong></span> <span class='ocrx_word' id='word_1_234' title='bbox 639 3353 757 3414; x_wconf 79' lang='lat' dir='ltr'><strong>Melam</strong></span> <span class='ocrx_word' id='word_1_235' title='bbox 777 3353 881 3438; x_wconf 82' lang='lat' dir='ltr'><strong>legere</strong></span> <span class='ocrx_word' id='word_1_236' title='bbox 902 3352 986 3420; x_wconf 80' lang='lat' dir='ltr'><strong>vult,</strong></span> <span class='ocrx_word' id='word_1_237' title='bbox 1019 3349 1070 3412; x_wconf 90' lang='lat' dir='ltr'><strong>sed</strong></span> 
     </span>
     <span class='ocr_line' id='line_1_30' title="bbox 43 3451 1072 3552; baseline 0 -40"><span class='ocrx_word' id='word_1_238' title='bbox 43 3459 83 3530; x_wconf 78' lang='lat' dir='ltr'><strong>qui</strong></span> <span class='ocrx_word' id='word_1_239' title='bbox 105 3453 234 3524; x_wconf 81' lang='lat' dir='ltr'><strong>nescio,</strong></span> <span class='ocrx_word' id='word_1_240' title='bbox 263 3455 513 3552; x_wconf 40' lang='lat' dir='ltr'><strong>ottiueOimpuroe</strong></span> <span class='ocrx_word' id='word_1_241' title='bbox 535 3469 567 3517; x_wconf 91' lang='lat' dir='ltr'><strong>et</strong></span> <span class='ocrx_word' id='word_1_242' title='bbox 588 3457 681 3538; x_wconf 78' lang='lat' dir='ltr'><strong>plane</strong></span> <span class='ocrx_word' id='word_1_243' title='bbox 698 3451 856 3516; x_wconf 75' lang='lat' dir='ltr'><strong>Voll&#39;tenee</strong></span> <span class='ocrx_word' id='word_1_244' title='bbox 879 3473 1010 3522; x_wconf 82' lang='lat' dir='ltr'><strong>menne,</strong></span> <span class='ocrx_word' id='word_1_245' title='bbox 1035 3465 1072 3512; x_wconf 86' lang='lat' dir='ltr'><strong>ut</strong></span> 
     </span>
     <span class='ocr_line' id='line_1_31' title="bbox 43 3553 1071 3640; baseline 0 -28"><span class='ocrx_word' id='word_1_246' title='bbox 43 3555 73 3615; x_wconf 78' lang='lat' dir='ltr'><strong>est</strong></span> <span class='ocrx_word' id='word_1_247' title='bbox 91 3559 144 3619; x_wconf 78' lang='lat' dir='ltr'><strong>ista</strong></span> <span class='ocrx_word' id='word_1_248' title='bbox 168 3553 234 3640; x_wconf 81' lang='lat' dir='ltr'><strong>ipsa</strong></span> <span class='ocrx_word' id='word_1_249' title='bbox 256 3555 418 3618; x_wconf 83' lang='lat' dir='ltr'><strong>Latinitae.</strong></span> <span class='ocrx_word' id='word_1_250' title='bbox 471 3557 585 3640; x_wconf 81' lang='lat' dir='ltr'><strong>Egone</strong></span> <span class='ocrx_word' id='word_1_251' title='bbox 607 3570 716 3618; x_wconf 83' lang='lat' dir='ltr'><strong>antem</strong></span> <span class='ocrx_word' id='word_1_252' title='bbox 741 3555 896 3616; x_wconf 74' lang='lat' dir='ltr'><strong>dicendus</strong></span> <span class='ocrx_word' id='word_1_253' title='bbox 922 3553 990 3614; x_wconf 87' lang='lat' dir='ltr'><strong>sum</strong></span> <span class='ocrx_word' id='word_1_254' title='bbox 1018 3573 1071 3614; x_wconf 80' lang='lat' dir='ltr'><strong>eu·</strong></span> 
     </span>
     <span class='ocr_line' id='line_1_32' title="bbox 46 3655 1073 3739; baseline 0.001 -25"><span class='ocrx_word' id='word_1_255' title='bbox 46 3660 135 3720; x_wconf 80' lang='lat' dir='ltr'><strong>laeter</strong></span> <span class='ocrx_word' id='word_1_256' title='bbox 161 3677 320 3738; x_wconf 83' lang='lat' dir='ltr'><strong>reponere</strong></span> <span class='ocrx_word' id='word_1_257' title='bbox 340 3657 476 3736; x_wconf 78' lang='lat' dir='ltr'><strong>Bergion</strong></span> <span class='ocrx_word' id='word_1_258' title='bbox 492 3677 551 3739; x_wconf 85' lang='lat' dir='ltr'><strong>pro</strong></span> <span class='ocrx_word' id='word_1_259' title='bbox 566 3659 735 3736; x_wconf 75' lang='lat' dir='ltr'><strong>Bergiono,</strong></span> <span class='ocrx_word' id='word_1_260' title='bbox 764 3676 864 3738; x_wconf 89' lang='lat' dir='ltr'><strong>quum</strong></span> <span class='ocrx_word' id='word_1_261' title='bbox 885 3655 935 3716; x_wconf 80' lang='lat' dir='ltr'><strong>itta</strong></span> <span class='ocrx_word' id='word_1_262' title='bbox 958 3655 1073 3736; x_wconf 84' lang='lat' dir='ltr'><strong>polire·</strong></span> 
     </span>
     <span class='ocr_line' id='line_1_33' title="bbox 45 3757 1074 3842; baseline 0.004 -28"><span class='ocrx_word' id='word_1_263' title='bbox 45 3775 83 3818; x_wconf 80' lang='lat' dir='ltr'><strong>rm</strong></span> <span class='ocrx_word' id='word_1_264' title='bbox 99 3784 118 3820; x_wconf 83' lang='lat' dir='ltr'><em>a</em></span> <span class='ocrx_word' id='word_1_265' title='bbox 134 3761 172 3822; x_wconf 85' lang='lat' dir='ltr'><strong>lit</strong></span> <span class='ocrx_word' id='word_1_266' title='bbox 192 3761 226 3820; x_wconf 94' lang='lat' dir='ltr'><strong>in</strong></span> <span class='ocrx_word' id='word_1_267' title='bbox 242 3761 333 3820; x_wconf 88' lang='lat' dir='ltr'><strong>nullo</strong></span> <span class='ocrx_word' id='word_1_268' title='bbox 349 3760 468 3830; x_wconf 81' lang='lat' dir='ltr'><strong>codiee,</strong></span> <span class='ocrx_word' id='word_1_269' title='bbox 490 3779 589 3840; x_wconf 82' lang='lat' dir='ltr'><strong>quum</strong></span> <span class='ocrx_word' id='word_1_270' title='bbox 612 3759 675 3842; x_wconf 81' lang='lat' dir='ltr'><strong>ipse</strong></span> <span class='ocrx_word' id='word_1_271' title='bbox 692 3757 828 3828; x_wconf 73' lang='lat' dir='ltr'><strong>testetur,</strong></span> <span class='ocrx_word' id='word_1_272' title='bbox 853 3757 931 3818; x_wconf 79' lang='lat' dir='ltr'><strong>olioe</strong></span> <span class='ocrx_word' id='word_1_273' title='bbox 949 3769 1074 3820; x_wconf 76' lang='lat' dir='ltr'><strong>veteree</strong></span> 
     </span>
     <span class='ocr_line' id='line_1_34' title="bbox 24 3856 1072 3945; baseline -0.001 -27"><span class='ocrx_word' id='word_1_274' title='bbox 24 3879 26 3940; x_wconf 78' lang='lat'><em>]</em></span> <span class='ocrx_word' id='word_1_275' title='bbox 48 3856 130 3922; x_wconf 77' lang='lat' dir='ltr'><strong>libror</strong></span> <span class='ocrx_word' id='word_1_276' title='bbox 151 3861 259 3945; x_wconf 82' lang='lat' dir='ltr'><strong>legere</strong></span> <span class='ocrx_word' id='word_1_277' title='bbox 284 3859 444 3940; x_wconf 77' lang='lat' dir='ltr'><strong>oergtont</strong></span> <span class='ocrx_word' id='word_1_278' title='bbox 503 3863 550 3922; x_wconf 76' lang='lat' dir='ltr'><strong>Au</strong></span> <span class='ocrx_word' id='word_1_279' title='bbox 574 3879 640 3922; x_wconf 90' lang='lat' dir='ltr'><strong>non</strong></span> <span class='ocrx_word' id='word_1_280' title='bbox 660 3861 755 3922; x_wconf 86' lang='lat' dir='ltr'><strong>debet</strong></span> <span class='ocrx_word' id='word_1_281' title='bbox 778 3859 871 3922; x_wconf 72' lang='lat' dir='ltr'><strong>obiici</strong></span> <span class='ocrx_word' id='word_1_282' title='bbox 893 3873 926 3920; x_wconf 92' lang='lat' dir='ltr'><strong>et</strong></span> <span class='ocrx_word' id='word_1_283' title='bbox 944 3857 1072 3940; x_wconf 79' lang='lat' dir='ltr'><strong>expelli,</strong></span> 
     </span>
     <span class='ocr_line' id='line_1_35' title="bbox 25 3945 1072 4042; baseline 0.002 -24"><span class='ocrx_word' id='word_1_284' title='bbox 25 3945 27 3992; x_wconf 52' lang='lat' dir='ltr'><strong>l</strong></span> <span class='ocrx_word' id='word_1_285' title='bbox 50 3965 120 4038; x_wconf 81' lang='lat' dir='ltr'><strong>qnod</strong></span> <span class='ocrx_word' id='word_1_286' title='bbox 146 3963 260 4024; x_wconf 80' lang='lat' dir='ltr'><strong>iniuste</strong></span> <span class='ocrx_word' id='word_1_287' title='bbox 282 3975 313 4024; x_wconf 91' lang='lat' dir='ltr'><strong>et</strong></span> <span class='ocrx_word' id='word_1_288' title='bbox 336 3963 445 4042; x_wconf 84' lang='lat' dir='ltr'><strong>inique</strong></span> <span class='ocrx_word' id='word_1_289' title='bbox 466 3961 602 4024; x_wconf 75' lang='lat' dir='ltr'><strong>invasu?</strong></span> <span class='ocrx_word' id='word_1_290' title='bbox 655 3963 781 4024; x_wconf 82' lang='lat' dir='ltr'><strong>lumina</strong></span> <span class='ocrx_word' id='word_1_291' title='bbox 803 3961 866 4020; x_wconf 77' lang='lat' dir='ltr'><strong>iam</strong></span> <span class='ocrx_word' id='word_1_292' title='bbox 887 3959 982 4022; x_wconf 85' lang='lat' dir='ltr'><strong>habet</strong></span> <span class='ocrx_word' id='word_1_293' title='bbox 997 3959 1072 4020; x_wconf 79' lang='lat' dir='ltr'><strong>Ber·</strong></span> 
     </span>
     <span class='ocr_line' id='line_1_36' title="bbox 50 4061 1074 4144; baseline 0.001 -23"><span class='ocrx_word' id='word_1_294' title='bbox 50 4063 125 4136; x_wconf 77' lang='lat' dir='ltr'><strong>gion,</strong></span> <span class='ocrx_word' id='word_1_295' title='bbox 153 4083 214 4125; x_wconf 79' lang='lat' dir='ltr'><strong>nee</strong></span> <span class='ocrx_word' id='word_1_296' title='bbox 236 4063 325 4126; x_wconf 79' lang='lat' dir='ltr'><strong>aliter</strong></span> <span class='ocrx_word' id='word_1_297' title='bbox 348 4063 417 4126; x_wconf 85' lang='lat' dir='ltr'><strong>tts.</strong></span> <span class='ocrx_word' id='word_1_298' title='bbox 441 4083 537 4144; x_wconf 84' lang='lat' dir='ltr'><strong>quem</strong></span> <span class='ocrx_word' id='word_1_299' title='bbox 555 4063 651 4126; x_wconf 77' lang='lat' dir='ltr'><strong>citeri</strong></span> <span class='ocrx_word' id='word_1_300' title='bbox 674 4083 711 4124; x_wconf 84' lang='lat' dir='ltr'><strong>ex</strong></span> <span class='ocrx_word' id='word_1_301' title='bbox 732 4061 935 4132; x_wconf 78' lang='lat' dir='ltr'><strong>liledioleuo;</strong></span> <span class='ocrx_word' id='word_1_302' title='bbox 971 4065 1074 4122; x_wconf 86' lang='lat' dir='ltr'><strong>immo</strong></span> 
     </span>
     <span class='ocr_line' id='line_1_37' title="bbox 51 4163 1073 4250; baseline -0.004 -24"><span class='ocrx_word' id='word_1_303' title='bbox 51 4163 100 4226; x_wconf 82' lang='lat' dir='ltr'><strong>iun</strong></span> <span class='ocrx_word' id='word_1_304' title='bbox 116 4167 217 4230; x_wconf 85' lang='lat' dir='ltr'><strong>editio</strong></span> <span class='ocrx_word' id='word_1_305' title='bbox 232 4167 352 4230; x_wconf 73' lang='lat' dir='ltr'><strong>Veneto</strong></span> <span class='ocrx_word' id='word_1_306' title='bbox 372 4167 448 4228; x_wconf 83' lang='lat' dir='ltr'><strong>anni</strong></span> <span class='ocrx_word' id='word_1_307' title='bbox 469 4179 572 4248; x_wconf 71' lang='lat'>1482.</span> <span class='ocrx_word' id='word_1_308' title='bbox 594 4177 649 4244; x_wconf 82' lang='lat'><strong>15.</strong></span> <span class='ocrx_word' id='word_1_309' title='bbox 667 4164 798 4230; x_wconf 83' lang='lat' dir='ltr'><strong>Calend.</strong></span> <span class='ocrx_word' id='word_1_310' title='bbox 816 4163 956 4250; x_wconf 78' lang='lat' dir='ltr'><strong>Augusti,</strong></span> <span class='ocrx_word' id='word_1_311' title='bbox 978 4181 1073 4246; x_wconf 81' lang='lat' dir='ltr'><strong>quem</strong></span> 
     </span>
    </p>
   </div>
   <div class='ocr_carea' id='block_1_3' title="bbox 0 0 1396 4944">
    <p class='ocr_par' dir='ltr' id='par_1_3' title="bbox 0 0 1396 4944">
     <span class='ocr_line' id='line_1_38' title="bbox 0 0 1396 4944; baseline 0 2"><span class='ocrx_word' id='word_1_312' title='bbox 0 0 1396 4944; x_wconf 95' lang='lat' dir='ltr'><strong> </strong></span> 
     </span>
    </p>
   </div>
  </div>
 </body>
</html>
