2848 4942
315 385 354 456 io
618 395 862 454 eonronn
895 397 1055 454 uenae

311 567 441 658 repetiit
465 567 619 654 Keppiue.
671 571 722 632 De
743 567 805 654 ipla
828 569 886 632 hee
914 571 1134 636 commiliione
1161 591 1236 634 non
1262 569 1355 634 inire·

313 681 431 759 quente
449 675 516 736 vid.
534 670 697 735 Drakenb.
714 675 751 734 ad
768 673 823 735 Sil.
848 673 919 734 ital.
937 685 970 750 5,
987 684 1070 752 284.
1098 677 1187 736 etad
1204 675 1279 736 Liv.
1298 687 1354 752 57.

318 795 374 846 ιι.
401 789 436 854 3.
477 773 658 838 Tennuliue
681 789 714 836 et
735 773 945 856 Oudendorp.
967 775 1005 836 ad
1031 775 1174 840 Feontin.
1203 789 1237 855 5.
1260 793 1295 854 9.
1324 788 1354 853 5.

312 869 367 940 hic
389 880 486 968 etierp
507 875 545 938 ed
576 875 693 938 Lucan.
718 877 751 943 6.
778 889 864 954 432.
906 875 1035 938 Cottius
1064 878 1102 938 ad
1126 876 1254 941 Sallust.
1286 879 1354 959 lug.

313 995 341 1043 e.
364 991 424 1060 94.
447 979 492 1042 ln.
528 979 582 1059 qui
603 977 683 1039 adeo
706 990 779 1038 ante
804 971 948 1038 Voffium
971 978 1129 1062 ineptiille
1153 979 1211 1040 hic
1235 977 1355 1040 Melam

312 1083 420 1167 putat.
453 1095 485 1143 et
507 1079 709 1141 Burmannus
735 1079 774 1141 ad
797 1077 971 1164 Antholog.
995 1081 1064 1141 Lat.
1086 1081 1126 1143 T.
1155 1101 1187 1144 ι.
1216 1101 1251 1162 p.
1271 1097 1352 1158 290.

312 1181 507 1265 Disceptatio
525 1181 558 1242 in
575 1180 727 1266 ambiguo
748 1181 864 1250 haeret,
890 1181 941 1240 cui
961 1193 1067 1243 tamen
1084 1183 1117 1242 iu
1134 1182 1270 1243 alteram
1291 1199 1355 1262 par·

312 1289 381 1348 iem
402 1283 476 1346 libri
499 1281 621 1365 antiqui
640 1303 707 1344 nou
732 1283 804 1344 leve
826 1296 1030 1344 momentum
1057 1283 1233 1353 adiiciunt,
1269 1279 1354 1362 quod

312 1387 442 1450 conficit
464 1381 620 1448 Herodoti
642 1385 742 1447 locue.
793 1380 933 1446 Excuffit
953 1385 1112 1466 duplicem
1134 1383 1220 1444 banc
1242 1383 1354 1445 editio·

312 1507 392 1551 num
422 1487 594 1550 lectionem
622 1483 754 1570 operoso
783 1484 884 1547 studio
910 1483 1075 1548 Kirlchine
1105 1487 1139 1546 in
1171 1483 1352 1566 prolusione

312 1585 487 1652 scholastico
505 1587 588 1650 edita
605 1587 720 1650 Curiae
747 1597 852 1667 1784·
871 1595 906 1666 4.
939 1589 972 1647 in
995 1607 1054 1670 quo
1072 1585 1128 1646 lub
1144 1604 1284 1649 examen
1305 1585 1355 1646 ali·

312 1701 372 1774 que
393 1690 567 1773 Pomponii
589 1689 658 1751 loca
674 1689 814 1752 vocavit.
863 1689 995 1750 Summa
1017 1689 1093 1749 haec
1108 1687 1168 1749 eli:
1205 1689 1353 1772 Speciem

313 1789 430 1856 hebere
452 1786 548 1854 Voffii
578 1791 748 1854 lectionem
775 1809 841 1852 non
862 1791 993 1870 quidem
1021 1791 1188 1860 infitietur,
1216 1785 1353 1872 praefert

312 1903 423 1956 tannen
441 1884 544 1983 visum
567 1889 618 1954 hie
638 1890 813 1954 rationibus
832 1891 961 1963 ducena,
995 1893 1082 1972 quod
1103 1892 1227 1952 inviam
1250 1889 1352 1972 regio·

312 2010 389 2058 rtem
406 1996 505 2078 magia
523 1994 675 2064 declaret.
704 1993 861 2054 Herodoti
883 1993 993 2054 locum
1016 2005 1172 2052 contrecta
1192 1992 1351 2053 brevitate

311 2093 471 2160 efficacius
492 2095 612 2165 reddat,
638 2095 775 2176 denique
795 2095 958 2155 codicibus
977 2089 1177 2154 suffulciatur.
1232 2091 1352 2154 lisdem

312 2212 392 2258 vero
414 2195 591 2258 rationibus
612 2193 684 2258 uine
708 2208 772 2256 erat
795 2197 872 2256 olim
892 2197 1019 2256 Vrsinus
1038 2195 1071 2254 ln
1094 2196 1210 2275 disput.
1237 2195 1351 2252 Witte·

227 2377 231 2386 .
311 2297 400 2382 berg.
428 2298 533 2374 1668.
558 2307 593 2374 4.
625 2317 705 2379 quae
726 2298 868 2358 exercitt.
891 2297 1044 2380 philolog.
1068 2297 1213 2356 continet
1235 2298 1269 2354 in
1293 2294 1351 2354 hac

310 2399 452 2462 lectione
475 2397 604 2460 tuende.
662 2397 820 2478 Equidem
842 2397 988 2460 lubenter
1011 2397 1061 2458 hie
1081 2399 1248 2478 adquievi,
1278 2412 1352 2454 cum

310 2519 379 2564 non
397 2497 498 2564 lolnrn
521 2499 657 2583 intelligi
678 2512 762 2560 recte
785 2493 918 2580 poffint,
951 2498 1001 2559 led
1018 2512 1051 2560 et
1066 2501 1110 2560 rei
1128 2497 1352 2559 difficultatem

310 2615 457 2687 augeant,
483 2621 521 2662 ex
546 2602 580 2662 vi
602 2601 738 2670 nivium,
768 2619 846 2681 quae
863 2601 1030 2662 oculorum
1045 2601 1125 2660 adeo
1146 2599 1351 2682 prospectum

309 2706 523 2788 praecludent.
578 2705 626 2764 De
647 2702 763 2763 incellu
784 2703 873 2763 enim
896 2703 978 2763 nihil
996 2702 1147 2786 lengolare
1168 2701 1230 2772 ett;
1257 2714 1288 2759 at
1309 2697 1348 2757 de

310 2803 391 2866 visu.
445 2806 486 2866 Et
509 2805 548 2865 fic
569 2804 709 2867 reddidit
732 2805 891 2867 Herodoti
913 2801 1007 2892 o'pp'v‚
1031 2805 1080 2865 uti
1097 2777 1347 2888 pbstdteffite‘nat.

310 2907 384 2970 Vid.
406 2907 504 2968 etiam
526 2907 687 2988 deinceps.

387 3105 694 3188 incedentium)
751 3107 804 3170 Sic
836 3107 919 3170 Cod.
954 3107 1103 3171 Cieccon.
1135 3122 1169 3169 et
1196 3105 1347 3170 ex·meie

310 3207 424 3270 Venet.
449 3209 555 3270 Harn.
585 3205 704 3288 quibus
736 3209 882 3271 accedere
915 3224 993 3290 puto
1029 3211 1194 3270 Vaticanus
1223 3211 1346 3288 aliquos

295 3299 395 3372 'certe
422 3323 453 3388 5.
481 3329 553 3370 cum
577 3311 651 3372 edd.
678 3321 732 3386 ¹6·
761 3325 815 3390 17.
845 3329 901 3373 tto.
926 3324 984 3390 23.
1006 3311 1098 3395 Prag.
1122 3310 1346 3372 incredentinm

310 3431 349 3473 ex
368 3411 485 3471 librarii
506 3409 609 3492 laplu;
643 3409 738 3472 Parii.
768 3433 796 3474 1.
822 3426 855 3474 2.
876 3413 969 3492 plane
993 3411 1073 3472 hanc
1093 3431 1207 3472 vocem
1227 3407 1344 3473 'omil-

309 3525 397 3576 rnnt.
450 3514 550 3573 Ded.
570 3512 670 3574 Gron.
689 3511 781 3575 MSS.
802 3515 879 3594 quid
902 3513 1080 3582 habuerint,
1106 3513 1254 3574 dubium.
1307 3509 1345 3569 tt

312 3615 411 3676 Vetic.
433 3634 462 3675 1.
490 3611 571 3695 Lipl.
594 3611 705 3693 ,ethin
735 3612 829 3676 Perii.
850 3628 882 3692 5.
911 3614 996 3675 Gud.
1019 3612 1135 3676 anulc.
1160 3612 1342 3675 Vindobon.

311 3714 551 3784 intendentium,
578 3728 611 3774 et
632 3714 670 3776 stc
693 3713 766 3777 edd.
796 3735 824 3778 t.
850 3730 882 3776 Β.
908 3728 940 3792 3.
964 3724 999 3794 4.
1019 3731 1052 3792 5.
1070 3718 1104 3777 6.
1128 3735 1160 3794 7.
1180 3729 1213 3794 8.
1229 3735 1263 3796 9.
1289 3731 1340 3772 to.

314 3835 372 3880 tt.
409 3830 463 3876 ια.
501 3830 555 3896 ι5.
593 3824 645 3898 14.
676 3817 732 3878 16.
770 3827 824 3893 18.
862 3834 915 3895 ¹9·
949 3832 1006 3880 ot.
1033 3831 1091 3878 22.
1124 3830 1182 3895 23.
1216 3831 1248 3878 et
1274 3815 1342 3876 reli·

310 3935 389 4000 quae
412 3917 448 3977 etl
470 3913 623 3984 Velitum,
655 3918 710 3996 qui
733 3937 806 3977 cum
828 3917 958 3999 posteris
978 3917 1197 3982 incedentium.
1250 3917 1342 3980 Solus

311 4017 505 4081 lieinoltliue
542 4019 682 4100 priorem
722 4017 895 4080 lectionem
931 4018 1158 4080 intendentium
1201 4019 1343 4081 lert'avit.

312 4137 519 4182 uzecnvcno.
573 4121 661 4204 Lego
686 4139 725 4180 ne
749 4117 851 4210 vijnm
873 4119 995 4202 quidem
1019 4113 1207 4208 incessurum
1231 4119 1344 4183 adluit·
