2880 4940
303 401 366 468 330
601 387 845 448 rottrortrr
880 385 1046 448 tum

306 557 430 628 Vossmt
448 561 584 648 primam
609 559 743 626 formam
761 563 830 626 asiis
848 565 994 647 praeivit.
1020 582 1226 627 rzrcnvcxrt.
1272 565 1344 628 Ver·

307 670 386 732 bum
409 679 613 728 ntemorctum
627 665 767 728 otiosum
785 665 866 728 mihi
883 667 1029 739 videtum
1061 667 1215 750 college,
1239 665 1263 726 si
1285 667 1345 748 pir·

307 783 376 842 cet,
409 779 598 830 meritorctur
619 759 764 856 rctoiiffi.
815 765 884 849 Ipse
913 769 1032 830 Auctor
1057 768 1152 852 paulo
1178 767 1251 849 post
1274 767 1345 829 Hoc

308 873 432 938 Hanno
453 869 571 932 retulit.
612 887 811 932 rrrtrttttvs.
865 869 960 932 Forte
990 883 1164 932 commeato
1194 859 1306 957 defeci
1331 891 1347 928 e

311 976 345 1036 in
374 971 455 1034 mori
478 969 637 1032 retulerat.
673 989 881 1032 citocottrvt.
934 971 1107 1034 Turnebus
1126 991 1153 1033 c.
1171 971 1197 1032 l.
1219 969 1261 1033 τὸ
1288 993 1347 1032 me·

310 1085 483 1144 morotum,
509 1073 596 1153 quod
610 1073 644 1132 in
659 1073 795 1157 volgatis
811 1073 936 1156 legitur,
961 1074 1056 1143 delet.
1078 1091 1217 1156 proquo
1235 1073 1346 1134 Fraoc.

311 1175 457 1240 Sanctius
478 1177 701 1235 commentario
723 1174 907 1256 reponebat.
969 1176 1083 1245 Forte,
1113 1175 1200 1256 qood
1221 1175 1347 1236 Plinius

308 1281 367 1344 lib.
386 1293 420 1340 o.
441 1295 507 1359 cap.
525 1275 583 1352 67.
606 1275 844 1360 navigationem
865 1295 935 1336 eam
953 1277 987 1337 in
1011 1277 1114 1338 literas
1131 1274 1245 1336 misisse
1262 1277 1348 1336 Han·

310 1399 432 1446 oonem
448 1375 570 1440 scribat.
620 1377 691 1460 Ego
707 1377 862 1460 inrigata
883 1377 1019 1442 lectione
1034 1399 1076 1440 ne
1098 1379 1198 1438 ictum
1213 1379 1347 1457 quidem

310 1501 453 1568 unguem
469 1479 698 1541 discedendum
716 1477 838 1541 censeo.
860 1473 942 1566 [Sed
959 1483 995 1541 vi
1008 1473 1131 1565 anteo]
1167 1477 1238 1540 Neo
1257 1481 1345 1540 enim

311 1585 461 1648 obhorret
477 1581 515 1642 ab
533 1581 596 1642 hoc
612 1581 739 1642 dicendi
761 1600 876 1665 genere
898 1580 999 1650 Mela.
1028 1600 1087 1664 pro
1111 1580 1345 1642 memorandum

311 1685 365 1749 scu
388 1685 535 1746 memorio
555 1681 702 1762 digmrm,
734 1681 819 1762 quod
840 1683 948 1763 quivis
968 1684 1003 1744 in
1024 1685 1092 1744 eius
1114 1683 1255 1743 lectione
1278 1701 1344 1744 non
1432 1691 1433 1698 ’

309 1787 485 1850 trimodum
502 1781 616 1866 hospes
631 1781 736 1853 tacite,
759 1783 812 1844 vel
828 1803 879 1844 mc
896 1797 1034 1856 tacente,
1065 1785 1131 1844 itm
1153 1782 1346 1846 observavit.

310 1889 410 1954 Plinii
429 1886 533 1954 verbe.
559 1888 632 1966 quia
654 1887 730 1946 hinc
745 1885 859 1954 tralata,
885 1885 927 1946 ob
943 1887 1051 1948 oculos
1065 1905 1197 1968 ponam.
1221 1901 1261 1947 ut
1274 1906 1346 1948 con·

311 1988 388 2052 serti
411 1989 495 2048 inter
516 1985 545 2047 so
567 1999 694 2067 queant.
744 1985 867 2048 Hanno
887 1987 1100 2069 Karthaginis
1119 1990 1270 2066 potentia
1283 1983 1349 2076 sto·

311 2103 414 2160 rente,
441 2089 667 2148 circumvectus
687 2107 708 2147 a
730 2085 890 2158 Gadibus.
915 2087 960 2148 oti
971 2086 1071 2180 finem
1093 2087 1238 2149 Arabiae
1260 2090 1349 2150 travi-

310 2192 468 2274 gerionem
483 2209 551 2248 eom
572 2187 721 2267 prodidit
732 2179 859 2280 scripto
865 2211 878 2261 ,·
899 2186 989 2279 ficut
1004 2189 1048 2250 cd
1063 2203 1175 2250 extera
1190 2181 1350 2281 noscendo

312 2283 421 2381 miffits
442 2289 545 2350 eodem
568 2303 706 2366 tempore
722 2289 870 2352 Himilco.
919 2292 1085 2352 Praeterea
1098 2291 1215 2370 Nepos
1235 2294 1348 2356 Come-

310 2395 374 2458 lius
392 2405 505 2453 auctor
522 2387 581 2482 est,
607 2390 779 2452 Eudoxum
796 2389 950 2472 quendam
962 2379 1029 2483 suc
1044 2405 1168 2462 aetate,
1196 2415 1264 2455 eum
1277 2393 1344 2454 Ja-

311 2497 438 2580 tityrum
469 2513 568 2573 regem
590 2484 739 2582 fugeret,
776 2490 911 2554 Arabico
928 2489 1008 2583 fictu
1034 2485 1205 2582 egreffirm,
1239 2494 1348 2556 Gades

310 2606 624 2680 mqrtcperoectu1115
656 2593 813 2674 aratroque
836 2605 912 2654 aitte
932 2617 999 2654 eum
1025 2595 1151 2656 Coelius
1171 2599 1349 2674 Antipater

309 2697 380 2760 vidi
407 2719 423 2754 e
442 2686 495 2786 se,
532 2697 588 2777 qni
613 2686 792 2783 rtovigaffet
822 2716 861 2755 ex
890 2687 1055 2785 Hispania
1078 2697 1111 2756 in
1137 2699 1348 2778 Aethiopiam

309 2797 487 2862 commercii
504 2797 623 2876 gratio.
658 2797 744 2856 Haec
760 2797 823 2857 illc.
857 2797 937 2858 Vide
951 2797 1040 2880 [upra
1052 2817 1120 2878 cap.
1138 2809 1170 2874 5.
1187 2813 1349 2862 extremo.

308 2917 488 2964 tortorrve.
543 2897 611 2979 Qui
629 2897 682 2958 hic
702 2899 925 2958 commentario
946 2917 1004 2980 pro
1027 2912 1234 2960 memoratum
1255 2921 1352 2984 repo·

307 3013 409 3071 nunt,
442 2999 540 3060 Plinii
565 2995 594 3059 sc
617 3001 799 3086 auctoritato
822 3001 904 3059 tueri
925 2999 1055 3082 poliunt
1081 3000 1137 3062 lib.
1161 3013 1197 3076 5.
1225 3023 1297 3084 ap,
1320 3025 1350 3066 ι,
1432 2985 1433 3024 3

308 3105 406 3166 Ftterc
438 3111 470 3160 et
502 3097 675 3160 Hannonis
704 3097 966 3189 Carthaginenfis
992 3100 1082 3161 ducis
1113 3105 1348 3175 commentarii,

307 3201 441 3266 Punicis
473 3197 561 3261 rebus
584 3193 813 3290 florentiffimis
839 3202 1003 3277 explorare
1026 3193 1161 3291 Africae
1185 3203 1348 3266 ambitum

305 3297 395 3395 iuffi;
433 3321 522 3386 qvem
543 3291 649 3392 secuti
666 3302 840 3384 pleriquee
863 3303 994 3364 Graecis
1015 3305 1190 3386 notrisque
1212 3305 1261 3365 ad
1281 3307 1348 3368 atta

293 3402 462 3490 quodam
476 3393 636 3494 fabulosa
651 3415 681 3464 et
696 3401 783 3463 urbes
797 3403 916 3464 multos
932 3402 972 3464 ab
992 3425 1026 3464 co
1047 3405 1197 3466 conditos
1210 3404 1258 3466 ibi
1272 3428 1348 3486 pro·

305 3505 426 3576 didere,
462 3523 595 3586 quarum
616 3525 671 3563 nec
686 3505 833 3564 meritoria
849 3505 930 3575 utta,
963 3526 1019 3565 ncc
1040 3503 1207 3598 vestigium
1223 3507 1343 3600 exstat.

304 3626 406 3670 tottii.
459 3604 660 3666 Memorotrts
681 3606 878 3667 vocabulum
893 3619 977 3668 recte
992 3604 1053 3668 sese
1073 3607 1179 3670 habet.
1220 3609 1345 3670 Plinius

257 3741 263 3758 .
302 3727 362 3792 pro
379 3707 442 3768 hoc
466 3707 723 3766 commentarium
744 3703 908 3769 substituit.
960 3708 1162 3770 Memoratus
1182 3710 1273 3772 idern
1291 3711 1342 3782 cst,

303 3807 391 3892 quod
420 3807 619 3876 irremorctio,
652 3802 800 3892 διήγησις.
852 3811 895 3869 Et
918 3809 972 3879 fic,
1002 3808 1060 3869 nist
1082 3807 1192 3880 fallor,
1225 3813 1343 3874 rectius

302 3906 398 3995 possit
412 3907 559 3990 appellari
577 3907 721 3990 Peripiur
743 3909 797 3970 iste
820 3911 1005 3981 Hannonis,
1037 3912 1092 3992 qui
1110 3911 1210 3973 hodie
1228 3915 1340 3975 ctiam·

302 4030 382 4074 num
403 4008 517 4079 exstat,
550 4021 582 4070 ct
606 4008 735 4070 brevem
757 4011 905 4091 quidem,
940 4009 992 4073 scd
1015 4025 1121 4074 tamen
1142 4009 1337 4076 verissimam

301 4111 644 4177 commemorationem
661 4112 815 4176 continet.
842 4131 983 4178 rotome.
1032 4114 1119 4181 Cum
1134 4133 1249 4180 omncs
1266 4115 1338 4178 iibri
