2836 4940
310 429 369 505 ²8⁶
601 430 846 490 POMPONll
880 432 1041 490 MELAB

306 617 367 689 4ο.
383 615 443 687 41.
458 615 519 688 42.
544 607 577 668 in
599 605 715 688 quibua
731 605 878 668 emillnm
895 607 938 669 all
954 605 1094 668 diximus
1106 597 1184 697 seer.
1218 606 1279 668 Ex
1293 607 1350 678 iir,·

305 709 497 774 Reinulrliua
512 722 544 772 et
560 709 628 790 poll
641 719 701 788 44.
719 729 793 770 cum
809 709 895 769 aliia:
920 709 977 770 Ex
993 699 1115 800 insulis.
1142 727 1346 770 raacuvcnu.

305 813 396 874 Exin
412 811 629 872 Scandinuuiu
644 811 687 872 est
703 831 776 872 vera
795 811 902 880 lectio,
932 823 964 871 et
977 810 1018 870 lic
1035 807 1099 870 lere
1116 809 1194 870 libri
1210 824 1345 880 vererer,

303 913 362 976 nili
384 913 468 994 quod
492 914 525 972 in
546 912 734 994 quibusdam
756 913 880 996 legatur
898 925 929 973 et
949 913 1024 974 lriuc
1044 910 1284 982 Candurrovia,
1316 913 1344 972 iu

303 1015 372 1076 aliia
393 1035 433 1075 ex
455 1015 506 1076 ln's
523 1013 752 1082 Candanovia,
778 1015 865 1075 unde
884 1011 1037 1085 lacimua;
1061 1013 1152 1074 Exin
1171 1013 1345 1075 Scandira·

302 1118 366 1178 uia.
404 1135 534 1176 voserve
558 1117 590 1176 in
618 1116 791 1196 appendice
812 1115 858 1176 ml
879 1117 911 1178 h.
935 1116 958 1180 l.
1016 1115 1208 1178 Ridiculum
1234 1129 1272 1177 et
1300 1137 1344 1177 ra·

301 1239 384 1280 num
404 1217 433 1279 le
453 1217 617 1298 praebuit,
643 1215 809 1302 [Cuperne
830 1238 875 1280 cc.
894 1211 948 1304 ll.]
980 1219 1036 1298 qui
1065 1219 1255 1298 nuperrime
1286 1216 1344 1300 ipe·

302 1317 384 1381 ciola
417 1321 598 1382 coniectura
632 1333 664 1380 et
696 1321 847 1380 lectorem
883 1335 915 1380 et
951 1319 1070 1380 Melam
1109 1319 1344 1380 circumvenire

302 1421 420 1484 voluit.
473 1423 596 1482 Iudicat
617 1439 675 1502 pro
695 1443 735 1481 ex
752 1423 792 1480 iis
815 1419 1016 1506 scribendum
1037 1441 1077 1480 ex
1097 1410 1232 1509 iusnlr‘r3
1260 1418 1345 1482 facilc

301 1524 334 1584 id
352 1524 419 1584 lieri
435 1522 586 1604 potuille,
613 1525 683 1602 quia
707 1523 826 1584 librarii
841 1543 937 1584 voces
954 1519 1020 1584 iere
1040 1539 1154 1582 umnec
1176 1521 1343 1583 contrahe·

299 1623 388 1686 baut.
431 1623 500 1686 Nec
517 1623 596 1693 latia,
622 1623 672 1686 led
691 1623 796 1685 addit:
822 1625 1021 1686 sacrararum
1043 1625 1096 1684 vel
1118 1617 1181 1694 ὦ,
1209 1625 1264 1684 vel
1287 1628 1344 1716 ‘'sl'’

299 1729 354 1790 vel
371 1729 427 1790 alia
441 1729 549 1789 similis
565 1726 721 1788 scribendi
736 1730 815 1790 ratio
830 1727 890 1789 fuit
909 1728 1067 1797 adhibila,
1094 1725 1185 1788 facile
1201 1727 1235 1786 iu
1252 1728 1344 1807 parri·

300 1831 404 1894 culam
426 1833 467 1890 iis
485 1831 674 1915 degenerare
694 1833 811 1910 potuit.
856 1831 910 1892 Sic
929 1849 1047 1912 nempe
1064 1843 1096 1889 at
1110 1829 1234 1890 caelum
1252 1827 1342 1889 facile

299 1931 401 2013 purast
417 1951 520 1993 ruere.
572 1933 635 1994 Sed
659 1931 798 2002 observa,
822 1931 947 2002 Lector,
970 1951 1030 1992 nec
1049 1933 1083 1990 in
1100 1932 1203 2012 capite
1220 1931 1339 1990 ultimo

297 2033 426 2095 fecundi
451 2033 541 2102 libri,
581 2052 641 2094 uec
666 2033 728 2094 hoc
753 2033 872 2113 capite,
908 2053 1026 2094 vocem
1052 2033 1084 2092 in
1109 2052 1124 2093 a
1152 2031 1337 2112 Pomponio

296 2133 454 2216 usurpari.
488 2153 583 2214 quam
609 2134 664 2193 diu
688 2135 803 2215 aliquae
826 2153 937 2194 earum
959 2147 1124 2205 numerar;
1167 2134 1339 2194 uenirem

295 2235 381 2298 alibi.
435 2235 508 2296 Hoc
528 2247 654 2294 tautum
676 2237 777 2318 capite
794 2233 893 2305 infra,
920 2236 976 2296 ubi
995 2236 1112 2317 aliquid
1132 2235 1290 2318 [iugulare
1306 2236 1338 2294 iu

295 2336 475 2400 Sarmaticis
501 2337 677 2420 contingit,
711 2357 770 2399 uec
796 2340 898 2399 vitare
923 2339 1048 2419 potuit,
1082 2335 1219 2419 lcriplir:
1257 2336 1338 2396 alius

296 2431 416 2530 insulae
432 2437 596 2509 videntur,
623 2438 705 2498 nlius
720 2460 786 2498 nrm
802 2451 833 2500 et
851 2441 1014 2500 continens
1028 2452 1121 2500 terra.
1166 2439 1208 2498 Vt
1230 2437 1336 2521 negari

296 2555 449 2622 nequeat,
475 2541 551 2622 quin
569 2541 594 2600 ie
614 2542 745 2622 genium
763 2539 920 2622 scripturis
935 2557 1004 2602 non
1029 2540 1159 2622 ceperit.
1204 2559 1230 2600 r.
1256 2557 1335 2599 ‹ruu-

297 2663 437 2708 uovrva.
489 2641 551 2702 sex
566 2643 661 2722 periit
682 2657 812 2725 propter
828 2642 932 2704 literae
948 2643 1075 2704 easdem
1093 2640 1279 2721 sequenter,
1304 2653 1335 2698 et

294 2748 405 2827 urique
423 2745 461 2816 in
478 2743 593 2824 plurali
607 2763 743 2806 numero
760 2745 904 2806 locutum
920 2741 980 2806 effe
996 2757 1177 2812 auctorem,
1205 2743 1334 2823 adparet

295 2868 334 2910 ex
357 2867 414 2916 eo,
443 2847 529 2927 quod
554 2845 649 2904 dicit:
676 2845 732 2905 Ex
753 2846 805 2907 iis.
844 2864 868 2905 1.
895 2863 1089 2906 cuouovrre
1107 2844 1184 2906 MS.
1242 2845 1332 2926 Quae

294 2952 328 3010 in
347 2949 404 3009 hac
425 2948 561 3008 lectione
583 2947 752 3006 videantur
772 2945 832 3007 elle
853 2944 903 3007 lex
918 2947 989 3008 illae
1013 2946 1146 3015 insulae,
1176 2946 1332 3005 indicavit

292 3047 475 3114 Ancharlen
497 3050 531 3107 in
559 3047 639 3108 valle
662 3049 802 3108 Herthae
829 3050 915 3108 Deae
944 3049 1016 3126 (vel
1036 3051 1071 3108 in
1094 3047 1221 3130 Origin.
1248 3049 1328 3107 Dan.

292 3153 331 3216 P.
355 3151 405 3226 r.)
428 3171 459 3230 p.
484 3151 563 3224 176.
615 3148 742 3230 Nempe
775 3147 807 3231 r)
832 3147 1031 3218 Codanunia,
1053 3147 1075 3211 l.
1092 3149 1191 3210 hodie
1208 3147 1328 3208 Sinian-

292 3251 366 3320 δία,
402 3250 441 3331 2)
465 3250 595 3320 Fioniu,
625 3249 660 3331 3)
683 3249 873 3321 Jullandiu,
909 3245 949 3334 4)
969 3248 1126 3342 Falstria,
1155 3248 1192 3331 5)
1214 3251 1327 3317 Murra,

293 3352 330 3438 6)
348 3349 584 3431 langelandia,
611 3351 664 3412 vel
686 3350 769 3413 forte
788 3353 974 3413 ultimarum
992 3353 1127 3412 duarum
1146 3352 1220 3413 loco
1243 3347 1328 3439 Alfia

291 3470 323 3520 et
342 3454 462 3516 Fimria
486 3451 527 3512 ob
550 3453 676 3536 augusta
697 3455 767 3522 illa,
800 3453 916 3534 quibua
938 3475 954 3514 a
973 3455 1153 3515 continenti
1174 3455 1328 3513 dirimun-

291 3571 359 3626 tur,
387 3554 479 3624 freta,
507 3575 585 3634 quae
601 3569 632 3634 5,
652 3569 684 3633 5.
701 3553 723 3617 f.
749 3556 883 3618 innuere
905 3557 1042 3618 videtur.
1083 3555 1177 3616 Forte
1198 3555 1327 3614 adiuvet

289 3661 430 3727 Plinius,
465 3654 484 3714 fi
509 3653 647 3718 conferas
664 3666 698 3734 4,
720 3675 777 3733 u7.
796 3655 817 3720 l.
839 3672 894 3735 13.
922 3673 955 3718 ct
976 3671 1033 3736 50.
1051 3655 1071 3720 l.
1095 3657 1148 3718 ιθ.
1177 3669 1210 3716 et
1235 3658 1326 3718 Scan·

290 3739 451 3822 rlirlaviam
468 3777 483 3816 a
501 3759 631 3818 Scanrlia
651 3757 804 3819 diversam
818 3772 922 3840 putes.
973 3761 1060 3820 Tum
1077 3777 1153 3819 varo
1176 3756 1228 3818 lex
1249 3761 1326 3818 item

290 3872 585 3924 commemorantur
615 3857 646 3944 r)
671 3861 896 3928 Scandinovr'a,
933 3857 969 3946 2)
989 3861 1141 3940 Eningr'a,
1171 3857 1208 3939 5)
1232 3860 1327 3919 Scau·

290 3963 363 4034 dia,
397 3959 434 4044 4)
457 3959 609 4032 Dumna,
643 3957 679 4044 5)
701 3962 820 4042 Bargus
841 3976 874 4022 et
897 3961 935 4045 6)
956 3961 1105 4042 Nerigor.
1158 3962 1326 4022 Cluverius
1405 3955 1406 3960 ἵ

290 4069 324 4127 iu
343 4064 450 4126 Germ.
467 4075 531 4124 ant.
550 4077 583 4142 3,
600 4073 634 4142 4.
661 4067 830 4125 coniuncte
846 4063 924 4124 haec
941 4063 1021 4146 legit
1040 4064 1096 4124 fic:
1131 4063 1255 4141 Septem
1271 4065 1325 4124 Ae·

290 4165 404 4230 modae
428 4173 542 4226 contra
567 4165 767 4228 Germaniam
788 4177 957 4248 provectae
978 4165 1011 4226 in
1036 4163 1090 4226 illc
1103 4160 1183 4258 sum
1206 4185 1261 4248 qu.
1286 4161 1322 4224 C.
1405 4211 1406 4218 1
