2794 4954
728 107 736 138 Ι

390 375 794 445 numero„
1092 396 1114 456 9

93 571 142 636 que
153 551 306 615 vadianus
318 549 431 614 reiecit
445 551 514 634 post
535 551 710 632 pertinent,
736 571 836 634 quem
852 549 974 615 secutur
988 551 1032 613 est
1048 549 1116 614 Oli·

93 657 190 726 reriur,
208 655 341 736 repetite
355 667 388 715 er
403 654 455 716 hic
471 655 523 716 ed.
542 669 600 732 24.
620 667 752 735 uterque
768 674 841 716 curn
859 651 929 751 ipio.
961 654 1115 718 Eundem

95 759 223 820 ordinem
245 768 420 818 tenuerunt
442 756 587 824 Vinetur,
612 755 773 826 Schottue,
798 751 932 826 Vossius,
957 755 1031 848 edd.
1052 765 1114 834 4ο.

94 869 143 936 4ι.
164 873 220 939 42.
273 859 342 941 Qui
360 857 424 918 hoc
444 849 602 926 iecerunt,
635 855 835 942 distinguunt
856 858 926 939 post
946 857 1116 938 pertinent,
1240 895 1245 904 ι

94 963 218 1022 ιιιιιίιιιο
239 962 340 1020 etiam
355 959 451 1040 aliqui
473 958 562 1042 signo
577 958 735 1038 adposrro;
770 959 825 1038 qui
844 959 943 1027 aliter,
967 972 1004 1018 ut
1026 959 1115 1031 olim,

94 1061 151 1143 post
168 1063 313 1141 proxima
336 1074 370 1122 et
389 1061 557 1142 pertinent.
615 1060 823 1122 Recentiores
848 1075 1019 1142 praeeunte
1041 1062 1116 1122 liei·

93 1163 190 1224 uoldio
203 1177 234 1224 et
249 1163 425 1224 lectionem
440 1175 473 1222 et
489 1161 736 1232 distinctionem,
763 1181 842 1242 quoe
857 1175 891 1223 et
906 1181 965 1246 ego
980 1163 1116 1236 reddidi,

94 1265 239 1326 exhibent.
300 1263 383 1344 Apte
408 1263 447 1322 ad
475 1261 598 1324 sensum
624 1277 658 1324 et
688 1265 872 1325 commode.
932 1264 1029 1346 Quod
1056 1284 1117 1346 pro

94 1367 160 1426 enim
180 1366 216 1428 A.
247 1351 438 1426 Gronoviue
469 1383 508 1424 ex
542 1363 624 1426 Cori.
661 1363 748 1427 Gud.
782 1364 898 1424 adtulit
930 1366 959 1424 ei
989 1369 1118 1430 erravit.

93 1465 163 1525 Nem
179 1465 263 1548 [repe
286 1466 406 1527 eodem
430 1461 585 1526 scribendi
601 1466 806 1546 compendio,
835 1486 899 1547 quo
916 1465 980 1536 hie,
1006 1468 1119 1530 vocula

93 1568 161 1626 enirn
182 1568 385 1650 exprimitur.
440 1567 582 1628 Verbum
604 1566 765 1628 Cedentes
785 1587 860 1628 cum
882 1568 1009 1628 minore
1029 1569 1118 1631 litera

93 1664 230 1748 scriptum
268 1667 487 1750 superioribus
527 1668 752 1750 applicandum
792 1667 896 1730 censet
938 1668 1119 1734 Pintinnue.

93 1767 207 1852 Nempe
226 1770 383 1852 posterius
403 1771 534 1830 monuit
549 1770 591 1832 ob
608 1789 737 1850 pravam
753 1769 821 1850 post
838 1789 954 1830 vocem
967 1773 1120 1849 proximo

93 1863 329 1941 disrir'rctionem,
364 1891 461 1951 «poam
483 1871 517 1930 in
542 1868 595 1933 suo
618 1871 789 1954 exemplari
812 1872 998 1946 iuverrerat;
1031 1875 1120 1957 prius

93 1991 140 2034 our
159 1974 245 2046 velit,
279 1993 352 2036 non
375 1969 447 2036 satio
466 1974 567 2055 cepio.

155 2168 348 2268 assidue)
400 2177 552 2240 Verior.
576 2176 702 2238 videtur
727 2175 868 2240 habuisse
893 2169 1035 2268 affinium·
1058 2177 1120 2260 ,alit

94 2271 202 2367 effodite,
229 2282 278 2340 uti
303 2279 477 2348 editiones,
502 2281 678 2360 praeterii.
703 2294 737 2350 7.
755 2292 789 2357 8.
816 2295 871 2344 ιο.
899 2291 954 2354 15.
978 2292 1032 2352 17.
1059 2294 1119 2341 20.

96 2394 145 2456 23.
174 2382 206 2440 in
225 2381 345 2462 quibus
364 2375 504 2471 affrduo,
538 2395 571 2442 et
592 2379 778 2462 posteriores
802 2381 952 2462 quasdam
967 2379 1122 2442 Vedianas

95 2497 158 2538 rum
190 2495 246 2560 5ο.
284 2495 346 2560 52.
382 2496 441 2560 57.
476 2484 509 2542 in
536 2483 653 2563 quibue
686 2467 844 2571 affinium
886 2482 994 2542 minus
1026 2481 1120 2544 berre.

93 2575 204 2668 Affiduo
231 2597 344 2646 autem
375 2595 408 2644 et
433 2577 552 2674 affidue
580 2581 762 2665 promiscuo
787 2581 849 2644 usu
875 2584 1051 2652 variantur,
1085 2595 1123 2642 ut

93 2684 222 2756 proximo
242 2698 276 2744 et
297 2685 445 2764 proxime
466 2701 496 2754 o,
514 2697 548 2763 5,
566 2699 598 2764 5.
651 2686 705 2748 sic
725 2683 888 2744 commodo
910 2696 943 2744 et
961 2681 1123 2744 commotio

92 2781 153 2843 libri
170 2786 202 2846 in
217 2785 286 2848 Cic.
303 2785 347 2847 ad
368 2783 483 2846 divers.
506 2808 537 2858 r,
557 2807 586 2858 r,
605 2799 639 2861 7.
673 2785 768 2848 l'iurn
784 2783 865 2847 inim
879 2785 918 2846 ad
935 2799 969 2856 2,
990 2797 1021 2864 5,
1039 2797 1072 2865 5.

158 2978 318 3078 eifum)
367 2988 420 3050 sic
449 3008 490 3050 ro
510 2987 593 3052 Cdd.
620 2986 655 3050 A.
680 2987 840 3049 Gronovii
863 2988 990 3068 meique
1010 3007 1124 3052 omne·

94 3095 122 3144 et
135 3087 201 3151 edd.
217 3105 292 3151 ente
309 3085 465 3162 Voffium‚
489 3091 544 3172 qui
565 3087 670 3172 posuit
680 3079 799 3178 nisum,
825 3087 1028 3171 sequentibue
1044 3089 1124 3151 Gro-

94 3190 189 3250 noriio
209 3205 240 3251 et
262 3192 395 3274 Kappio
418 3191 451 3250 in
478 3191 576 3273 priori
603 3191 758 3252 editione.
819 3191 1009 3252 Reinoldiue
1027 3185 1125 3252 revo-
1249 3209 1254 3218 ’

94 3290 167 3349 cnrit
182 3283 294 3381 visum,
323 3309 422 3372 quem
440 3289 560 3354 secutus
577 3291 619 3355 est
637 3293 671 3352 in
686 3292 851 3374 posteriori
866 3293 1021 3374 Kappiu‘r.
1059 3291 1126 3354 No·

94 3391 313 3475 rimbergeusre,
350 3392 371 3450 sr
395 3395 475 3454 tanti
498 3393 541 3455 est
562 3412 824 3462 commemorare,
851 3393 990 3478 ¹retinuit
1011 3383 1124 3483 nisum.

94 3507 285 3555 necavere.
353 3485 467 3585 Visum
495 3495 595 3579 magis
615 3497 768 3556 convenit
795 3515 869 3556 cum
891 3495 998 3556 verbio
1027 3495 1126 3557 Hero·

95 3590 154 3652 dori
172 3597 226 3657 iib.
241 3619 278 3672 4.
299 3614 328 3658 c.
349 3609 384 3670 7.
418 3589 472 3656 Ti
493 3591 526 3658 δὲ
547 3585 741 3683 καθύπερθε
760 3592 840 3683 πρός
855 3592 971 3682 βορέην
993 3587 1134 3679 λέγουσι

97 3684 202 3780 ιῖιεμον
222 3698 290 3759 τῶν
326 3685 508 3783 ὑπεροίκων
534 3698 591 3782 τῆς
614 3692 730 3784 χώρης
757 3688 818 3760 οὐκ
840 3690 895 3760 oiri
918 3719 955 3761 re
976 3687 1057 3760 εἶναι
1079 3692 1127 3760 ἔτι

97 3797 275 3886 προσωτέρω
317 3789 397 3862 οὔτε
431 3793 528 3884 ὀρςῐν,
570 3789 647 3862 οὔτε
688 3786 853 3869 διεξιέναι.
897 3786 960 3861 ὑπὸ
1000 3796 1127 3881 πτερῶν

96 3897 289 3986 κεχυμένων·
328 3899 459 3986 πτερῶν
479 3893 543 3987 γὰρ
567 3893 621 3961 noi
639 3893 698 3984 rip
720 3893 852 3984 γῆνκαὶ
874 3892 931 3962 riu
952 3895 1029 3985 ἠέρα
1046 3889 1128 3962 εἶναι
1250 3927 1254 3932 ·

97 3995 198 4070 πλέον.
239 3995 295 4064 καὶ
329 3998 443 4066 ταῦτα
482 3991 563 4064 εἶναι
594 3994 638 4062 τὰ
672 3990 900 4087 ἁποκληΐοντα
937 3995 997 4086 rip
1031 3991 1125 4086 ὄψιν.

99 4119 126 4163 ι.
144 4121 349 4168 ououorrre.
414 4102 495 4165 Eius
516 4113 644 4174 notam,
672 4116 710 4163 ut
727 4103 790 4166 hoc
811 4101 948 4166 verbum
974 4114 1127 4174 tueretur,
