2814 4946
300 441 363 526 5⁷⁶
611 443 855 504 rourouu
889 443 1049 500 ustas

302 639 377 682 curn
392 616 523 682 Heinlio
541 629 573 680 et
588 617 854 682 Drakenborchio
869 616 992 680 Ernesti
1008 629 1041 678 et
1053 615 1189 700 Ruperti
1205 615 1240 679 in
1257 615 1342 680 Silio

305 731 363 800 14,
389 731 470 800 904.
502 739 561 802 pru
586 720 684 802 priori
712 720 899 798 Carturipe.
938 720 1026 802 quod
1057 720 1184 781 licentia
1211 721 1345 802 poetica

302 837 410 886 tuetur
425 821 596 884 Cluverius
617 823 651 882 in
668 823 773 884 Sicilia
796 833 860 884 ant.
878 839 909 892 2.
927 818 960 886 6.
981 841 1013 902 p.
1031 834 1116 899 3ο9.
1169 821 1263 882 Idem
1285 821 1344 882 ad-

302 923 365 986 lert
384 943 423 986 ex
446 923 602 986 Antonini
626 923 731 986 itiner.
751 943 784 1005 p.
801 937 860 1004 93.
879 920 1001 984 Wellel.
1029 908 1216 1001 Centuripas.
1240 936 1275 984 et
1298 940 1344 984 ex

302 1025 368 1090 tab.
391 1024 576 1110 Psutinger.
595 1025 630 1088 6.
649 1025 688 1087 E.
713 1024 927 1104 Centurippa.
960 1043 1039 1106 ipsae
1062 1021 1216 1084 feminina
1234 1036 1343 1104 putat.

306 1127 479 1206 Centoripa
497 1138 603 1187 tamen
619 1139 733 1186 neutro
749 1126 861 1207 plurali
878 1125 991 1187 melius
1008 1122 1121 1194 censet.
1143 1143 1238 1206 quam
1260 1123 1343 1186 Cerr-

305 1230 415 1308 turipa
429 1228 632 1288 Burmannus
647 1228 685 1288 sd
700 1227 850 1288 Dorvillii
864 1227 968 1290 Sicula
983 1247 1015 1308 p.
1029 1236 1115 1306 437.
1148 1226 1344 1306 Centuripae

205 1339 210 1346 '
303 1327 440 1414 praefert
462 1329 621 1412 Rogerius
642 1328 681 1388 ad
704 1327 805 1392 Cicer.
826 1329 860 1390 in
882 1329 1003 1390 Verrin.
1022 1341 1054 1406 3,
1078 1329 1112 1390 6.
1163 1325 1216 1390 cf.
1239 1329 1343 1388 etiam

303 1430 406 1494 Walle
424 1429 462 1490 ad
477 1430 625 1509 Thucyd.
643 1449 670 1492 c.
687 1429 708 1490 l.
756 1427 792 1492 U
807 1441 914 1492 tamen
936 1426 1116 1512 praeferunt
1133 1430 1255 1499 Latini.
1283 1429 1342 1489 etfi

303 1533 338 1594 in
361 1551 494 1594 numero
517 1529 729 1593 consentiunt.
769 1530 820 1592 Sic
844 1529 929 1594 Plin.
957 1545 1013 1610 51.
1036 1539 1096 1612 41.
1119 1528 1141 1594 l.
1159 1546 1193 1602 7.
1221 1531 1344 1590 (irritu-

304 1635 394 1712 ripis.
417 1631 600 1696 Scribonius
616 1631 733 1716 Largus
751 1651 816 1713 cap.
834 1641 894 1712 45.
916 1631 1115 1712 Centuripas.
1151 1631 1217 1693 Soli
1240 1633 1341 1714 igitur

303 1733 410 1797 Melae
441 1733 646 1814 relinquenda
680 1727 724 1794 alt
757 1731 808 1793 lua
845 1733 1039 1794 terminatio.
1104 1734 1252 1813 Denique
1280 1751 1340 1813 pro

303 1833 412 1917 Hybla
433 1831 518 1914 Lipl.
541 1831 624 1906 itta.-
657 1832 802 1897 Vindob.
825 1830 920 1905 biota
954 1833 1038 1896 (iud.
1058 1831 1240 1917 Prag.cum
1265 1835 1340 1894 edd.

307 1956 339 2001 1.
360 1947 469 2016 9.15.
492 1950 546 2010 ¹7·
566 1951 625 1998 9ο.
645 1949 703 2014 93.
724 1932 832 2008 tibias
856 1935 928 1996 edd.
948 1949 980 2007 7.
999 1946 1032 2012 8.
1055 1931 1155 2006 bibla;
1182 1935 1214 1996 6.
1234 1931 1340 2015 hybla.

303 2038 337 2098 in
357 2057 419 2116 qna
434 2037 560 2118 antiqua
577 2055 689 2096 manus
705 2047 881 2097 correxerat
897 2032 1020 2117 Hybla.
1050 2037 1140 2115 quod
1161 2035 1260 2098 habet
1281 2055 1339 2100 ιο.

303 2150 336 2200 et
357 2139 443 2200 aliae.
497 2139 536 2200 ln
559 2135 762 2220 sequentibus
784 2132 1073 2200 vindemiabant.

377 2339 524 2422 Enna)
573 2339 759 2403 vindobon.
783 2337 876 2425 Prag.
903 2341 1075 2424 Rehdiger.
1100 2339 1182 2421 Lipl.
1204 2339 1343 2414 Erana,-

211 2487 217 2498 .
302 2439 412 2506 Cilrin.
438 2441 555 2514 ehtua3
595 2441 681 2505 Gud.
705 2446 763 2520 (ex
792 2463 857 2524 quo
884 2442 920 2504 Δ.
950 2443 1095 2505 Gronov.
1128 2439 1202 2503 fallu
1234 2443 1342 2504 adfert

301 2543 451 2620 estinan)
485 2539 616 2632 athesim
667 2543 749 2606 voli.
779 2562 809 2607 t.
839 2543 968 2616 Chona3
1018 2543 1099 2606 Vols.
1127 2559 1159 2620 3.
1186 2543 1342 2616 Elicerem·

302 2645 403 2706 Vatis.
426 2665 454 2706 1.
477 2644 612 2716 Herum
645 2645 759 2726 reliqui
779 2645 879 2706 Eunu
902 2659 1025 2725 praeter
1048 2647 1160 2706 Venet.
1182 2657 1214 2705 et
1231 2647 1340 2708 Havn.

302 2749 358 2828 qui
378 2752 482 2808 Aetna
502 2745 604 2806 tulillo
623 2745 786 2808 videntur.
843 2745 928 2807 Edd.
957 2767 987 2810 1.
1009 2761 1042 2808 9.
1067 2759 1099 2824 3.
1124 2759 1158 2826 [p.
1185 2759 1218 2822 5.
1241 2749 1276 2810 6.
1305 2763 1339 2822 7.

303 2861 337 2926 3.
356 2865 391 2927 9.
413 2865 470 2910 ro.
496 2866 550 2910 ιι.
574 2861 630 2910 ι9.
653 2861 704 2926 ι3.
727 2857 782 2926 14.
806 2858 861 2924 15.
883 2861 939 2922 17.
961 2859 1015 2924 13.
1036 2864 1092 2908 9ο.
1118 2863 1175 2910 9ι.
1194 2862 1251 2924 93.
1278 2861 1341 2926 98.

301 2951 415 3018 Aetna.
441 2949 489 3008 uti
507 2949 540 3010 in
555 2950 655 3030 prima
672 2949 813 3009 editione
836 2947 1005 3010 vadianus.
1040 2946 1114 3008 Post
1135 2949 1181 3024 (in
1199 2949 1249 3009 ed.
1265 2953 1340 3027 22.)

302 3047 442 3130 reposuit
457 3049 572 3118 Enna.
607 3051 692 3130 quod
715 3049 874 3112 Olivariue
891 3062 924 3110 et
947 3049 1043 3110 ceteri
1063 3051 1159 3109 etiam
1184 3049 1340 3112 exhibue-

301 3165 387 3212 runt.
446 3151 606 3212 Solemnis
638 3148 681 3210 est
707 3150 802 3212 huius
833 3151 975 3218 nominis
1011 3149 1210 3231 depravatio,
1245 3154 1340 3214 sirius

302 3250 446 3332 exempla
473 3251 610 3332 plurima
633 3249 754 3312 dabunt
778 3251 948 3314 Cluverius
970 3255 1003 3310 iu
1027 3251 1131 3312 Sicilia
1157 3265 1220 3313 snt.
1246 3267 1277 3322 2.
1302 3269 1339 3328 7.

302 3349 463 3412 Drakenb.
485 3353 523 3412 ad
544 3353 601 3414 Sil.
624 3351 692 3413 ltal.
716 3373 742 3421 a.
764 3366 823 3430 93.
851 3365 883 3412 et
897 3353 968 3414 Liv.
987 3359 1045 3430 94,
1067 3366 1123 3426 97.
1138 3353 1183 3413 iu.
1211 3351 1337 3417 Duker.

296 3449 340 3511 'ad
360 3453 442 3514 Flor.
464 3465 495 3530 3,
516 3465 623 3531 19.g.
658 3453 867 3534 Oudendorp.
885 3453 924 3512 ad
947 3453 1091 3514 Frontin.
1108 3463 1142 3532 4.
1163 3467 1196 3526 7.
1217 3471 1273 3516 99.
1304 3467 1339 3516 et

301 3553 419 3614 Lucan.
440 3553 472 3622 6.
497 3564 581 3631 740.
621 3553 767 3615 Heinsius
789 3555 827 3614 ad
844 3551 1006 3616 Claudian.
1028 3553 1067 3614 de
1082 3567 1173 3633 raptu
1191 3553 1334 3637 Prolerp.

307 3673 336 3724 r.
366 3670 445 3718 ι99.
477 3653 648 3733 Spanhem.
671 3656 708 3716 ad
726 3655 908 3717 Callinsach.
927 3655 962 3713 in
979 3655 1052 3715 Cer.
1071 3675 1104 3715 v.
1124 3664 1178 3728 15.
1213 3655 1336 3718 Grono-

301 3756 373 3816 vius
396 3755 430 3814 in
451 3755 585 3817 diatribe
610 3758 643 3816 in
664 3755 741 3818 Stat.
763 3775 830 3836 cap.
855 3768 913 3834 59.
944 3777 976 3836 p.
1003 3755 1086 3832 336.
1125 3753 1275 3818 Garaton.
1297 3757 1335 3818 ad

302 3855 405 3918 Cicer.
423 3857 510 3918 Verr.
535 3871 567 3933 3,
600 3870 654 3933 13.
688 3870 720 3914 et
742 3877 820 3936 quos
841 3857 983 3925 laudant.
1013 3855 1128 3936 quibus
1150 3855 1228 3916 alios
1247 3860 1335 3918 addit

300 3957 452 4020 Arutzen.
467 3957 506 4017 ad
523 3957 629 4020 Aurei.
647 3957 764 4019 Victor.
781 3959 821 4018 de
837 3957 874 4018 V.
889 3959 914 4018 l.
928 3977 995 4038 cap.
1013 3969 1071 4034 39.
1088 3957 1132 4015 in.
1167 3957 1232 4016 Etli
1247 3963 1335 4020 euim

300 4060 404 4120 Aetna
427 4057 501 4118 urbs
520 4053 631 4138 passun
653 4060 748 4118 etiarn
774 4073 1054 4128 commemoratur.
1081 4076 1149 4116 uon
1172 4069 1337 4122 tamense

300 4156 364 4220 fuit
384 4159 581 4232 celebritate.
609 4171 645 4220 ut
666 4161 700 4220 in
728 4161 834 4242 paucis
855 4159 1005 4243 distingui
1025 4158 1181 4242 potuerit,
1209 4175 1241 4220 et
1257 4181 1337 4244 quae
