2814 4946
299 423 360 490 570
595 408 837 468 POMPONII
883 409 1049 466 MELAE

300 579 463 667 ponderis.
492 601 693 646 murmura.
735 577 908 666 Catinam)
957 581 1102 644 Haecell
1117 579 1333 644 vetualectio.

301 683 377 746 Non
391 699 476 746 recte
495 685 657 746 Coronam
674 681 783 767 pallam
801 687 929 767 reponit
945 685 1125 752 Cluverius,
1154 679 1207 770 [in
1228 681 1336 745 Sicilia

301 799 365 848 ant.
392 771 475 864 r,'9.
498 807 530 868 p.
555 789 622 850 116
642 782 702 874 sq.]
733 802 892 868 tamquam
914 785 933 844 s1
958 787 1090 848 alterum
1117 805 1226 845 recena
1250 781 1335 852 esset,

300 903 374 948 cum
391 899 497 948 tamen
519 889 553 948 in
568 885 787 969 antiquissimis
806 890 902 950 etiarn
918 887 1100 948 auctoribus
1122 887 1163 946 ita
1185 883 1337 964 scriptum

300 987 387 1049 urbia
410 989 503 1050 buius
523 1009 644 1052 nomen
663 991 846 1072 reperiatur.
897 991 949 1052 Sic
965 988 1067 1050 solent
1084 988 1192 1048 Latini
1211 987 1337 1047 vocales

299 1088 368 1151 illae
386 1103 583 1172 permutare,
610 1085 754 1176 τρυτάνη
777 1091 910 1160 trutina,
938 1085 1069 1172 πατάνη
1090 1091 1213 1171 patina,
1245 1087 1340 1148 Mon·

299 1186 401 1254 oudin
424 1185 572 1263 Maffilia,
601 1189 810 1277 Μασανίσσης
833 1191 1002 1262 lllasmissa,
1037 1183 1256 1276 Μιθραδάτης
1278 1189 1339 1248 llll·

299 1291 451 1354 thridatec
467 1307 498 1354 et
516 1292 656 1356 sexcenta
671 1295 739 1358 alia.
764 1313 908 1358 vosarve.
948 1293 1059 1354 Graeci
1074 1293 1206 1373 quidem
1223 1309 1337 1352 omnes

301 1394 397 1456 huius
419 1393 506 1456 urbia
524 1415 645 1458 nomen
667 1417 723 1477 per
746 1417 766 1458 o
792 1394 941 1458 scribunt.
994 1395 1093 1478 Quod
1116 1413 1154 1455 ex
1174 1393 1336 1474 Procopio

301 1497 341 1560 de
359 1496 396 1557 B.
415 1495 516 1558 Goth.
539 1519 565 1568 r,
583 1511 616 1574 5.
652 1496 810 1584 Koraiuuu
833 1496 953 1580 profert
969 1495 1139 1560 Cluverius
1155 1515 1182 1556 c.
1199 1495 1223 1554 l.
1251 1495 1336 1555 Hoc·

301 1595 408 1658 schelii
424 1597 520 1658 habet
537 1599 637 1661 editio
660 1621 691 1682 p.
716 1615 794 1672 172.
818 1613 850 1660 et
872 1598 939 1680 post
958 1597 1110 1658 adhibitio
1125 1597 1213 1657 libris
1235 1611 1337 1656 muta·

300 1713 370 1760 tum
388 1697 479 1760 edin
497 1695 669 1786 Κατάνην,
695 1701 783 1782 quod
801 1699 914 1782 etipse
932 1701 984 1760 dat
1002 1697 1210 1760 Hoescbeliua
1228 1697 1286 1758 lib.
1304 1711 1335 1774 3.

301 1819 366 1882 cap.
389 1819 449 1877 oo.
484 1817 568 1864 recte
602 1805 697 1864 eriam
731 1803 769 1864 ad
806 1800 1004 1884 prosodicam
1041 1803 1217 1870 rationem,
1258 1817 1337 1879 quae

299 1901 512 1982 penultimam
544 1907 659 1987 corripi
684 1903 786 1966 docet.
844 1901 967 1965 Adsunt
990 1904 1086 1964 etiam
1112 1903 1204 1962 numi
1232 1901 1336 1971 multi,

299 2003 416 2082 quibua
434 2025 454 2063 a
473 2003 637 2076 llabilitur,
663 2006 709 2064 uri
724 2007 840 2066 docent
856 2003 975 2066 llasche
993 2006 1026 2064 iu
1044 2006 1119 2066 Lex.
1136 2023 1227 2064 num.
1244 2003 1287 2064 Τ.
1306 2019 1334 2064 ι.

299 2103 336 2164 P.
358 2118 388 2165 2.
412 2124 445 2185 p.
462 2105 535 2182 436
555 2103 617 2186 sqq.
656 2119 688 2168 et
714 2105 837 2168 Ecldrel
860 2108 894 2166 in
923 2107 1065 2168 doctrina
1087 2123 1214 2166 numor.
1237 2103 1275 2166 P.
1307 2125 1335 2166 1.

300 2203 371 2264 Vol.
396 2223 426 2266 1.
450 2224 482 2286 p.
503 2224 570 2268 eoa
589 2205 630 2288 sq.
669 2205 718 2269 Cs.
739 2210 836 2270 etiam
853 2206 996 2289 opusculi
1017 2207 1050 2267 di
1070 2208 1174 2266 autori
1194 2205 1337 2267 Siciliani

299 2306 397 2366 Tom.
422 2315 475 2383 ¹4·
499 2327 531 2388 p.
553 2325 606 2372 12.
659 2311 745 2369 Tum
775 2307 937 2390 inscriptio
964 2309 997 2370 in
1024 2305 1136 2370 Museo
1163 2307 1337 2367 Veronensi

299 2427 332 2489 p.
356 2419 412 2486 32.
437 2408 623 2480 Koreoura<
642 2409 749 2472 habet.
802 2412 922 2473 Latinio
942 2423 1047 2472 tamen
1068 2410 1186 2492 placuit
1208 2423 1336 2470 mutare

299 2509 334 2567 in
352 2507 481 2578 Catina,
505 2511 560 2570 elli
575 2513 614 2572 de
628 2511 750 2574 Pinedo
766 2513 802 2573 ad
819 2511 1016 2594 Stephanum
1033 2533 1065 2594 p.
1084 2513 1167 2590 868.
1202 2509 1336 2571 Corano

299 2611 397 2670 etiam
418 2611 574 2682 admittit,
600 2614 649 2674 uti
665 2627 747 2675 certe
768 2615 800 2674 iu
819 2614 984 2674 lllluratorii
1008 2611 1085 2676 thes.
1109 2611 1199 2674 inser.
1218 2623 1280 2690 4ο,
1301 2625 1334 2690 3.

299 2711 424 2796 legitur,
448 2725 480 2774 et
497 2725 668 2795 utrumque
685 2729 806 2776 rectum
824 2713 1141 2778 censetBunemaun.
1157 2713 1195 2774 ad
1208 2715 1336 2774 Lactan-

300 2814 385 2874 tium
404 2830 435 2884 2,
453 2823 487 2895 lp,
510 2827 567 2892 28.
601 2815 657 2874 ubi
684 2816 875 2878 fluctuantur
901 2817 983 2878 libri.
1035 2819 1086 2878 Sic
1112 2815 1196 2897 apud
1224 2815 1335 2878 lulliu.

300 2927 335 2994 lp,
354 2929 386 2993 5,
402 2925 436 2996 ‘'l·
462 2917 518 2976 ubi
535 2914 709 2998 praefertur
724 2919 750 2988 ἰ,
777 2919 863 2999 quod
880 2931 912 2980 et
930 2915 1068 3000 reposuit
1091 2919 1134 2978 du
1153 2915 1277 2986 Fresne,
1302 2919 1334 2977 in

300 3017 456 3078 Lactantii
476 3018 546 3078 loco
563 3039 600 3078 ex
619 3019 708 3081 MSS.
734 3033 766 3080 et
782 3019 976 3082 aditionibus
996 3016 1236 3100 antiquissimis,
1262 3038 1335 3079 cum

299 3117 531 3180 llunemannua
547 3139 602 3200 per
619 3143 639 3180 o
653 3120 793 3184 dedisset.
847 3123 895 3182 lta
916 3124 997 3184 iuter
1016 3143 1037 3182 o
1054 3135 1086 3182 et
1107 3123 1119 3182 i
1138 3135 1243 3182 errant
1263 3119 1335 3178 libri

300 3219 333 3276 in
352 3217 507 3280 Frontino
527 3234 559 3298 3,
579 3223 612 3292 6,
629 3223 661 3285 6.
689 3223 847 3305 Eutropio
866 3241 897 3292 2,
920 3241 974 3308 19.
998 3237 1030 3286 et
1046 3225 1078 3283 in
1094 3223 1171 3284 aliia.
1207 3221 1334 3302 Nempe

298 3337 358 3379 nec
385 3319 553 3382 doctorum
579 3327 721 3385 virorum
749 3322 920 3386 sententiae
946 3327 980 3386 in
1010 3324 1158 3405 scriptura
1192 3323 1335 3383 nominis

299 3418 451 3483 conllant.
503 3417 551 3486 Tb
579 3426 590 3485 ἰ
617 3439 747 3486 tuentur
772 3427 925 3488 fimilibur
952 3427 1105 3508 exemplis
1133 3426 1166 3484 in
1200 3423 1337 3486 vocibue

298 3523 515 3602 Agrigentum,
539 3525 709 3596 Numidae,
729 3529 870 3610 aliisque,
897 3524 1038 3591 aVossro
1055 3527 1228 3610 productio,
1254 3525 1337 3587 moti

299 3623 465 3687 Salmasrua
480 3625 517 3684 ad
534 3627 680 3688 Solinum
697 3649 729 3698 c.
740 3641 773 3707 5.
792 3629 813 3692 s.
836 3651 891 3693 ιι.
911 3650 957 3691 m.
977 3641 1035 3706 78.
1068 3628 1280 3708 Oudendorp.
1299 3627 1339 3688 ad

300 3723 361 3787 lul.
388 3723 525 3807 Obsequ.
553 3749 579 3789 c.
604 3747 663 3808 9c.
699 3745 732 3792 et
756 3733 874 3796 Lucan.
901 3746 933 3811 3,
959 3743 1042 3812 808.
1091 3729 1277 3793 Berneccor.
1305 3742 1339 3790 et

301 3823 447 3888 Gronov.
472 3829 509 3889 ad
536 3830 643 3893 lustin.
663 3850 689 3891 c.
706 3833 727 3894 l.
762 3835 947 3896 Harduinue
966 3833 1004 3894 ad
1020 3831 1105 3896 Plin.
1124 3847 1156 3908 5,
1181 3841 1235 3911 ¹4·
1256 3830 1276 3892 s.
1302 3843 1336 3907 8.

300 3929 430 4010 aliique,
465 3950 545 4012 qnos
570 3948 727 3994 memorat
752 3935 840 3996 Vink
864 3937 898 3996 iu
931 3933 1177 3996 amoenitatibus
1201 3934 1340 3995 medicis

299 4051 332 4112 p.
356 4029 437 4108 246.
491 4035 609 4096 Contra
626 4034 769 4098 Cluverii
787 4035 972 4100 sententiam
992 4038 1209 4118 amplexantur
1225 4035 1338 4096 Delrio

302 4147 334 4194 et
344 4131 501 4199 Grallerua
516 4137 667 4201 adSolin.
682 4157 708 4202 c.
726 4139 748 4202 l.
776 4139 924 4224 Sylburg.
933 4140 972 4200 ad
981 4139 1116 4220 Eutrop.
1128 4153 1161 4210 a,
1175 4157 1190 4201 ι
1196 4157 1231 4216 9.
1241 4133 1264 4200 s.
1281 4156 1338 4200 ro.
