2810 4944
328 454 391 533 roo
625 453 869 514 ronronrr
913 453 1075 509 oreore

333 627 448 694 Strabo
476 637 531 708 14.
555 647 588 711 p.
612 648 657 691 m.
689 629 773 706 438.
798 627 819 691 i.
846 629 930 706 637.
978 625 1179 710 Agathemer.
1210 643 1239 694 r,
1264 629 1296 698 5.
1329 634 1357 688 o,

339 747 396 810 14.
421 761 465 774 —
509 730 570 810 Κῷ
601 733 634 789 in
669 731 778 791 dativo
814 729 971 790 Aristotel.
1008 729 1086 789 Hiii.
1123 728 1220 787 anim.
1248 737 1280 802 5,
1310 739 1356 806 ¹9·

264 871 269 878 ·
334 835 472 915 Appian.
496 833 529 892 in
554 831 732 893 Mithrirlet.
756 852 782 892 o.
801 845 859 909 93.
884 831 923 890 de
941 830 977 890 B.
996 829 1034 891 C.
1057 851 1086 899 1,
1108 845 1187 892 102.
1211 855 1256 870 -
1291 823 1359 883 Κῶν

335 936 370 996 in
392 931 488 996 accos.
510 935 643 995 Homer.
667 933 704 994 il.
722 948 754 1001 o,
772 934 855 1007 677.
888 932 1038 1009 Thucyd.
1058 944 1090 1007 8,
1106 943 1166 1008 [μ.
1201 926 1309 990 Strabo
1333 943 1360 984 o.

334 1057 368 1118 p.
394 1057 437 1096 m.
465 1048 523 1112 85.
547 1034 568 1096 s.
593 1045 672 1114 124.
719 1043 773 1116 14.
797 1055 829 1116 p.
848 1053 890 1096 m.
913 1026 1001 1111 452.
1021 1029 1041 1092 i.
1060 1033 1144 1108 657.
1176 1044 1218 1097 et,
1249 1041 1360 1109 praeter

337 1138 428 1206 aiios,
455 1139 550 1197 etiam
573 1133 770 1219 posteriorem
823 1134 886 1196 Pro
903 1153 941 1194 eo
966 1147 1072 1195 tamen
1097 1127 1205 1215 passim
1223 1128 1296 1197 Κῶ,
1321 1125 1361 1184 uti

336 1239 487 1303 Aristiden
508 1240 547 1300 T.
573 1258 601 1300 r.
625 1257 658 1320 p.
681 1248 742 1314 45.
777 1237 874 1298 Tom.
896 1251 926 1298 2.
948 1255 980 1316 p.
1002 1247 1085 1312 423.
1125 1233 1214 1294 lebb.
1241 1229 1361 1314 Agathe·

338 1359 418 1401 mer.
447 1360 474 1408 r,
494 1349 528 1422 4.
550 1369 597 1384 -
625 1351 658 1398 et
675 1337 714 1398 iio
728 1339 828 1398 codex
843 1357 925 1398 unus
941 1337 975 1398 in
992 1337 1138 1396 Diodoro
1153 1335 1215 1395 Sic.
1238 1349 1288 1399 ν,
1309 1341 1358 1389 27.

338 1442 424 1522 qood
448 1441 528 1501 adeo
549 1440 650 1522 magio
674 1439 816 1500 Atticum
840 1453 872 1499 et
892 1439 926 1498 in
948 1440 1124 1498 Atticorum
1148 1435 1236 1495 libro
1255 1427 1360 1516 praeie-

338 1541 478 1602 rendnm
501 1540 560 1602 effe
587 1541 742 1621 exemplis
767 1539 951 1620 propolitie,
987 1537 1042 1599 etsi
1066 1557 1133 1598 non
1157 1537 1265 1596 omnia
1288 1543 1360 1592 recte

337 1641 475 1712 indicat,
507 1645 655 1704 evincere
677 1639 797 1703 studuit
818 1641 943 1702 Loceila
964 1641 1001 1700 ed
1026 1639 1234 1719 Xenophont.
1261 1629 1360 1715 Epiros.

337 1763 370 1826 p.
402 1745 467 1819 165
493 1741 534 1824 iq.
597 1745 646 1804 De
678 1741 853 1823 promiscua
885 1742 943 1802 hac
973 1737 1139 1800 accusativi
1175 1737 1274 1798 forrna
1307 1733 1362 1815 egit

338 1844 505 1906 Wetrsren.
523 1845 559 1904 ad
578 1845 679 1904 Lucae
694 1855 779 1904 actos
792 1843 931 1924 Apostoi.
949 1857 1005 1911 or,
1028 1865 1054 1902 r.
1073 1842 1140 1902 Vol.
1158 1857 1189 1905 2.
1207 1861 1236 1921 p.
1251 1836 1315 1901 (ino
1327 1832 1361 1911 iq.

340 1959 372 2007 ot
397 1943 561 2006 Fischeroe
578 1946 616 2005 ad
642 1945 773 2004 Weileri
796 1944 937 2004 Grenrrn.
961 1943 1016 2004 Gr.
1037 1942 1075 2004 P.
1096 1961 1125 2004 1.
1149 1963 1183 2024 p.
1201 1955 1280 2019 579·
1322 1936 1361 1994 EX

338 2045 460 2106 Latinis
480 2045 574 2107 habet
593 2046 640 2106 Co
655 2043 871 2106 Tertullianus
887 2047 919 2105 irr
935 2045 1064 2127 apolog.
1087 2063 1157 2125 cap.
1176 2059 1236 2120 oo.
1272 2040 1318 2101 Sic
1334 2036 1362 2093 in

339 2145 481 2208 ablativo
510 2151 557 2208 (Jo
580 2147 705 2207 Plinius
732 2165 786 2214 ιι.
809 2163 867 2222 27.
893 2145 913 2207 i.
941 2160 998 2223 25.
1049 2145 1260 2227 Quinctilian.
1280 2152 1309 2216 8,
1333 2133 1360 2198 6.

339 2247 388 2310 Ita
410 2268 485 2309 vero
505 2250 600 2307 eriam
624 2249 816 2308 recentiores
839 2268 895 2328 pro
916 2247 980 2309 Cos
1001 2247 1151 2306 dixerunt
1178 2245 1246 2307 Coa
1269 2239 1304 2301 [c.
1322 2239 1362 2296 in·

340 2347 421 2420 Iule,
448 2350 494 2407 uri
507 2349 646 2428 ,monuit
661 2347 786 2410 Salmas.
806 2353 843 2409 ad
865 2349 965 2411 Solio.
985 2369 1011 2409 c.
1028 2361 1061 2427 4.
1087 2345 1107 2408 s.
1133 2368 1188 2409 ιο.
1208 2367 1238 2427 p.
1254 2364 1294 2402 ro.
1311 2341 1360 2416 69.

341 2463 373 2513 et
396 2452 429 2510 in
454 2451 585 2534 Hygino
607 2463 693 2532 poet.
718 2449 829 2512 astron.
857 2467 887 2518 2,
917 2449 971 2512 16.
1000 2449 1117 2508 habent
1139 2449 1214 2508 libri
1237 2444 1360 2526 quidam.

339 2553 366 2614 F
369 2571 456 2612 orma
478 2551 562 2612 Coos
584 2563 718 2610 utuntur
737 2554 938 2617 recentiores,
963 2551 1063 2612 veluti
1081 2550 1211 2612 Solinus
1232 2567 1293 2627 cap.
1315 2554 1359 2616 15·

341 2651 364 2716 i.
387 2667 419 2727 7.
457 2651 592 2712 isidorus
614 2653 701 2734 Orig.
724 2661 778 2732 14,
799 2654 832 2716 6.
860 2651 915 2713 etfi
937 2653 970 2711 in
993 2665 1126 2730 utroque
1147 2671 1222 2710 cnm
1242 2649 1301 2708 Cea
1322 2643 1359 2700 io-

340 2751 405 2814 sula
421 2755 458 2814 ad
480 2755 599 2814 Atticae
623 2757 903 2834 promontorium,
938 2753 1054 2834 Geogr.
1071 2753 1241 2813 Ravennae
1258 2761 1288 2824 5·
1312 2757 1357 2820 27·

340 2855 376 2917 Si
397 2871 481 2916 recte
504 2854 599 2915 habet
624 2853 709 2916 Cous
734 2855 767 2913 in
790 2855 894 2914 Taciti
917 2853 1028 2914 rinnai.
1058 2869 1090 2930 2,
1114 2866 1172 2928 75.
1202 2852 1252 2910 illa
1274 2857 1358 2908 aerato

341 2953 435 3015 usum
459 2975 495 3016 ea
519 2953 619 3016 forma
642 2953 810 3016 obtinuiiie
831 2957 976 3022 viderur,
1011 2973 1105 3035 qnam
1120 2968 1152 3014 et
1175 2953 1227 3013 hio
1248 2963 1358 3024 excepe·

341 3071 418 3116 runt
440 3057 560 3116 librarii
583 3055 748 3136 Melaeque
779 3054 992 3116 obtruierunt.
1045 3055 1136 3136 Qnae
1155 3053 1281 3134 quidem
1302 3061 1359 3127 pro·

342 3155 436 3216 lixiue
459 3155 606 3228 disserui,
647 3177 688 3216 ne
712 3157 784 3236 quis
806 3157 945 3238 priorem
970 3157 1142 3216 lectionem
1169 3154 1233 3217 Cos
1256 3160 1358 3212 temere

341 3255 503 3320 inferrem
526 3255 611 3318 suam
632 3271 812 3319 revocatam
832 3258 891 3320 effe
913 3255 1080 3320 existimet.

418 3457 576 3540 Lycia)
627 3457 712 3543 Lipi.
736 3461 826 3532 lien,
858 3459 997 3522 Vindob.
1022 3457 1107 3520 Gud.
1132 3455 1208 3518 licio
1227 3483 1275 3500 -·
1308 3449 1358 3512 Pro

342 3557 450 3637 iisdem
471 3561 610 3623 Vindob.
631 3553 767 3652 hisdem,
794 3578 831 3623 ut
853 3563 927 3622 aiibi
954 3560 1039 3621 solet.
1094 3562 1184 3620 idem
1206 3555 1270 3640 poli
1295 3547 1359 3612 rodo

343 3680 403 3742 pro
423 3661 548 3734 Rhodo,
575 3675 647 3723 ante
664 3683 759 3744 quom
782 3682 895 3724 vocem
917 3665 950 3722 in
973 3659 1150 3722 omiserunt
1173 3660 1244 3722 edd.
1261 3677 1291 3743 9.
1312 3661 1358 3726 13·

343 3761 430 3824 Hinc
447 3782 524 3824 vero
545 3783 612 3846 cap.
631 3775 691 3844 53.
711 3766 826 3846 incipit
846 3766 990 3828 Vinetus.

417 3964 602 4048 Lindos)
652 3966 760 4031 Cibin.
791 3965 930 4051 Rehdig.
955 3964 1087 4048 lyndo&
1119 3961 1211 4027 Poris.
1230 3955 1357 4034 ΜΝΞ·

343 4063 436 4128 lidos.
484 4069 570 4128 Turn
605 4067 713 4131 Cibin.
745 4069 919 4151 Rehriiger.
957 4067 1118 4148 Comyros.
1175 4063 1235 4128 Sed
1265 4069 1356 4119 reram

341 4168 507 4250 utriusque
545 4167 728 4252 scripturam
770 4167 894 4231 Lindos
930 4185 964 4229 et
1004 4169 1150 4231 Comiror
1182 4180 1272 4228 nomo
1308 4157 1357 4215 im·
