2836 4940
396 391 488 450 mn
520 395 574 450 nr.
619 395 652 451 c.
673 395 725 454 vr.
767 393 793 464 t.
817 407 847 462 ⁷·
1084 399 1141 466 ²85

84 563 131 625 ad
154 563 388 630 Ptolemaeum.
440 567 513 630 Hoc
535 582 661 628 tantum
683 587 770 628 nunc
794 565 935 628 breviter
956 583 1139 636 monemus,

84 665 231 726 insulam
249 667 328 728 hanc
347 671 441 730 variis
458 673 565 730 modis
585 672 817 754 cognominari.
852 669 1034 750 Appellatnr
1050 668 1139 728 enim

86 767 206 836 Victis.
232 769 347 839 Vectis,
374 771 469 832 Vecta
486 785 518 832 et
540 773 624 834 lctis.
676 771 796 831 Tribus
812 789 889 830 vern
909 769 1037 831 diveriia
1060 769 1138 830 locis

88 866 298 942 describitnr3
342 890 461 953 nempe
485 891 548 934 una
575 873 618 934 ett
649 868 808 932 notlffima
835 873 887 932 illa
910 870 1023 940 infula,
1057 889 1136 952 qnae

87 967 194 1032 hodie
206 972 382 1032 etiamnum
392 993 512 1036 nomen
530 973 647 1046 servat3
664 975 757 1036 altera
770 973 824 1033 fita
839 973 881 1034 eil
897 971 1031 1062 inituro,
1048 972 1136 1052 qnod

85 1069 293 1132 Britanniam
307 1073 559 1155 Hibemismqne
576 1078 758 1148 interiacet3
785 1077 873 1135 tertia
891 1073 934 1135 ett
950 1075 1025 1135 haec
1040 1075 1135 1134 Pom·

85 1173 185 1251 ponii
204 1173 323 1242 Melae.
351 1177 442 1238 ouius
463 1177 561 1236 etiam
589 1179 740 1238 meminit
765 1177 983 1245 Ptolemaeus,
1016 1169 1071 1260 [o.
1099 1189 1132 1254 5.

87 1269 198 1360 eran]
223 1275 297 1336 licet
314 1295 479 1358 perperam
498 1279 579 1360 apud
603 1280 693 1338 illum
713 1279 834 1362 legatur
851 1269 987 1362 Ὀκῃτις
1007 1265 1136 1364 [oiniu-

89 1369 165 1462 τις]
189 1394 245 1455 pro
272 1369 419 1452 Oi‘ntrn.
473 1381 569 1440 Ratio
592 1395 717 1450 antem,
749 1377 955 1460 quemobrem
978 1377 1062 1438 Mola
1086 1379 1132 1438 in·

86 1471 188 1534 lulam
212 1476 293 1537 hanc
309 1478 342 1538 in
359 1479 427 1540 finu
444 1479 578 1544 codano
594 1495 710 1564 ponat,
734 1481 812 1540 haec
828 1479 886 1546 est.
913 1480 996 1560 quod
1019 1499 1133 1541 omnes

85 1589 215 1638 veteres
244 1579 440 1640 Britanniam
472 1582 568 1666 longe
604 1581 692 1662 lnpra
726 1581 930 1642 Germaniam
972 1583 1131 1642 orientem

84 1677 199 1738 versus
222 1681 351 1742 extendi
375 1681 588 1744 crediderunt.
642 1685 678 1743 ln
699 1703 762 1764 qno
785 1685 859 1743 licet
877 1683 974 1742 etiarn
995 1683 1133 1764 peccarit

84 1777 310 1850 Ptolemaeus,
335 1783 444 1846 minus
466 1797 573 1845 tamen
594 1783 664 1855 ille,
690 1805 785 1866 quam
810 1785 916 1854 ceteri,
943 1803 959 1844 a
979 1803 1054 1844 vero
1079 1782 1132 1844 ab·

84 1882 217 1944 erravit.
250 1903 395 1945 vossrvs.
459 1883 580 1948 Vestae
604 1900 688 1947 recte
716 1885 745 1947 lo
775 1884 888 1955 habet,
922 1885 1130 1946 confirmante

84 1979 157 2062 ipio
172 1982 360 2065 Pomponio
384 1985 440 2048 lib.
461 2001 493 2048 te.
517 2005 583 2069 cap.
600 2001 633 2063 5.
658 1981 708 2073 [§.
732 1981 787 2072 5.]
818 1986 954 2048 Graecia
971 2007 991 2046 a
1002 1976 1130 2077 septen·

84 2083 192 2144 trione
210 2085 242 2144 in
264 2085 417 2146 meridiem
434 2099 538 2150 necta.
567 2107 590 2152 r.
609 2106 818 2150 onouovrva.
870 2089 989 2148 Verum
1010 2087 1077 2148 istic
1093 2105 1129 2150 ea

84 2203 155 2244 vox
171 2203 238 2244 non
255 2187 357 2266 potest
371 2187 488 2262 abelle3
514 2189 568 2249 hic
582 2203 690 2248 autem
710 2191 803 2270 plane
817 2189 984 2258 redundet,
1010 2201 1043 2249 et
1060 2187 1129 2248 nul·

85 2286 151 2346 lius
174 2286 217 2346 est
237 2287 491 2372 significationis3
533 2287 644 2350 lnlficit
664 2292 751 2350 enim
770 2289 895 2360 (limile,
922 2301 1034 2350 eontra
1055 2289 1130 2350 Ger-

86 2391 242 2450 maniam.
280 2411 412 2451 votstvs
436 2393 467 2450 in
491 2391 664 2470 appendice
685 2391 729 2452 ad
751 2392 783 2452 h.
807 2391 829 2452 l.
880 2393 1021 2470 Vtroque
1046 2389 1128 2450 nihil

86 2487 201 2550 censeo
229 2487 348 2560 follius.
381 2491 464 2552 nihil
490 2492 701 2554 invenustius.
754 2492 891 2553 Orcades
917 2489 973 2551 ubi
998 2491 1128 2562 iaceant,

85 2611 153 2650 non
178 2592 253 2650 dicit
279 2593 379 2664 lllela3
412 2594 510 2654 etiam
526 2594 655 2654 necubi
679 2594 851 2656 Acmodae.
903 2595 952 2652 De
975 2589 1128 2672 sequenti·

85 2691 148 2753 bus
171 2691 222 2752 tex
245 2689 420 2782 [nimirum
440 2697 484 2756 ita
509 2696 543 2755 in
567 2693 649 2776 [equ.
675 2695 753 2778 legit
776 2697 800 2756 l.
819 2685 1026 2776 Gronovius]
1056 2692 1127 2752 vult

83 2793 226 2854 indicare
248 2796 366 2856 locum.
407 2795 476 2858 Nec
491 2795 560 2856 latis
576 2809 641 2856 erat
657 2795 764 2856 distillo
781 2807 889 2856 contra
905 2793 1127 2866 Germaniam

84 2895 119 2954 id
142 2897 231 2955 enim
253 2899 341 2958 lieret
363 2899 459 2958 nimis
475 2896 659 2978 spatiolum.
686 2897 771 2978 qnod
795 2897 919 2956 notabis
935 2897 967 2954 in
985 2894 1037 2954 illu
1053 2891 1127 2956 Vol·

85 2997 169 3091 stasne
194 2995 227 3056 V
227 3012 298 3058 ecta
314 2999 347 3058 in
358 2995 437 3088 fiant
457 2999 609 3071 cortuum
634 3001 670 3058 ad
689 3019 783 3080 qnam
801 3000 888 3058 enim
904 3009 1024 3078 partem
1043 2995 1126 3058 finus

86 3097 232 3166 Codani.
264 3101 319 3180 qui
342 3114 426 3160 certe
453 3101 547 3161 maris
573 3099 689 3160 instar?
742 3101 832 3160 Vnde
859 3099 896 3158 lic
919 3099 977 3167 ait,
1012 3109 1126 3158 contra

89 3199 294 3260 Germaniam
311 3213 420 3262 vectae
440 3201 473 3260 in
495 3201 550 3262 illo
560 3197 638 3292 fitne
663 3199 806 3268 Uotieno.
831 3201 892 3260 hoo
908 3199 961 3269 est,
987 3201 1023 3258 ad
1042 3199 1126 3280 prin·

83 3303 167 3382 cipia
203 3301 355 3386 ingreffns
389 3304 423 3361 in
457 3303 547 3362 illurn
580 3302 699 3362 Oceani
734 3301 834 3360 smum
863 3300 938 3362 serie
973 3303 1126 3362 continua

85 3405 235 3464 iacentes.
290 3405 330 3462 Et
347 3417 430 3464 recte
452 3405 526 3472 illic.
549 3405 702 3486 quonium
725 3403 821 3463 linem
843 3405 912 3464 eins
930 3403 984 3460 vix
1007 3415 1124 3462 notum

87 3503 242 3572 habebat,
274 3505 431 3586 principio
451 3519 557 3566 autem
582 3507 651 3566 eins
673 3515 757 3564 certe
791 3503 905 3584 politas
931 3501 1047 3562 insulas
1069 3521 1124 3564 no·

87 3617 187 3666 verat.
239 3607 276 3664 ln
301 3607 372 3666 loco
402 3619 508 3667 sutem
533 3607 573 3667 cle
596 3605 725 3666 Graecis
750 3617 871 3685 poterat
894 3602 993 3664 abelle
1018 3615 1122 3665 vecta.

90 3706 213 3790 Quidni
237 3709 326 3766 enim
350 3708 490 3768 multum
512 3708 698 3790 prominens
722 3707 855 3766 Graecia
878 3717 908 3764 et
934 3703 1010 3764 dnm
1033 3703 1124 3786 Myr·

90 3820 177 3869 teum
207 3807 339 3888 pelagus
370 3809 535 3890 attingat,
573 3805 614 3868 ab
641 3807 857 3886 septentrione
881 3806 915 3864 in
943 3805 1123 3874 Meridiem,

90 3930 153 3994 qua
175 3897 230 3998 sol
257 3912 373 3980 oritur,
405 3911 538 3991 Aegaeis
555 3904 714 3994 fluctibns
737 3905 878 3974 obiacet,
911 3901 1125 3988 pleniffimam

89 4011 206 4070 habent
231 4007 440 4073 sententiam?
491 4013 674 4072 Prominens
695 4023 818 4090 poterut
844 4005 1029 4076 satisfacere.
1056 4027 1125 4089 per·

89 4113 394 4196 indempnatum
420 4113 473 4176 cui
493 4112 536 4175 eil
551 4114 764 4196 aequivocum
781 4106 847 4172 fere
870 4108 925 4172 lib.
946 4129 976 4172 r.
997 4123 1065 4193 cap.
1092 4129 1123 4172 r.
