2880 4940
383 411 475 468 ιιιι.
506 413 559 468 ιιι.
603 413 637 472 c.
665 413 746 474 vrn.
790 413 815 484 s.
838 423 868 486 a.
906 382 910 394 ’
1083 428 1144 496 ⁸9⁷

104 583 214 646 bonus
243 582 299 646 ille
325 583 407 646 odor
442 605 498 648 eos
531 584 630 650 feriar.
682 587 873 650 Panchaiam
900 589 987 650 enim
1016 587 1146 652 Arabiae

104 684 207 747 felicis
226 687 409 766 portionem
433 687 493 749 elle
515 689 710 760 existimant,
738 709 812 750 cum
837 703 942 752 tamen
961 691 1045 752 nulla
1067 691 1149 752 Pau·

106 789 194 848 cltaia
217 789 251 848 in
272 802 339 850 tota
360 809 500 870 nuquam
530 789 626 852 luerit
646 789 769 854 Arabia.
820 791 958 854 Minime
981 805 1088 854 tamen
1111 797 1148 856 e'a

106 886 247 950 fabulosa
267 889 310 951 est
332 892 440 974 regio,
477 895 524 952 uti
549 893 628 954 olim
647 893 803 954 creditum
821 893 985 964 Straboni.
1011 889 1087 981 [lib.
1112 909 1147 968 7.

105 1011 138 1074 p.
158 1005 239 1066 207.
262 989 283 1054 l.
302 985 410 1078 app]
438 993 609 1058 Plutarcho
632 989 694 1083 [de
716 995 796 1056 lsnie
817 1009 850 1058 et
867 995 989 1058 Oliride
1012 1017 1043 1078 p.
1059 1005 1147 1076 420.

108 1093 194 1174 Opp.
219 1094 260 1154 T.
285 1109 317 1168 7.
345 1087 617 1179 Lipt.]ua1tia;
661 1095 713 1158 led
748 1095 820 1157 alibi
855 1097 1049 1179 quaerenda.
1082 1097 1148 1160 illic

105 1213 242 1276 nempe,
277 1195 334 1254 ubi
365 1195 548 1260 Panchaeos
574 1199 627 1260 hic
653 1185 794 1260 recenset
825 1199 921 1262 Mela.
974 1201 1015 1260 Vt
1039 1201 1148 1262 omnia

106 1297 262 1358 mentitus
286 1293 381 1358 fuerit
404 1297 623 1369 Euhemerus.
656 1299 743 1380 quod
768 1313 875 1362 tannen
901 1301 1036 1362 minime
1057 1315 1148 1382 puto.

106 1396 211 1480 iplum
233 1395 340 1460 saltem
355 1397 533 1462 Panchaiae
550 1421 671 1464 nomen
689 1401 846 1464 mentitus
867 1421 933 1464 non
950 1401 1003 1464 eu.
1051 1403 1148 1466 illum

106 1497 230 1560 sectatus
252 1499 295 1562 est
320 1501 482 1564 Diodorus
502 1503 637 1574 Siculus.
664 1497 722 1588 [5‚
739 1499 821 1592 45.]
856 1523 930 1566 eum
956 1503 1149 1590 Παγχαῒτιν

104 1603 274 1684 regionem
291 1599 455 1675 describit,
482 1625 517 1666 ac
539 1605 699 1667 abundare
721 1605 799 1668 dicit
822 1606 1016 1688 elephantis,
1048 1608 1150 1669 leoni·
1183 1636 1188 1662 ι

104 1701 185 1772 bue,
211 1704 374 1786 pantheris
392 1705 523 1788 aliisque
545 1706 744 1768 animalibus.
797 1705 961 1768 Manifelle
977 1706 1030 1771 hic
1050 1707 1149 1790 ipsam

106 1807 333 1868 coutinentem
354 1805 512 1892 designat,
540 1829 574 1870 ac
594 1809 679 1870 illam
701 1807 946 1892 Troglodyticae
969 1821 1002 1870 et
1019 1809 1148 1870 Aethio·

104 1907 177 1988 piae
198 1923 336 1988 partem,
370 1929 463 1990 quam
488 1911 541 1972 hic
562 1923 718 1974 memorat
737 1923 846 1972 auctor
867 1910 980 1972 noller.
1032 1911 1093 1972 Sed
1113 1925 1149 1972 ut

106 2027 241 2070 ornnem
260 2006 385 2090 prurlns
403 2011 511 2072 tollam
527 2011 774 2082 dubitationem,
801 2009 990 2110 subiungam
1011 2011 1150 2076 testimo·

106 2111 202 2170 nium
226 2111 316 2170 omni
344 2114 532 2194 exceptione
555 2115 677 2184 maius,
709 2113 887 2174 Ptolemaei
908 2133 1025 2196 nempe
1049 2115 1148 2176 Ever-

105 2225 216 2296 getae,
250 2225 437 2292 excerptum
459 2233 498 2276 ex
521 2229 737 2277 monumento
755 2215 932 2286 Adnisttco
959 2215 993 2275 in
1016 2235 1079 2295 quo
1102 2237 1149 2278 re·

105 2311 276 2374 censentur
299 2327 412 2398 gentes
434 2315 659 2398 Aethiopicae,
691 2337 767 2398 quae
790 2315 856 2400 ipis
878 2315 1021 2399 praelians
1045 2315 1150 2378 luhiu·

105 2415 206 2498 gavit.
259 2417 348 2478 inter
377 2417 435 2478 alia
471 2421 594 2498 itaque,
631 2417 708 2479 haec
738 2437 866 2500 qnoque
904 2417 950 2478 ibi
982 2419 1148 2502 leguntur:

96 2509 241 2582 Ἔπειτα
265 2513 383 2580 Aeolus
411 2511 466 2581 uni
489 2513 561 2580 Za'e
588 2511 641 2580 noi
666 2513 834 2593 Γαβαλᾶ,
863 2517 1048 2594 οἰκοῦντας
1073 2517 1149 2606 παρ’

106 2610 196 2705 ὄρεσι
213 2609 403 2706 θερμῶνδ
366 2641 384 2682 υ
407 2614 495 2684 droa
515 2611 681 2736 βλυζαυσι
698 2613 752 2682 nol
776 2611 1009 2706 καταρῥύταις.
1034 2617 1150 2684 Δταλ-

104 2717 160 2810 prb
183 2743 238 2782 ann
228 2715 349 2802 Βὲγα
367 2713 422 2784 atel
442 2715 485 2784 τὰ
503 2715 560 2785 uhu
582 2711 693 2796 αὐτοῖς
713 2716 792 2810 ἔθνη
818 2715 940 2786 πάντα.
991 2721 1152 2806 Hermai.

106 2843 170 2894 τας
189 2815 267 2898 τοὺς
291 2817 391 2910 μέχρι
412 2821 478 2888 τῶν
500 2823 558 2906 τῆς
579 2813 746 2906 Αἰγύπτου
770 2819 863 2910 o‘pr'uru
884 2819 1053 2896 οἰκοῦντας
1074 2815 1151 2888 ὑπο-

106 2915 233 2998 ediec.
277 2919 482 3009 πεζιύεσθαι
506 2919 641 3010 ἐποίησα
672 2919 731 3009 τὴν
765 2919 855 2994 ὁδὸν,
898 2917 965 2988 harh
999 2924 1065 2986 τῶν
1093 2927 1152 3008 τῆς

107 3021 186 3110 ἐμῆς
214 3019 384 3103 βασιλείας
411 3020 522 3090 τόπων
547 3023 646 3116 μέχρι
674 3020 857 3109 Αἰγύπτου.
919 3025 1045 3087 Prodiit
1071 3029 1151 3090 olim

108 3129 235 3192 ilomae
259 3125 336 3188 hacc
364 3123 560 3209 inscriptio„
582 3127 632 3190 led
661 3125 774 3189 vitiose
801 3127 989 3192 admodum.
1043 3127 1151 3194 Multo

107 3230 266 3312 integrior
287 3227 381 3290 exstat
399 3229 482 3312 aputl
500 3231 672 3292 Auctorem
687 3229 932 3313 Topographiae
949 3227 1151 3302 Christianae.

108 3331 167 3414 qui
191 3331 224 3392 in
248 3330 430 3392 Florentiae
452 3327 633 3392 adservatur
651 3331 859 3402 bibliotheca,
889 3331 1041 3410 cuiusque
1063 3330 1153 3414 supra

108 3433 331 3494 meminimus.
364 3451 512 3494 vosarvs.
566 3431 712 3494 Candaei
733 3445 840 3494 tamen
859 3433 956 3494 etiam
973 3431 1025 3492 luc
1044 3445 1153 3494 tuetur

110 3534 264 3598 serianus
284 3531 334 3592 sur
352 3531 381 3594 la
403 3534 457 3596 vie
479 3547 513 3595 et
534 3533 579 3596 les
603 3553 757 3617 ouvrages
775 3533 998 3594 d’Eulaemere
1018 3553 1050 3614 p.
1072 3545 1151 3612 132.

110 3638 168 3715 (in
191 3633 365 3697 nlemoires
385 3669 436 3682 -
457 3634 499 3698 de
519 3635 605 3696 Paris
627 3637 724 3698 Tum.
747 3655 801 3696 ιι.
825 3633 876 3697 ed.
894 3633 996 3718 Hag.)
1021 3635 1093 3715 quia
1112 3635 1153 3700 lic

109 3751 145 3798 et
168 3737 292 3798 Plinius
315 3735 442 3820 legerit.
475 3749 508 3798 et
532 3735 689 3800 Panchaei
714 3735 890 3798 Euhemeri
912 3753 1066 3816 pauperes
1089 3735 1154 3800 huc

110 3839 250 3900 minime
277 3839 470 3918 pertineant,
504 3857 579 3898 cum
603 3837 706 3899 Melae
730 3837 886 3898 Panchaei
914 3836 974 3896 sant
995 3836 1153 3920 opulenti.

110 3939 217 4021 quud.
244 3953 327 3999 certe
346 3937 386 4000 de
402 3939 501 4006 Mela.
532 3939 694 4000 arbitrario
717 3937 833 3999 sumlit.
887 3935 1012 4018 Nempe
1029 3951 1093 4000 tota
1113 3941 1153 4004 tls

109 4040 287 4104 Panchaeis
309 4041 446 4100 narratio
468 4039 530 4101 iirle
548 4041 721 4102 Euhemeri
741 4041 875 4110 nititur,
901 4057 996 4120 qnam
1017 4041 1155 4120 probant
1266 4089 1272 4102 .

109 4143 182 4214 alii,
214 4143 268 4204 aiii
297 4138 482 4215 sollicitant,
513 4141 554 4208 de
581 4161 646 4226 quo
671 4157 705 4204 et
730 4141 798 4204 aliia
821 4141 860 4206 V.
883 4157 914 4206 a.
966 4139 1155 4206 Narraverat
