2826 4936
326 459 370 534 9⁴
635 450 878 510 ιοιιιοιιιι
914 450 1076 506 aetra

402 637 447 688 at
470 623 626 706 metior)
664 624 758 710 Prag.
777 639 837 686 arat
858 627 970 686 mator.
999 623 1074 690 Post
1089 616 1340 686 milortVrtic.

328 727 416 814 Ltpt
435 727 545 792 Cibin.
560 729 609 789 ita
622 729 740 792 notior.
774 729 877 790 Antea
888 727 1029 790 vindob.
1039 718 1102 818 see
1118 727 1172 788 ata
1184 723 1304 786 dium.

409 911 593 994 aarum)
641 913 689 974 lta
713 931 828 976 omne·
852 911 963 976 MSSti
988 909 1150 995 (vindob.
1174 923 1210 972 ut
1233 921 1343 976 taus,

328 1015 507 1100 liehdiger.
532 1013 695 1096 thaamrs)
720 1027 754 1076 et
774 1014 913 1076 vetustae
932 1016 1103 1076 editiones.
1146 1013 1294 1072 Vadimus
1312 1023 1344 1068 ta·

329 1120 403 1188 cite,
426 1133 464 1178 ut
481 1114 568 1184 [olet.
594 1117 732 1176 nrutavit
754 1117 787 1176 in
810 1116 945 1186 Taurus,
967 1135 1065 1197 quem
1080 1113 1174 1176 hmo
1190 1111 1259 1174 lunt
1275 1129 1345 1193 prae·

328 1233 378 1282 ter
399 1231 552 1302 cognatos
576 1231 633 1296 24.
660 1229 718 1294 25.
747 1217 948 1280 Olirrrianae
969 1231 1003 1278 et
1022 1218 1183 1280 Schottua.
1236 1215 1344 1274 Tarmrr

329 1322 494 1384 revocavit
511 1321 655 1388 Vinctus,
679 1331 712 1380 et
728 1319 797 1401 post
815 1339 890 1380 cum
906 1313 1015 1382 Voffio
1029 1320 1228 1380 retinuerunt
1241 1332 1343 1376 omma

329 1423 459 1504 Nempe
479 1421 600 1482 Taurus
622 1423 672 1480 uti
694 1421 814 1482 nullior
830 1421 949 1482 codicia
962 1423 1150 1482 auctoritate
1169 1420 1292 1486 nititur,
1312 1416 1344 1473 ita

329 1537 362 1586 et
379 1523 417 1584 ab
434 1525 496 1584 hoc
516 1535 615 1582 tractu
635 1523 756 1584 alienua
773 1537 805 1584 et
823 1537 967 1584 remotur
983 1523 1043 1584 elle
1061 1525 1199 1582 videtin.
1244 1518 1344 1580 Eadem

329 1639 436 1688 tamen
455 1625 667 1686 commutatio
684 1637 813 1684 notatur
832 1627 929 1686 etiam
946 1625 980 1686 in
996 1625 1102 1685 Taciti
1118 1621 1230 1684 Annal.
1253 1641 1280 1691 r,
1299 1620 1344 1695 56.

328 1741 363 1790 et
385 1745 439 1798 ra,
460 1737 521 1804 58.
546 1725 584 1786 ad
601 1745 681 1806 quae
698 1725 768 1786 loca
787 1723 827 1788 cf.
843 1725 967 1807 Lipfiur
980 1741 1013 1788 et
1029 1725 1163 1790 Ernesti.

406 1909 609 1990 eretico)
661 1907 787 1972 Voffiua
808 1931 848 1972 ex
868 1910 957 1972 libris
978 1909 1172 1990 quibusdam
1194 1906 1286 1970 adfert
1300 1904 1343 1966 Be·

329 2014 404 2076 tiro.
443 2011 525 2094 Lipl.
552 2011 636 2074 out.
662 2013 798 2086 Βιιίιος
826 2011 965 2095 llehdig.
987 2012 1126 2084 retlric03
1154 2011 1257 2074 Cibin.
1273 2007 1343 2085 retiy

328 2134 381 2188 σοι
416 2111 555 2178 Vindob.
572 2113 708 2186 rethicm
741 2113 855 2196 reliqui
871 2133 946 2174 cum
966 2112 1040 2174 eald.
1056 2113 1205 2178 tractim

404 2287 487 2388 nisi
511 2295 705 2380 quorum)
757 2299 870 2362 Venet.
894 2299 1000 2362 Havn.
1026 2297 1124 2362 Parii.
1143 2316 1176 2362 a.
1198 2317 1266 2360 cum
1285 2291 1340 2355 edd.

334 2411 390 2478 ¹5·
419 2415 473 2472 17.
498 2415 555 2462 2ο.
582 2413 638 2478 25.
657 2397 692 2484 (a
716 2420 776 2482 qua
802 2421 860 2462 nec
885 2401 981 2462 Vatic.
1005 2400 1176 2463 ‹tissentitse
1198 2389 1342 2480 vitientur)

326 2515 359 2564 rt
380 2501 438 2562 atii
458 2521 587 2584 quorum
610 2529 658 2543 -
693 2501 784 2586 Prag.
806 2516 837 2562 er
858 2501 940 2572 alia,
964 2523 1096 2584 qaorum
1120 2536 1170 2550 -
1215 2497 1280 2565 Post
1298 2511 1341 2577 pro

327 2605 387 2666 vix
408 2601 450 2695 ιβ
472 2603 574 2683 eloqui
594 2603 705 2664 Venet.
732 2605 839 2666 Havn.
856 2605 913 2664 vix
931 2601 1034 2686 eloqui
1047 2594 1192 2690 poffmrr3
1218 2602 1303 2662 Vatic
1316 2610 1340 2672 3.

329 2705 421 2788 Prag.
444 2705 501 2764 vix
521 2704 622 2786 eloqui
641 2695 781 2792 poffimt.
817 2705 987 2774 Neutrum,
1008 2705 1200 2766 melioribus
1214 2701 1292 2764 libris
1306 2715 1342 2756 te·

329 2805 555 2890 pugnantibus.
590 2805 715 2886 probari
742 2806 853 2887 poteli.
907 2807 1021 2867 Forma
1043 2807 1129 2866 enim
1160 2800 1342 2886 exceptionis·

330 2929 426 2990 quam
442 2905 499 2966 usu
521 2907 690 2988 particulae
706 2903 766 2996 ηἰβ
784 2908 918 2968 induere
937 2906 1014 2968 solet
1030 2907 1270 2972 narrationibus.
1290 2899 1343 2960 tatis

329 3007 530 3090 expluribus
552 3009 627 3068 locis
650 3008 800 3070 estilota.
854 3010 941 3068 Tum
966 3009 997 3068 in
1026 3008 1125 3068 verbo
1151 3006 1194 3101 est
1218 3001 1343 3067 consueta

331 3109 517 3170 Graecitatis
540 3109 675 3169 imitatio
698 3111 815 3179 enitet.
843 3111 896 3170 cui
913 3110 1160 3190 explicationem
1177 3109 1258 3169 illam
1278 3101 1344 3164 roala

330 3207 566 3271 substituerunt.
604 3211 710 3272 Simili
728 3211 827 3272 modo
843 3229 919 3294 queo
933 3224 966 3270 et
981 3207 1023 3304 ιβ
1041 3223 1205 3272 mittantur
1220 3213 1251 3268 in
1265 3209 1344 3268 Sene·

263 3389 269 3404 ο
329 3329 381 3372 cae
404 3311 539 3372 Hercule
559 3309 679 3372 Oetaeo
702 3333 734 3374 v.
753 3323 836 3388 728.
892 3311 961 3372 Vid.
982 3311 1131 3373 Heinsius
1150 3313 1188 3373 ad
1209 3307 1298 3372 ovid.
1312 3304 1341 3364 l.

328 3414 399 3476 Am.
422 3431 451 3482 2,
479 3425 536 3487 23.
591 3411 659 3474 Nec
681 3411 763 3474 bene
785 3409 826 3476 τό
848 3409 892 3502 ιβ
917 3411 1002 3474 delet
1026 3411 1131 3475 Vatic.
1158 3435 1185 3476 ι.
1235 3413 1344 3470 Durum

329 3515 416 3575 enirn
441 3513 474 3575 fit
497 3513 530 3573 in
554 3511 617 3574 hoc
637 3533 736 3584 nexu,
769 3514 884 3596 liquis
906 3511 1208 3599 subintelligendum
1224 3511 1343 3574 omittat.

329 3615 392 3678 Pro
415 3635 466 3676 ore
485 3615 633 3676 Romarm
650 3614 792 3680 vindob.
813 3635 896 3676 more
913 3615 1073 3678 Ιίσηιαιιο.

402 3787 612 3872 amnium)
653 3789 740 3852 ilinc
760 3811 828 3874 cap.
853 3791 906 3854 ι6.
933 3791 1045 3873 incipit
1063 3789 1213 3854 vinem.

402 3965 572 4047 gentes)
621 3964 767 4026 Vinrlob.
791 3983 864 4026 cum
886 3965 959 4028 eriri.
983 3983 1037 4028 ι2.
1060 3977 1114 4044 ι4.
1137 3977 1341 4046 19.21.gen·

327 4067 416 4130 tium.
457 4069 545 4128 Tum
568 4067 679 4128 carlom
701 4067 737 4128 lit
760 4064 876 4136 forma,
909 4086 969 4146 qua
993 4068 1027 4126 in
1051 4069 1145 4128 Livio
1165 4083 1220 4146 31,
1242 4071 1337 4142 4527·

326 4171 441 4230 dicitur
462 4189 569 4230 omnes
587 4168 817 4238 tilacrdormm,
844 4180 877 4230 et
897 4169 931 4228 in
949 4167 1071 4232 Ovitlio
1095 4165 1296 4248 Metamorph.
1311 4167 1339 4240 4·
