2836 4940
287 431 347 508 264
590 429 831 488 ronuourr
869 429 1030 484 neuun

288 629 321 690 p.
337 627 383 670 m.
404 623 484 686 ¹⁰9·
518 603 674 685 Polybius
690 617 724 682 5,
749 621 808 682 79,
833 618 866 680 3.
894 601 970 685 (etti
991 601 1061 686 post
1081 617 1196 662 ornnes
1219 597 1332 660 Codri.

289 701 483 797 Knppuooi)
507 719 539 784 5,
561 717 619 784 82,
648 721 701 770 ια.
754 699 854 767 Postu
884 705 982 789 igitur
1007 705 1195 764 alterutrum
1231 697 1332 782 [equi.

290 811 362 895 Ego
379 821 657 890 tantenreoeptam
672 805 770 870 hodie
786 804 922 868 formam
937 805 1067 876 retinui,
1094 805 1167 885 qnia
1185 815 1333 864 auetoree

291 909 387 974 hebet
413 911 536 972 codicet
562 911 726 978 melioret,
758 925 791 971 et
816 906 1048 990 antiquioribue
1073 906 1173 991 magio
1197 903 1335 988 probru

290 1009 380 1076 fuiffe
403 1013 540 1075 ridetur.
593 1009 645 1076 Cf.
666 1011 735 1094 post
757 1005 910 1102 Gedrosri.

365 1212 547 1297 deutra)
597 1213 680 1298 Ltpt
698 1213 782 1276 Gud.
799 1213 972 1298 Rehdiger.
994 1209 1103 1274 Cibin.
1123 1209 1199 1274 edd.
1219 1225 1257 1274 α.
1279 1217 1333 1292 etp

291 1329 325 1380 et
340 1313 423 1380 sorte
441 1317 520 1379 aliae
540 1337 615 1378 curn
635 1316 799 1386 Vadianie,
825 1315 1015 1377 Olivariania
1034 1311 1176 1374 dexteru.
1218 1309 1274 1375 cf.
1295 1313 1333 1373 ad

292 1433 327 1490 Ω,
351 1440 380 1482 ι.
397 1419 442 1482 in.
474 1417 624 1480 Dextera
639 1431 803 1500 poetarum
818 1420 917 1500 magio
931 1415 991 1478 effe
1007 1415 1146 1476 videtur.
1177 1415 1283 1475 Vatic.
1301 1427 1332 1492 3.

292 1519 461 1591 dexterm
492 1516 586 1582 Paris.
614 1535 645 1584 α.
667 1517 816 1590 dextrum
848 1518 939 1602 Prag.
962 1516 1081 1579 dextre.
1119 1533 1332 1576 'rzecuvcrnu

293 1621 427 1684 Rectior
450 1621 561 1684 leutio:
598 1621 641 1682 In
671 1610 740 1710 ipso
769 1619 991 1700 navigantium
1023 1617 1191 1680 Carmanii
1216 1616 1334 1678 dextre

292 1719 400 1812 pofiti.
452 1721 536 1784 Nam
557 1719 629 1782 sunt
649 1721 745 1782 etiarn
764 1720 925 1784 Carmanii
944 1721 977 1780 iu
998 1719 1050 1780 illa
1064 1735 1134 1788 ora,
1160 1731 1334 1800 antequam

293 1825 394 1886 intret
426 1823 531 1884 finum
558 1823 728 1886 Perficum.
765 1840 965 1884 morienne.
1018 1821 1125 1882 immo
1147 1834 1181 1881 et
1204 1819 1333 1888 finistrn,

292 1939 390 2008 prout
405 1925 468 1987 huc
484 1925 537 1988 vel
560 1925 635 1986 illuc
657 1924 866 2008 navigaverit.
902 1922 965 1987 sed
980 1919 1094 2004 scripsit
1115 1935 1228 1984 auctor
1243 1923 1334 1982 inno·

292 2027 483 2106 vigentium.
511 2027 553 2087 lie
567 2028 665 2096 enim,
684 2027 791 2106 quiex
807 2024 936 2087 Oceano
950 2025 1066 2085 intrare
1083 2021 1187 2083 finum
1203 2023 1333 2094 volunt,

293 2125 331 2188 ab
348 2127 456 2188 dextra
472 2125 559 2195 sunt,
585 2139 617 2188 et
633 2126 740 2188 dextra
758 2125 797 2188 fic
812 2125 885 2188 uiue
901 2125 944 2188 est
960 2123 1047 2208 supra
1061 2123 1117 2186 tib.
1136 2140 1168 2188 2.
1186 2143 1216 2186 c.
1238 2143 1272 2188 ι.
1288 2127 1332 2188 iu.

293 2247 318 2290 1.
344 2246 540 2290 ououovrve
559 2227 634 2289 MS.
688 2227 808 2289 Neutra
824 2245 906 2311 opue
920 2226 964 2289 est
976 2225 1216 2290 emendatione.
1247 2226 1333 2289 Cum

292 2331 382 2392 enim
406 2350 445 2392 ex
467 2330 546 2392 mari
569 2329 793 2414 progrediatur
816 2331 850 2390 in
873 2327 985 2398 finum,
1019 2330 1161 2410 primurn
1188 2347 1334 2389 comme·

292 2444 413 2502 morat,
439 2451 517 2514 quae
533 2451 632 2512 usque
647 2431 686 2492 ad
709 2431 809 2492 finum
831 2443 936 2502 erant;
970 2429 1087 2490 deinde
1103 2427 1208 2510 ipsum
1228 2430 1333 2490 [inum

293 2533 480 2620 ingreditur,
500 2546 542 2604 et,
565 2553 644 2614 quae
659 2535 693 2594 in
709 2533 777 2594 eius
792 2533 880 2594 aditu
897 2531 1036 2592 notanda
1052 2529 1257 2602 videbantur,
1285 2533 1335 2592 ed·

293 2637 402 2720 tingit.
456 2637 584 2698 Poterat
602 2636 749 2716 quidem,
775 2645 811 2694 ut
831 2633 887 2696 lib.
906 2647 938 2703 2,
960 2651 990 2696 ι.
1010 2633 1056 2694 in.
1079 2633 1182 2692 dicere
1207 2633 1334 2692 iunoni·

293 2739 461 2818 genuum,-
492 2735 541 2800 iod
558 2736 640 2798 forte
657 2749 786 2818 propter
801 2735 991 2817 praecedens
1007 2735 1040 2794 in
1056 2734 1177 2801 noluit,
1203 2753 1267 2795 nec
1281 2753 1335 2794 ue·

295 2837 456 2898 ceffariurn
478 2843 613 2922 putarit.
674 2836 787 2900 Sensus
810 2837 908 2921 igitur
929 2835 1004 2898 inde
1025 2834 1138 2896 exsistit
1158 2834 1230 2894 hic:
1266 2835 1336 2919 Qui

293 2937 399 3020 ipsum
417 2939 518 3002 finum
534 2939 756 3026 ingrediuntur
772 2951 805 3000 et
819 2939 982 3024 navigant.
1015 2939 1103 2999 Tum
1118 2955 1196 2998 vero
1213 2939 1336 3000 corruit

292 3037 437 3102 Pintiani
454 3041 562 3106 lectio.

360 3232 456 3332 siue
486 3242 657 3324 pecore)
714 3243 838 3324 Lepido
871 3261 977 3305 errore
1010 3241 1084 3304 edd.
1110 3257 1143 3320 9.
1176 3253 1233 3318 13.
1259 3237 1336 3330 fine

291 3355 433 3422 pectore,
459 3345 508 3404 uti
529 3345 610 3407 Cod.
632 3345 769 3406 Vindob.
784 3341 859 3434 fine
878 3365 986 3423 pecore
1004 3365 1044 3404 ue
1065 3339 1217 3422 pedibu53
1244 3344 1331 3407 Gud.

293 3445 376 3506 iuter
395 3466 509 3524 pecore
532 3467 571 3508 ao
583 3437 721 3536 sedibus.
759 3447 847 3505 Tum
864 3445 955 3528 Prag.
978 3444 1130 3506 velavere.
1167 3443 1244 3506 Post
1267 3445 1333 3507 oli·

291 3549 438 3608 varianae
461 3549 525 3609 toti
548 3567 691 3626 corpore,
718 3567 793 3608 cum
812 3547 864 3610 ed.
883 3558 941 3630 πᾳ.
963 3545 1077 3608 habeat
1100 3557 1182 3608 toto.
1235 3547 1333 3608 Deni-

293 3669 357 3728 que
379 3649 487 3724 Cibin.
510 3641 642 3740 kyrsuti.
685 3666 887 3712 uzacuvcuu.
950 3648 1044 3710 Forte
1062 3647 1151 3709 hirti.
1204 3648 1332 3709 Plinius

292 3749 349 3810 lib.
367 3748 398 3812 6.
415 3769 477 3831 rap.
493 3765 550 3829 51.
570 3744 612 3836 [s.
628 3747 710 3840 56.]
728 3751 912 3811 Perretruvit
925 3751 958 3810 in
972 3771 1025 3810 ιω
1038 3745 1190 3828 (infulae)
1207 3749 1332 3810 Hanno

291 3851 467 3912 Poenorum
488 3853 681 3932 Imperator,
713 3849 916 3933 prodiditque
938 3851 1026 3911 hirto
1040 3839 1244 3940 feminarum
1267 3871 1332 3911 eor·

290 3971 387 4030 pora,
412 3953 498 4012 viros
516 3954 704 4032 pernicitate
725 3943 865 4042 eoufiffe.
892 3970 1104 4016 cteccoutve.
1155 3951 1253 4013 Hirti
1270 3971 1333 4012 ma·

288 4053 365 4124 lim,
390 4067 426 4113 ut
445 4066 476 4112 et
493 4051 571 4114 infra
593 4074 658 4136 cap.
681 4075 735 4116 to.
762 4049 812 4141 [§.
830 4047 885 4138 5.]
910 4066 943 4114 et
962 4053 1086 4114 Plinius
1103 4052 1158 4114 lib.
1172 4055 1208 4116 6.
1225 4074 1254 4116 c.
1275 4067 1331 4130 51.

289 4165 323 4215 et
351 4154 426 4216 alibi
453 4153 553 4236 saepe.
594 4175 773 4219 ecuouuve.
839 4153 981 4228 Mirum,
1015 4156 1105 4238 quod
1131 4175 1200 4217 non
1224 4169 1333 4218 coum
