2788 4942
325 401 416 458 Lm.
446 401 499 456 iss.
544 401 577 458 C·
606 401 630 454 1.
672 399 698 469 ί.
720 409 751 469 5.
1026 408 1065 470 17

52 575 162 658 legitor:
201 574 272 634 Iter
299 571 338 634 de
361 571 452 666 Eslrr'
476 574 591 634 Pacem
621 571 758 642 Iuliam,
797 583 912 636 monet
937 573 988 634 vir
1012 575 1065 638 ille

52 673 241 742 doctissimus.
267 671 411 762 [sorita]
445 677 501 756 qni
528 671 622 736 nobie
652 675 808 756 optimam
836 675 906 738 eine
930 679 1067 738 auctorie

51 777 124 837 dedit
137 777 327 848 editionem,
353 775 464 838 vidisse
482 775 511 838 se
528 777 560 836 in
577 777 682 860 aliquo
699 777 809 837 codice
833 775 962 860 scripto:
997 781 1068 840 Iter

51 877 224 970 deAjlnrico
242 891 302 940 etc.
357 879 421 942 Sed
443 879 527 939 nulla
544 875 744 938 comminisci
768 875 860 960 possit
882 877 983 947 cansa.
1012 899 1067 940 cur

54 977 148 1038 Onoba
166 981 247 1041 dicta
271 978 366 1041 frrerit
389 977 535 1072 Asturica
558 979 608 1040 vel
631 977 776 1070 Asturia,
812 997 885 1040 com
908 981 1066 1062 oppidum

51 1079 114 1140 illud
140 1079 384 1144 remotissimum
415 1078 513 1143 suerit
547 1079 586 1140 alr
618 1079 780 1142 lllluribne
809 1083 946 1164 populis.
1000 1081 1068 1164 lpsa

51 1182 203 1244 lectionum
232 1186 364 1244 varietas
384 1183 496 1252 docet,
529 1179 648 1242 latuisse
675 1181 727 1242 hic
753 1181 838 1242 alind
871 1182 1067 1246 vocabulum

51 1286 132 1367 magle
161 1283 319 1352 insolens.
361 1285 449 1365 qnod
477 1284 674 1365 corruptioni
709 1283 832 1344 dederit
859 1285 1067 1350 occalionern.

51 1385 113 1444 l'en
127 1389 260 1446 omnino
282 1385 323 1446 est
344 1387 439 1448 lectio
454 1377 585 1460 Ὀνοβα
606 1381 792 1468 Δίστουρία.
828 1385 960 1446 Crebrae
978 1391 1068 1448 enim

51 1477 205 1571 ἂναχὺσεις
225 1487 288 1546 sive
304 1487 449 1548 aesluaria
467 1486 614 1547 hocloco
631 1503 804 1554 occurrere.
825 1507 923 1548 nemo
938 1487 990 1556 ell.
1012 1489 1068 1570 qui

51 1589 166 1668 ignoret.
220 1589 263 1648 Vt
283 1603 388 1649 entem
413 1587 524 1648 alnxu
548 1587 693 1656 luxuria,
726 1603 759 1648 et
781 1607 797 1648 a
820 1609 902 1665 penu
923 1592 1067 1668 periuria,

51 1691 83 1748 ita
100 1689 132 1748 ab
145 1689 232 1782 aestu
247 1687 382 1780 cessuria
401 1687 565 1750 formatur.
607 1689 644 1748 ln
662 1689 751 1749 libris
765 1689 952 1752 melioribus
969 1691 1069 1752 Plinii

50 1789 162 1872 legitur:
189 1813 211 1852 a
225 1785 362 1877 jlnrnine
375 1793 457 1862 Ano,
478 1789 570 1852 litore
586 1789 717 1860 Oceani,
739 1791 890 1870 oppidum
907 1785 1070 1880 (ssorroba

50 1891 186 1982 orstrrarr'o
215 1893 503 1972 cognominatum·
548 1891 610 1954 sed
636 1903 668 1952 et
695 1891 778 1972 apud
802 1891 893 1951 illum
919 1909 951 1952 et
977 1895 1070 1966 alioe,

51 2013 113 2071 qnoe
134 1997 248 2062 citavi,
282 1992 423 2086 Aesturia
445 2007 538 2054 vetuo
560 1990 621 2052 suit
646 1993 751 2054 lectio.
807 1994 897 2075 rlpnd
924 1993 1071 2058 Plinium

51 2097 129 2155 etiam
150 2097 221 2180 lege
244 2093 367 2164 Onoba,
395 2113 461 2156 non
485 2087 655 2184 Offonndo,
682 2115 760 2175 qnae
782 2093 825 2154 esl
852 2095 931 2156 oltra
957 2099 1070 2170 Anam,

51 2199 96 2255 nili
110 2197 168 2277 ipse
185 2199 219 2256 in
238 2216 277 2256 eo
294 2199 443 2256 erraverit
459 2197 595 2258 Plinius.
624 2193 677 2256 Eli
693 2197 779 2256 enirn
797 2195 939 2256 Baeticae
956 2197 1072 2261 Onoba

51 2297 185 2366 destnria,
213 2299 265 2358 ille
283 2317 359 2358 vero
378 2299 563 2359 Lusitaniae.
616 2295 788 2382 Dillirrguit
805 2317 856 2360 eat
877 2299 972 2360 eliam
991 2301 1073 2362 Μαι·-

52 2399 142 2462 danne
159 2399 345 2462 Heracleon
362 2421 392 2479 p.
408 2410 456 2478 4ο
468 2397 508 2480 sq.
526 2395 625 2460 Huds.
653 2399 750 2482 Apud
762 2399 952 2462 Strabonem
969 2402 1024 2464 lib.
1037 2417 1069 2481 5.

54 2491 92 2580 [p.
108 2521 163 2580 99.
180 2501 201 2564 s.
225 2493 329 2583 143.]
354 2501 455 2584 legae:
489 2491 626 2562 Τούτων
646 2494 672 2560 δ’
694 2495 778 2562 ἐστὶν
800 2493 858 2587 ἥτε
873 2491 990 2572 'dorm
1017 2497 1074 2565 καὶ

55 2597 213 2688 ll'r'ssprooo.
244 2597 298 2664 nol
311 2595 444 2676 ’Όνοβα
462 2595 516 2663 nol
534 2595 671 2676 Σόνοβα
690 2593 744 2662 nni
762 2599 919 2676 Malvesia
940 2598 993 2666 nni
1017 2596 1075 2666 ‹id-

54 2695 250 2778 inrisione.
279 2705 340 2766 Cui
353 2721 419 2763 non
429 2717 584 2786 appareat.
601 2696 765 2778 Ὀσόνοβα
781 2701 840 2764 else
852 2701 1075 2768 scribendum?

53 2800 164 2884 Lnepoe
183 2825 273 2874 vero,
303 2825 397 2886 qnam
423 2803 556 2866 Onobnc
581 2802 753 2888 subiungit,
779 2807 931 2864 meminit
954 2807 987 2866 in
1012 2806 1074 2868 hoc

54 2915 136 2966 tractu
157 2906 296 2974 Plinius,
324 2901 380 2992 [3.
407 2919 437 2984 3.
461 2905 534 2968 s.1.
560 2905 618 2966 ubi
644 2905 722 2966 olim
745 2905 878 2984 Laepia,
904 2925 990 2968 nunc
1012 2909 1075 2968 Re·

51 3002 177 3094 μμ]
211 3009 267 3088 qni
296 3009 482 3068 Latinorum
512 3019 615 3068 vocat.
681 3005 797 3066 Dissert
823 3019 930 3065 antem
956 3007 1033 3069 haec
1057 3029 1075 3070 a

52 3105 139 3190 Laepe
156 3129 283 3192 magna,
307 3110 397 3170 cuiue
413 3109 559 3168 meminit
576 3105 794 3170 Ptolemaeus.
818 3105 867 3182 [2.
883 3109 934 3188 lp]
971 3111 1074 3194 Vulgo

52 3228 155 3272 nomen
177 3211 305 3273 obtinet
326 3209 414 3272 locut
435 3210 505 3278 ille,
532 3223 565 3270 et
582 3207 655 3268 srtue
670 3207 712 3269 ell
729 3208 766 3268 acl
787 3206 890 3270 linum
910 3211 1074 3294 exiguum,

52 3313 96 3388 qni
116 3313 146 3372 in
165 3331 321 3372 oceanum
340 3315 406 3370 exit
425 3313 507 3370 inter
523 3309 688 3388 Cartayam
704 3323 736 3370 et
754 3311 969 3374 diamontem.
1003 3333 1077 3374 voe·

52 3429 119 3474 nvn
172 3411 297 3480 Onoba,
322 3413 407 3493 quod
427 3413 568 3472 innnnnt
584 3412 678 3472 etiam
696 3411 829 3479 codicer.
852 3425 935 3473 recte
955 3411 984 3474 se
1000 3414 1075 3477 ideo

54 3510 154 3574 habere
177 3515 324 3582 videtur,
357 3515 442 3594 quod
465 3513 548 3574 lllela
571 3511 634 3594 ipse
656 3510 693 3570 ab
717 3511 876 3574 Ossonoba
901 3513 1076 3598 distinguit.

55 3611 154 3676 Onolra
170 3616 257 3676 enim
271 3635 288 3675 a
305 3615 438 3676 flumine
455 3617 521 3675 Ana
534 3616 572 3674 ad
588 3613 700 3673 Baetin
720 3613 1000 3696 progredientibus
1021 3615 1078 3676 ob·

56 3715 97 3774 ria
115 3715 172 3784 est,
207 3717 257 3776 uti
274 3735 313 3776 ex
331 3714 438 3778 Plinio
462 3729 494 3794 5,
520 3729 552 3792 3.
577 3712 596 3774 s,
626 3733 654 3776 r.
678 3713 890 3803 perspicitur,
914 3733 990 3776 cnm
1011 3735 1077 3797 quo

56 3815 198 3876 consentit
212 3815 415 3880 Ptolemaeus
436 3834 467 3886 2.
488 3825 524 3896 4.
551 3815 608 3876 ubi
622 3807 753 3892 Ὀνοβα
777 3811 949 3900 dioroopio
971 3817 1078 3899 legen·

57 3916 120 3976 dnm
135 3919 205 3986 else,
232 3919 355 3978 dudum
372 3919 432 3978 viri
454 3919 541 3978 docti
561 3917 654 3978 multi
671 3929 877 3983 monuerunt,
901 3916 1077 3981 adstruente

55 4015 160 4082 Plinio.
202 4021 287 4082 Vltra
304 4035 412 4082 autern
433 4037 547 4084 omnen
567 4029 694 4103 ponunt
719 4015 926 4080 Ossonobam.
964 4017 1077 4100 Neque

97 4135 187 4211 Pomp.
210 4137 302 4194 Meso.
325 4137 363 4194 L·
383 4137 436 4192 sss.
718 4117 746 4178 B
