2788 4942
316 429 357 474 aa
624 418 867 480 POMPONII
902 421 1063 480 uncta:

317 595 503 658 ilarduinns
523 594 560 656 arl
576 594 721 656 Plinium
738 615 761 657 c.
778 595 800 655 l.
829 595 862 656 iu
886 615 951 677 quo
972 593 1139 658 adsentior.
1183 597 1276 660 Recte
1292 615 1333 656 au·

318 711 385 760 tem
409 699 486 759 haec
508 699 640 758 nomina
662 697 700 758 ab
723 697 897 758 Hermolao
914 697 1052 759 Barbaro
1074 698 1209 758 restituta
1231 699 1333 758 evincit

318 801 352 861 in
371 802 482 883 primis
499 800 631 868 Plinius,
655 801 719 880 qui,
744 799 798 860 etst
817 797 938 860 inversa
956 795 1180 883 progressione.
1203 801 1256 860 tria
1273 799 1334 858 haec

319 903 455 964 nomina
492 902 642 982 deinceps
673 899 822 962 recenset.
890 901 929 961 lu
957 893 1118 990 Offonobo
1143 919 1265 983 parum,
1292 912 1335 958 aut

320 1004 404 1066 nihil
426 1005 603 1083 discrepant
623 1003 712 1073 libri;
753 1015 877 1062 tautum
903 1005 990 1062 eninr
1012 1001 1106 1063 Paris.
1128 1019 1159 1066 2.
1183 1001 1302 1082 simplici
1316 1020 1334 1068 r,

320 1107 371 1166 uti
390 1105 568 1164 Marcianus
586 1123 613 1168 c.
628 1105 651 1168 l.
685 1103 770 1167 Edd.
794 1123 824 1168 a.
849 1119 884 1168 a.
899 1122 934 1185 9.
959 1095 1137 1194 Offonoba,
1161 1123 1235 1166 cum
1249 1101 1336 1166 Ptole·

319 1225 413 1270 anaeo
437 1221 469 1277 a,
492 1215 525 1282 5.
549 1205 595 1268 in.

398 1407 664 1492 Lacobriga)
713 1412 814 1476 Vatic.
843 1411 984 1474 Vindob.
1015 1409 1111 1474 Paris.
1133 1427 1164 1472 a.
1189 1421 1221 1488 3.
1241 1407 1333 1468 Venet

321 1511 430 1574 Havn.
454 1509 668 1593 Latobrigas;
701 1513 788 1576 Gucl.
819 1511 1045 1594 Iattrrbrigal;
1083 1513 1193 1575 Cibin.
1222 1503 1334 1590 adpensa

321 1615 470 1696 proximo
489 1627 530 1682 et,
558 1612 839 1696 Iattobrt'gasetlr,·
871 1617 1007 1700 slehrlig.
1030 1612 1113 1695 Lips.
1138 1606 1335 1687 Lottobrr'galt

321 1713 417 1778 Paris.
438 1737 467 1779 t.
488 1713 701 1796 Labrobt'gal,·
727 1717 877 1779 Ciaccou.
895 1713 1092 1797 Laccobriga
1105 1729 1138 1778 et
1151 1708 1334 1789 Lottobrr'ga,·

322 1814 414 1899 Prag.
435 1812 610 1878 Cotobrt'al.
651 1818 735 1878 Edd.
756 1837 786 1882 1.
806 1835 838 1882 2.
857 1831 889 1900 3.
908 1829 942 1900 4.
960 1829 992 1894 5.
1017 1837 1049 1900 9.
1076 1839 1133 1880 ιι.
1151 1808 1335 1890 Latobrigos?

321 1919 460 1998 reliquae
476 1915 666 1998 Lacobriga.
690 1939 889 1981 rzscuvcua..
940 1917 1154 1982 Scribendum
1172 1910 1333 1990 Lacobriga,

320 2019 470 2078 usitatum
505 2019 538 2078 id
573 2019 722 2102 Hispania
752 2021 885 2082 urbibus
920 2021 1126 2083 vocabulum.
1175 2031 1331 2078 nannnnrs.

187 2141 194 2152 ·
320 2119 421 2181 Recte
438 2121 478 2180 de
500 2119 664 2199 posteriori
682 2124 825 2184 nominis
846 2135 949 2204 parte,
976 2141 1033 2203 pro
1054 2141 1120 2202 quo
1142 2121 1237 2182 etiam
1256 2113 1332 2180 brira.

319 2222 423 2282 veluti
447 2223 479 2280 in
498 2220 688 2294 Merobrica,
714 2245 809 2305 quom
830 2225 963 2286 eandem
981 2224 1033 2284 hic
1053 2223 1114 2284 esse
1137 2233 1227 2304 putat
1246 2220 1273 2278 in
1288 2214 1334 2274 Pli-

320 2323 378 2382 nio
402 2333 435 2402 4,
463 2335 520 2400 35.
544 2319 564 2382 s.
589 2339 647 2386 22.
690 2325 894 2396 ciacconius,
925 2325 981 2406 qui
1010 2339 1118 2385 tamen
1147 2317 1333 2386 Menobn'can

319 2419 395 2484 sallo
418 2439 519 2485 vocnt.
572 2427 633 2488 Sed
653 2427 692 2488 de
716 2428 815 2508 priori
834 2440 920 2508 parte
942 2426 1024 2486 nihil
1045 2427 1175 2486 aliunde
1191 2423 1262 2484 certi
1279 2437 1334 2478 con·

319 2523 404 2586 stitui
434 2525 545 2608 potest.
606 2526 752 2589 Occurrit
779 2525 976 2608 Lacobriga,
1013 2529 1066 2588 vel
1092 2543 1132 2588 ut
1159 2521 1333 2596 scribendum

319 2627 413 2686 numi
432 2630 549 2688 docent
567 2631 650 2710 apud
667 2629 831 2691 Goltzinm
850 2631 883 2690 in
900 2627 976 2691 thes.
991 2650 1023 2709 p.
1043 2641 1128 2705 aaa.
1155 2641 1187 2688 et
1203 2619 1332 2685 Harduin.

320 2727 356 2788 in
377 2729 474 2810 Oper.
494 2727 545 2792 sel.
566 2751 598 2812 p.
617 2749 677 2808 91.
701 2729 918 2810 Laccobriga,
952 2729 1002 2790 sed
1024 2733 1059 2790 in
1080 2727 1227 2790 Vaccaeis
1248 2719 1333 2800 Hispa·

317 2830 390 2892 niae
418 2833 656 2894 Tarraconensia
680 2851 793 2894 omnes
820 2845 947 2912 ponunt
976 2843 1008 2891 et
1040 2833 1073 2890 in
1107 2821 1332 2890 mediterraneis.

318 2930 394 2994 vid.
418 2933 500 2994 Plin.
522 2947 554 3012 3.
574 2944 608 3012 4.
631 2931 652 2994 s.
673 2947 706 3012 3.
739 2933 815 3016 (ubi
837 2922 1100 3021 Lacobricenses)
1142 2928 1286 2992 Antonin.
1308 2923 1333 2978 in

318 3031 423 3094 itiner.
452 3057 483 3116 p.
509 3049 591 3113 395.
620 3049 652 3096 et
679 3034 764 3098 alibi.
826 3033 921 3116 Apud
952 3034 1174 3094 Ptolemaeum
1201 3047 1229 3098 2,
1251 3029 1280 3089 6.
1298 3041 1333 3082 ¹11·

318 3145 443 3194 tanturn
471 3139 580 3198 Lerina
606 3137 742 3206 habent,
779 3150 810 3198 et
829 3138 863 3206 in
887 3135 983 3198 Palat.
1008 3135 1091 3196 Cod.
1117 3131 1179 3192 fuit
1210 3145 1334 3218 μεοριγα·

321 3235 420 3315 Quod
441 3237 503 3298 huc
519 3237 614 3298 refert
624 3240 807 3300 Harduinus
822 3237 860 3298 ad
869 3238 953 3298 Pliu.
970 3256 995 3298 c.
1011 3237 1032 3298 l.
1056 3249 1088 3296 et
1109 3255 1148 3295 ex
1171 3252 1208 3292 eo
1234 3225 1333 3290 Rascht

319 3337 353 3395 in
379 3337 452 3397 Lex.
477 3361 568 3402 num.
591 3341 632 3402 T.
651 3357 683 3404 2.
705 3340 741 3402 P.
766 3355 798 3402 a.
824 3359 856 3420 p.
881 3349 984 3416 1404.
1026 3331 1255 3421 Λαγγοβρίτας
1276 3327 1334 3390 Plu·

318 3441 419 3498 tarchi
440 3440 472 3500 in
489 3443 629 3503 Sertorio
646 3461 712 3522 cap.
735 3454 790 3516 13.
820 3439 874 3500 etsr
892 3459 966 3499 cunr
985 3436 1186 3519 Welselingin
1203 3435 1237 3494 ad
1254 3431 1334 3489 anto·

316 3541 388 3599 uiui
411 3542 516 3604 itiner.
530 3537 569 3623 'p.
592 3553 676 3621 421.
700 3541 906 3622 probabiliter
931 3539 1091 3600 substituas
1113 3529 1333 3618 unpnnssnr'nu.

318 3641 352 3700 irl
370 3655 474 3702 tamen
496 3643 631 3702 dubium
653 3644 706 3704 hic
721 3642 795 3704 sacit
814 3643 903 3712 suus,
938 3661 1011 3702 cnm
1030 3637 1229 3720 Langobrica
1249 3644 1332 3714 prope

318 3741 463 3803 Minium
482 3745 520 3804 ab
543 3746 710 3805 Antonino
729 3745 857 3828 longius
877 3745 954 3802 hinc
975 3755 1121 3823 ponatur,
1145 3731 1332 3800 Lancobrt'ca·

317 3843 493 3904 sicanrlem
520 3849 589 3926 quis
611 3847 784 3926 putaverit,
816 3845 1033 3908 aPtolemaeo
1054 3862 1083 3913 a,
1105 3855 1138 3919 5.
1160 3843 1193 3900 in
1219 3831 1331 3897 urbibus

317 3943 515 4006 Celticorum
534 3949 782 4009 mediterraneis.
816 3948 911 4007 Forte
932 3947 1061 4026 propius
1086 3940 1235 4004 accesserit
1253 3935 1332 3996 Cato·

316 4043 419 4127 briga.
443 4069 538 4129 qnam
555 4051 726 4110 lectionem
743 4050 838 4110 etiam
856 4046 984 4108 adstruit
1003 4047 1085 4108 Cori.
1102 4045 1191 4124 Prag.
1226 4037 1330 4111 Nempe

245 4205 248 4214 ,
315 4168 352 4210 aa
375 4153 515 4213 occurrit
534 4153 570 4213 in
591 4151 758 4214 Antonino
778 4171 811 4234 p.
832 4170 878 4214 m.
898 4159 984 4233 417.
1011 4149 1066 4230 qui
1090 4145 1246 4227 Olisipoue
1265 4129 1330 4214 (iu)
