2864 4944
343 433 406 503 5²⁴
641 422 886 482 ιοιιιιοιιιι
921 421 1082 478 uentu

345 600 432 660 Tum
456 597 618 679 antiquam
642 596 834 666 tectionem,
861 595 975 678 Styra,
1000 598 1099 657 eiecta
1119 615 1199 658 voce
1219 593 1362 689 Hestiaea,

347 701 401 762 ves
428 697 566 790 Issiaco,
599 701 724 759 revexit
753 697 962 768 sieinoidius,
998 699 1050 757 cui
1082 713 1167 758 recte
1194 697 1362 758 auscultavit

347 803 387 864 A.
411 801 596 862 Gronovius
626 801 660 860 in
687 800 738 862 ed.
767 809 828 877 44.
863 811 957 879 atque
983 797 1045 860 boc
1072 796 1205 859 subsedit
1234 799 1266 858 in
1294 799 1362 860 aliis.

349 919 555 964 uzscrrvcue.
610 899 730 982 Styra)
790 899 1002 962 Scribendum
1035 913 1116 981 puto
1143 897 1302 991 Hestiaaa,
1330 899 1362 958 de

342 1021 412 1084 ¹qua
433 1015 526 1083 poeta
547 997 816 1064 eminentissimus
839 995 1019 1086 [Homerus
1044 1001 1081 1062 ss.
1101 1017 1133 1080 a,
1152 995 1252 1088 537.]
1278 996 1363 1063 noio·

349 1095 526 1182 στάφυλόν
557 1123 594 1164 τε
624 1097 809 1172 Ἑστιαῖαν,
837 1097 960 1188 [ἱιτιιιιο
988 1097 1022 1164 θ’
1044 1095 1219 1186 Ἱστίαιαν]
1251 1100 1287 1162 ab
1311 1101 1363 1162 sse·

338 1204 466 1298 fliam,
498 1223 576 1284 quae
596 1203 635 1264 ars
659 1203 839 1285 Olympum
859 1201 918 1272 est,
954 1201 1090 1265 deducto
1113 1205 1254 1264 nornine.
1302 1203 1364 1264 Fuit

349 1309 385 1366 in
406 1301 535 1366 adverso
559 1316 666 1365 tamen
690 1303 840 1366 Euboeae
862 1303 950 1365 locus
971 1302 1101 1396 Astyra,
1131 1319 1168 1364 ut
1189 1307 1232 1364 ait
1248 1303 1362 1372 Charax,

351 1401 456 1494 [apud
477 1405 676 1488 Stephanum
697 1405 731 1468 b.
752 1399 805 1489 v.]
831 1406 917 1465 iuxta
933 1405 1077 1477 Potnias,
1104 1405 1163 1466 nisi
1184 1408 1251 1486 quis
1268 1407 1298 1464 in
1313 1407 1362 1464 Eu·

349 1505 464 1569 boeam
485 1523 613 1588 quoque
642 1506 673 1566 id
704 1525 826 1568 nomen
855 1505 1059 1576 translatum,
1096 1521 1135 1566 ut
1160 1508 1217 1567 asia
1237 1507 1362 1588 pleraque

348 1605 480 1677 censeat,
507 1620 600 1689 atque
616 1607 659 1668 ita
677 1609 767 1668 malit
785 1604 910 1696 Astyra,
937 1627 1031 1690 quam
1051 1606 1214 1699 Hestiaia,
1240 1606 1362 1668 scribere.

350 1727 538 1770 nannenus.
601 1708 724 1768 Mirum
748 1707 807 1777 est,
843 1709 898 1788 qui
926 1721 991 1769 tam
1016 1707 1120 1770 secure
1151 1710 1212 1770 viri
1236 1709 1314 1770 docti
1336 1709 1362 1766 in

349 1809 408 1871 hac
425 1809 588 1872 Hermolai
611 1809 749 1870 sectione
770 1807 968 1890 adquiescere
987 1811 1168 1892 potuerint,
1195 1829 1270 1891 quae
1289 1809 1361 1870 nulio

350 1912 499 1973 codicum
521 1910 673 1994 praesidio
698 1912 856 1980 firmatur,
893 1931 970 1973 tum
991 1925 1149 1992 praeterea
1166 1913 1317 1973 Homerus
1336 1911 1362 1968 iu

351 2012 502 2073 Euboeae
522 2013 601 2074 locis
618 2009 818 2074 recensendis
832 2012 868 2072 11.
888 2027 921 2082 a,
939 2025 1022 2092 539.
1048 2013 1146 2094 Styra
1169 2011 1277 2074 diserte
1294 2031 1362 2072 com·

349 2126 521 2175 memoret.
555 2111 701 2175 Offendit
715 2110 797 2174 sorte
813 2113 1031 2183 Hermolaum,
1048 2115 1134 2195 quod
1154 2127 1255 2175 narrat
1268 2111 1361 2176 Strabo

350 2213 408 2274 lib.
434 2233 487 2275 ιο.
512 2234 543 2296 p.
564 2233 607 2275 m.
629 2228 712 2292 507.
729 2213 751 2278 s.
767 2215 853 2294 446.
886 2227 974 2276 etex
996 2233 1035 2276 eo
1053 2215 1234 2277 Eustathius
1252 2215 1287 2276 ad
1309 2213 1362 2273 Ho-

215 2337 220 2344 ’
349 2333 477 2376 merum
495 2334 522 2376 c.
538 2315 559 2376 s.
587 2333 658 2376 eam
674 2314 786 2377 urbem
805 2313 843 2374 ab
862 2315 1109 2378 Atheniensibus
1130 2318 1266 2378 dirutam
1281 2312 1361 2380 fnisse,

286 2471 289 2484 ,
347 2415 520 2496 iocumque
536 2413 574 2476 ab
590 2415 820 2478 Eretriensrbus
841 2429 1047 2498 occupatum3
1079 2437 1175 2499 quare
1197 2421 1287 2479 etiam
1307 2417 1361 2476 eius

349 2518 551 2578 mentionem
570 2517 692 2578 nussam
710 2514 854 2578 fecerunt
875 2519 1000 2580 Plinius
1019 2532 1051 2578 et
1073 2519 1283 2581 Ptolemaeus.
1328 2517 1360 2575 dt

347 2617 435 2678 Mela
462 2637 530 2678 non
556 2616 625 2681 suae
649 2617 750 2680 solum
773 2619 898 2690 aetatis,
930 2617 982 2679 sed
1003 2633 1035 2680 et
1059 2619 1228 2701 superioris
1246 2619 1360 2701 oeogra·

347 2718 458 2801 phianr
474 2721 617 2801 exponit,
643 2721 697 2780 vel
719 2720 797 2790 loca.
824 2739 935 2782 eorum
955 2718 1016 2782 satit
1038 2723 1199 2803 ignorans,
1224 2718 1359 2803 producit,

347 2819 430 2900 quast
455 2821 559 2882 adbuc
575 2821 724 2883 steterint.
776 2807 929 2904 E'xempse
950 2821 1101 2902 praebent
1122 2823 1257 2903 Sigeum,
1284 2820 1361 2899 otni-

218 2915 224 2928 ”
347 2921 435 2988 ebor,
463 2921 618 2982 Potidaea
642 2936 675 2983 et
695 2923 764 2984 alia.
815 2924 901 2981 'sum
927 2921 1092 3013 Histiaeo,
1127 2924 1248 2985 saliare
1273 2914 1360 3003 positi»

344 3019 525 3101 praesentat
546 3037 704 3092 auctores.
736 3035 772 3082 ut
795 3021 976 3084 Histiaeotis
1001 3026 1040 3084 de
1061 3022 1194 3086 Euboea
1219 3033 1360 3105 praeeunt,

218 3163 221 3174 ·
346 3123 443 3184 etiam
463 3123 624 3184 Homerus
642 3143 668 3186 c.
685 3125 706 3186 l.
735 3123 887 3187 Ceterum
905 3143 922 3186 a
937 3123 1059 3188 verbis:
1084 3125 1218 3209 Aliquot
1231 3128 1263 3186 in
1276 3143 1310 3183 ea
1322 3151 1360 3168 -

345 3224 454 3302 capitis
476 3225 534 3298 56.
558 3224 691 3286 initium
714 3221 788 3286 facit
809 3225 952 3288 Vinctus.

420 3373 617 3455 Eretria)
666 3374 751 3436 Male
782 3375 877 3438 etiam
904 3375 965 3436 boc
995 3396 1115 3439 nomen
1141 3375 1296 3439 adiectum
1318 3371 1359 3432 ad·

343 3486 440 3552 paret.
483 3475 634 3543 Vaticani,
660 3473 753 3538 Paris.
777 3497 804 3539 ι.
825 3495 856 3538 a.
881 3477 989 3540 (tibin
1014 3479 1152 3540 Vindob.
1179 3479 1261 3540 Gud.
1283 3477 1358 3555 Prrg.

343 3569 427 3652 Lips.
446 3574 556 3638 Venet.
571 3576 696 3648 Preion
723 3575 816 3647 Paris.
831 3591 863 3654 5.
881 3579 1028 3652 Parnm
1051 3579 1188 3664 Ptehdig.
1205 3577 1357 3660 ptoettyr.

342 3671 404 3732 Ed.
427 3693 454 3736 r.
472 3666 599 3760 fretia3
627 3691 660 3738 Ω.
682 3693 716 3755 9.
734 3679 879 3756 pbretia3
911 3692 995 3741 recte
1018 3682 1090 3742 edd.
1111 3683 1255 3748 Venetae,
1281 3691 1310 3756 3.
1327 3683 1355 3750 ti·

341 3784 376 3850 5.
399 3772 624 3837 substituerunt
645 3776 788 3848 Eretria,
818 3798 912 3858 quam
937 3781 1050 3841 urbem
1070 3783 1146 3844 inde
1170 3783 1208 3844 ab
1228 3781 1355 3842 Homero

339 3871 376 3934 11.
394 3889 440 3950 2„
452 3889 535 3956 537.
562 3878 656 3938 multi
677 3879 710 3938 in
727 3879 858 3943 Euboea
876 3897 1141 3946 commemorant.

408 4027 589 4107 Pyrrha·
620 4020 777 4119 Nesos)
830 4031 915 4092 Male
943 4032 1020 4096 baec
1050 4035 1182 4095 nomina
1213 4035 1247 4094 in
1279 4027 1354 4090 sibrir

332 4126 527 4212 consuerunt,
553 4131 597 4192 ita
618 4143 725 4192 temen
742 4147 778 4193 ut
801 4131 880 4197 sacta
897 4135 995 4198 etiam
1011 4135 1081 4218 port
1098 4126 1352 4200 contaminatione
