2752 4944
327 429 389 512 276
623 427 867 486 nouooutt
900 427 1061 486 nacae

330 607 384 670 etfi
405 605 572 668 Pintianue
594 623 632 666 ex
654 600 715 664 soie
742 601 787 662 ibi
812 615 845 664 et
873 623 939 686 cap.
962 606 1110 688 proximo
1134 619 1224 668 notet
1251 602 1345 672 Iader.

331 727 425 790 quam
442 705 578 768 sormam
599 704 714 787 probat
733 702 798 786 ipse
818 705 940 770 Pliniue
961 729 1028 790 cap.
1050 709 1109 771 ult.
1136 709 1191 770 ubi
1205 710 1236 768 in
1254 705 1346 767 omni·

330 809 390 892 bue
417 807 508 871 MSS.
534 809 665 892 legitur:
704 805 826 869 Contra
849 808 1011 898 Iadercst
1042 801 1142 898 Lt'ffir.
1196 808 1287 892 Quod
1312 825 1345 868 ex

326 911 437 972 numia
458 911 595 972 excitant
619 908 736 971 Iadera
758 910 921 977 Goltzius.
947 911 1111 995 Ligoriue‚
1136 911 1346 994 Spanhemine,

326 1013 434 1096 etqui
459 1013 534 1078 haec
556 1013 698 1075 conlecta
730 1011 820 1074 dedit
847 1011 963 1074 liniche
987 1015 1020 1074 in
1045 1015 1119 1075 Lex.
1144 1034 1233 1074 num.
1258 1013 1296 1072 T.
1319 1027 1346 1072 2.

324 1115 361 1178 P.
382 1131 412 1180 α.
436 1136 469 1196 p.
492 1131 576 1192 ὅσα.
603 1133 766 1194 nunquam
794 1115 888 1176 huiue
910 1115 996 1176 urbie
1025 1129 1189 1176 monetam
1215 1109 1346 1174 exilitille

324 1217 443 1278 iudicat
459 1217 630 1278 Echheliua
648 1217 681 1276 in
698 1217 840 1278 doctrina
855 1237 980 1276 numor.
997 1215 1033 1278 P.
1051 1237 1080 1278 t.
1093 1217 1163 1276 Vol.
1184 1233 1215 1279 2t
1229 1237 1259 1296 p.
1275 1225 1346 1288 152.

326 1340 365 1380 ex
390 1339 453 1400 quo
488 1319 583 1380 dubia
619 1331 703 1380 certe
732 1319 875 1380 redditur
907 1317 1002 1378 huiue
1028 1315 1148 1378 formae
1181 1337 1218 1376 ex
1251 1315 1347 1376 nuruis

326 1423 505 1483 auctoritas.
557 1419 675 1481 ludera
706 1435 812 1480 tamen
844 1419 980 1480 occurrit
1013 1419 1044 1478 in
1080 1418 1246 1478 Muratorii
1279 1411 1346 1476 thes.

325 1521 431 1584 inlcrr.
462 1544 494 1604 p.
521 1533 605 1598 328.
634 1539 664 1583 1.
700 1535 783 1598 871.
808 1521 842 1583 6.
893 1521 953 1582 Sed
981 1533 1014 1580 et
1037 1519 1136 1580 Iader
1165 1521 1199 1579 in
1223 1519 1348 1580 Grutero

326 1645 359 1708 p.
380 1638 463 1702 3⁰¹·
496 1635 528 1682 et
546 1619 653 1682 museo
671 1621 840 1682 Veronenst
863 1642 894 1701 p.
915 1621 994 1690 267,
1019 1642 1047 1684 ι.
1100 1623 1148 1682 lta
1171 1622 1265 1682 etiarn
1288 1637 1349 1700 pro·

326 1724 435 1786 ferunt
457 1724 611 1784 Antonin.
635 1723 742 1784 itiner.
763 1743 793 1804 p.
815 1737 896 1788 272.
920 1721 1044 1785 Wellel.
1083 1722 1200 1784 Lucan.
1218 1733 1251 1802 tp,
1272 1729 1348 1798 4⁰5·

326 1825 438 1886 Vibiue
455 1823 617 1906 Sequeller
638 1843 671 1904 p.
694 1838 748 1902 13.
771 1823 878 1885 Oberl.
903 1843 1094 1905 quamquam
1113 1825 1146 1884 in
1164 1825 1215 1884 hie
1235 1821 1351 1882 duobus

327 1927 419 1988 lluvii
447 1925 490 1986 est
518 1945 654 1993 nomen,
691 1925 776 2004 quod
807 1938 839 1985 et
871 1925 986 2008 legitur
1017 1925 1055 1985 lic
1085 1927 1118 1984 in
1146 1925 1293 1986 Boccatiu
1314 1921 1348 1980 de

326 2027 452 2088 slunrin.
475 2026 507 2088 b.
529 2045 561 2088 v.
615 2024 692 2086 Non
725 2027 839 2109 igitur,
879 2027 964 2106 quotl
1001 2024 1103 2086 scribit
1136 2026 1291 2088 Collatino
1321 2025 1352 2080 io

217 2181 221 2190 .
328 2127 445 2210 Geogr.
465 2141 529 2188 ant.
549 2141 581 2196 a,
601 2139 633 2202 8.
655 2145 733 2190 111.
761 2127 930 2207 aliquando
952 2141 1075 2188 tantum
1092 2129 1125 2187 in
1147 2128 1240 2189 MSS.
1264 2123 1351 2184 Iader

326 2231 497 2310 reperitur,
529 2228 631 2286 immo
649 2225 731 2287 sorte
752 2228 870 2286 Indara
891 2227 1050 2307 posteriori
1073 2249 1152 2290 aevo
1177 2229 1277 2312 magia
1300 2223 1352 2284 sre·

327 2343 474 2410 quentata
501 2327 559 2396 est.
602 2341 634 2387 et
669 2327 708 2387 stc
738 2327 830 2388 essert
861 2328 977 2412 Geogr.
1012 2331 1157 2390 Ravenn.
1181 2340 1215 2409 4,
1247 2331 1298 2390 16.
1323 2336 1352 2386 et

327 2443 359 2507 5.
389 2439 441 2512 14.
477 2429 678 2492 Ptolemaeus
693 2425 756 2508 ipse
774 2429 830 2491 lib.
849 2441 882 2506 3.
907 2431 939 2490 iu
956 2431 1099 2512 Europae
1118 2431 1179 2492 tab.
1201 2441 1233 2506 5.
1258 2428 1354 2489 scribit

323 2522 435 2617 Ἰᾶδερ.
487 2531 623 2589 Narona
642 2543 748 2590 autern
764 2529 859 2592 babet
879 2533 973 2592 etiarn
990 2531 1111 2592 Plinius
1130 2545 1161 2610 3,
1182 2533 1240 2594 26.
1259 2529 1277 2590 s.
1299 2543 1352 2590 22.

325 2647 511 2715 praeterque
547 2631 637 2690 illum
670 2633 824 2694 Antonin.
857 2634 890 2692 in
920 2634 1024 2693 itiner.
1053 2653 1082 2713 p.
1115 2645 1197 2710 553.
1240 2631 1351 2712 Geogr.

325 2735 471 2796 Ravenn.
497 2743 530 2812 4,
560 2733 614 2793 ι6.
643 2744 675 2806 5.
702 2741 756 2810 14.
794 2733 855 2795 tab.
874 2733 1021 2817 l‘euting.
1045 2735 1136 2795 6.A.
1164 2747 1207 2802 et,
1238 2731 1256 2790 st
1281 2733 1352 2792 fides

304 2835 469 2895 'habenda
488 2833 618 2894 Goltzio
640 2835 672 2892 in
691 2831 767 2894 thes.
789 2856 820 2915 p.
841 2844 923 2916 24⁶.
949 2839 981 2894 in
997 2836 1102 2895 numia
1117 2835 1212 2894 etlam
1230 2835 1352 2914 legitur.

324 2935 388 2996 Pro
409 2955 447 2996 eo
472 2931 584 2994 vitiose
605 2935 689 3016 apud
712 2935 932 2996 Ptolemaeum
959 2951 991 3006 a,
1021 2951 1076 3006 17.
1111 2928 1272 3012 Ναρβονά
1297 2935 1356 2992 lio·

325 3031 426 3100 dt'otua
451 3037 503 3096 vel
526 3029 713 3118 Ναρβωνᾶ,
745 3039 794 3096 uti
814 3055 852 3096 ert
876 3036 967 3096 codd.
992 3035 1092 3096 adfert
1116 3017 1294 3118 Wblleling.
1317 3031 1352 3092 atl

324 3137 479 3198 Antonin.
503 3137 608 3198 itiner.
626 3156 653 3198 c.
674 3137 694 3196 l.
720 3156 776 3216 pro
801 3131 962 3218 Nupwud,
997 3139 1045 3196 uti
1068 3137 1278 3196 iamdudum
1300 3135 1353 3194 do·

324 3250 429 3298 maeret
452 3237 614 3300 Salmasius
636 3237 673 3297 ad
696 3235 819 3317 Vopisci
842 3235 957 3299 Carum
983 3257 1009 3298 c.
1027 3251 1061 3315 [4.
1090 3250 1197 3297 contra
1222 3237 1352 3318 Scalige-

323 3357 398 3396 rum
418 3337 455 3396 ad
475 3335 647 3398 Eusebium
668 3359 700 3396 n.
719 3351 826 3416 2298.
855 3339 912 3418 qui
935 3339 1010 3398 inde
1027 3339 1210 3398 Narbonam
1233 3339 1267 3396 in
1286 3337 1354 3412 llly-

324 3438 389 3498 rico
416 3438 513 3498 etiam
539 3435 627 3498 soille
658 3451 833 3502 notaverat.
885 3441 945 3500 Sed
977 3443 1069 3499 docet
1096 3440 1220 3519 optime
1253 3439 1355 3498 Ptole·

324 3557 431 3598 moene
455 3535 536 3618 ipse,
576 3539 631 3618 qui
655 3539 710 3601 lib.
729 3553 761 3614 3.
787 3542 819 3599 in
844 3539 987 3619 Europae
1008 3541 1069 3602 tab.
1089 3552 1121 3614 5.
1151 3531 1293 3625 Nt'rpwuo
1321 3539 1353 3595 in

323 3637 386 3698 boc
402 3651 502 3698 tractu
518 3652 758 3700 commemorat.
803 3641 877 3700 Non
897 3642 994 3724 igitur
1013 3640 1130 3701 necesse
1147 3640 1199 3708 eti.
1227 3661 1244 3700 a
1263 3639 1350 3698 utsS.

325 3739 484 3802 discedere
512 3751 544 3801 et
572 3761 646 3801 curn
669 3739 821 3803 Pintiano
844 3763 883 3802 ex
912 3741 1065 3804 Strabone
1097 3741 1200 3823 legere
1228 3741 1352 3804 Neron,

322 3838 356 3899 in
385 3859 447 3921 quo
469 3844 563 3903 etiam
590 3861 655 3902 non
685 3841 771 3902 urbie
796 3862 916 3904 nomen
941 3843 999 3912 ell,
1034 3841 1085 3904 sed
1112 3841 1221 3907 fluvii,
1257 3857 1353 3920 quem

253 3960 255 3964 ·
322 3953 355 4000 et
381 3941 419 4001 lic
444 3957 697 4006 commemorant
721 3943 804 4008 Pliu.
828 3958 861 4024 3,
886 3946 942 4008 26.
963 3941 985 4006 s.
1004 3957 1063 4023 23.
1095 3957 1128 4006 et
1151 3941 1355 4005 Ptolemaeus

323 4058 354 4113 a,
386 4057 441 4120 ²7·
