2792 4940
306 463 364 532 13⁰
614 443 856 510 rourourr
890 453 1050 510 unctu

302 647 379 711 que.
415 645 552 709 quomo
573 623 662 686 libris
684 624 873 688 melioribus
902 623 1057 708 proferret
1078 637 1110 686 et
1131 639 1247 706 portus
1277 625 1345 688 Ca·

300 724 468 812 prolimen,
510 727 608 788 eiecta
638 745 717 790 voce
746 729 851 789 media
880 740 986 811 rogat,
1029 727 1100 808 quis
1130 747 1198 790 aron
1229 729 1344 789 rideat

301 849 409 892 reram
433 827 492 890 else
522 829 694 890 lectionem
721 826 769 890 Et
792 821 931 915 Κάπρου
958 823 1080 916 luppo?
1140 827 1202 891 Sed
1228 841 1340 890 tamen

301 931 356 994 etsr
372 933 406 992 in
422 931 532 992 codice
554 929 783 990 Mediolanensi
802 929 837 990 srt
858 929 1056 1010 caprolimeu‚
1082 944 1187 992 tamen
1204 931 1236 990 iu
1253 931 1341 999 loco,

301 1052 398 1114 quem
414 1043 593 1098 tractamus,
620 1031 698 1090 illud
717 1031 809 1091 limen
829 1049 895 1092 non
913 1029 1034 1111 semper
1046 1028 1134 1092 soille
1152 1032 1194 1092 ita
1207 1033 1342 1112 penitus

299 1131 506 1217 perscriptum
525 1129 675 1192 omnibns
688 1129 759 1193 tots
779 1133 890 1194 litteris
908 1145 1034 1213 apparet
1053 1151 1093 1192 ex
1113 1134 1249 1194 lectione
1267 1134 1344 1192 vul·

299 1248 380 1320 gata.
418 1233 460 1294 Et
474 1231 544 1294 sane
564 1231 677 1314 ipsein
696 1233 804 1294 codice
823 1251 891 1294 non
909 1231 1084 1323 spernendo
1105 1231 1202 1294 habui
1221 1245 1341 1312 portus

299 1329 453 1438 capressru
477 1371 509 1416 et
531 1353 571 1414 lic
585 1367 691 1414 tamen
715 1357 748 1416 in
768 1355 839 1416 loco
854 1355 951 1415 citato
972 1355 1068 1416 etiam
1093 1354 1148 1415 lim
1164 1353 1337 1415 exhibeba-

299 1471 362 1520 tur.
415 1455 484 1520 Nec
504 1455 594 1516 aliter
614 1455 647 1515 in
669 1453 1024 1518 sisemundus.
1050 1475 1076 1516 c.
1099 1473 1129 1517 1.
1146 1450 1241 1546 finan
1259 1475 1336 1534 por·

298 1569 409 1669 tuosns
434 1588 465 1637 et
487 1576 555 1638 ideo
575 1575 660 1638 calos
676 1549 733 1639 tu}
752 1575 943 1658 appellatus.
976 1577 1018 1636 Et
1033 1575 1134 1656 qnid?
1156 1595 1195 1637 au
1212 1573 1335 1636 nostrae

298 1677 456 1764 potestatis
476 1677 529 1747 est,
554 1695 667 1738 vocem
681 1677 844 1760 probatam
866 1677 904 1738 ab
922 1673 1071 1739 omnibus
1086 1677 1224 1758 antiquis
1245 1676 1336 1737 libris

299 1783 341 1842 ita
362 1793 481 1840 temere
510 1778 686 1858 expellere?
744 1781 815 1864 Ego
844 1777 913 1840 sane
942 1776 1125 1859 adscriptam
1147 1777 1335 1846 lectionem,

298 1901 393 1964 quam
426 1881 512 1948 virli,
555 1877 615 1940 scio
642 1881 787 1962 proxime
817 1881 962 1942 accedere
991 1891 1021 1940 et
1053 1891 1166 1958 portus
1190 1872 1332 1965 Κάπρου

298 1989 416 2062 (capro
444 1980 586 2042 exhiberi
613 1981 709 2042 video
732 1985 766 2043 in
788 1979 984 2042 editionibus
1010 1979 1129 2042 Sanctii
1151 1993 1184 2040 et
1205 1981 1333 2041 Schotti

300 2084 363 2144 fine
386 2084 533 2157 auctore)
558 2092 624 2140 tum
655 2081 738 2146 urbs.
806 2082 848 2143 Et
872 2082 958 2162 quod
985 2083 1092 2164 negari
1114 2081 1243 2160 nequit,
1279 2080 1333 2140 hic

191 2225 195 2230 -
297 2183 456 2263 slylusell
477 2183 631 2250 auctoris.
665 2197 702 2244 ut
725 2185 871 2246 Romana
893 2183 1018 2244 Graecis
1040 2179 1224 2244 immisceat.
1278 2181 1333 2243 Sic

297 2285 391 2368 paulo
406 2297 478 2344 ante
492 2279 652 2364 praecellit
662 2279 785 2372 flumen
803 2277 901 2368 αἰγὸς,
929 2283 967 2344 stc
979 2303 1045 2365 cap.
1057 2281 1116 2363 seq.
1142 2295 1173 2342 et
1188 2294 1331 2361 portum,

297 2387 354 2469 qni
375 2377 500 2464 Κωφὸς
523 2383 650 2445 dicitur.
705 2385 775 2447 Lib.
801 2404 831 2447 ε.
858 2405 884 2446 c·
911 2403 942 2447 ι.
972 2396 1086 2464 portus
1105 2383 1215 2453 coelos,
1243 2382 1333 2443 haud

297 2485 395 2548 dubie
415 2504 578 2568 perperam
602 2483 639 2545 fic
657 2485 881 2546 exhibentibus
906 2485 1104 2546 editionibus
1125 2504 1181 2566 pro
1208 2479 1332 2562 κοιλός,

296 2602 334 2650 ut
355 2588 389 2648 iu
410 2587 548 2666 reliquie.
582 2605 605 2645 1.
626 2605 832 2650 onouovrvs.
869 2587 916 2649 Et·
932 2597 1044 2666 portus
1060 2581 1198 2672 Κάπρου
1217 2579 1332 2672 λιμὴν)

296 2689 383 2752 Cum
406 2690 444 2748 lic
466 2690 499 2748 ln
520 2687 704 2750 melioribus
724 2690 843 2772 legatur
859 2689 956 2755 libris,
990 2688 1055 2746 dixi
1076 2685 1253 2746 redundare
1271 2705 1331 2745 vo·

297 2811 368 2852 cetu
386 2801 509 2868 portur.
547 2787 587 2849 At
602 2809 678 2860 vero
693 2789 876 2851 Gronovius
891 2787 1077 2872 postremam
1096 2788 1182 2848 eiicit
1199 2804 1329 2856 vocem,

296 2891 368 2953 sess
390 2889 569 2960 alibrariis‚
596 2892 651 2970 qui
668 2891 782 2952 Graeca
801 2911 842 2954 ne
863 2891 966 2972 legere
981 2891 1111 2968 quidem
1132 2901 1264 2956 norant,
1291 2905 1331 2947 ea

296 3005 362 3054 tam
379 3005 557 3073 opportune
571 2993 644 3052 addi
659 2994 831 3075 potuerint.
866 2989 992 3072 Aliquid
1008 2987 1139 3058 dixisset,
1164 2987 1186 3047 li
1203 3001 1330 3048 utrum·

295 3113 358 3176 que
377 3094 581 3154 retinendum
602 3093 661 3154 else
681 3091 864 3162 affirmasset,
890 3106 928 3152 ut
943 3109 1059 3172 nempe
1077 3087 1329 3171 subintelligatur

295 3193 418 3263 dictus,
450 3193 501 3254 rel
522 3194 576 3276 qni
596 3192 723 3257 dicitnr.
774 3195 836 3257 Sed
865 3189 1023 3274 profecto,
1060 3211 1138 3272 quae
1168 3191 1327 3250 deteriora

295 3293 378 3363 sunt,
400 3313 435 3354 ee
451 3293 637 3376 plerumque
653 3292 800 3376 sequitur.
824 3313 952 3355 vossrvs
969 3294 1000 3352 in
1015 3287 1186 3372 appendice
1200 3289 1244 3350 ad
1257 3291 1326 3352 sul.

295 3395 347 3457 Ne
370 3413 456 3454 nunc
470 3395 598 3474 quidem
616 3395 711 3455 ullam
732 3397 785 3456 dat
805 3396 978 3462 rationem.
1005 3413 1060 3454 cur
1078 3411 1192 3453 vocem
1211 3404 1328 3471 portus

294 3495 469 3556 redundare
493 3495 617 3558 dixerit.
676 3497 726 3556 An
751 3517 823 3558 cum
845 3499 878 3556 in
898 3495 1083 3576 melioribus
1103 3492 1220 3574 aliquid
1242 3491 1326 3576 lega·
1358 3543 1362 3550 .

296 3611 349 3656 tur
372 3592 474 3664 libris,
506 3595 579 3658 ideo
599 3595 775 3660 redundare
793 3618 857 3659 vox
879 3595 996 3658 debet‘l
1046 3597 1080 3658 Si
1097 3609 1161 3654 tam
1180 3591 1325 3656 infelices

295 3695 436 3758 librarios
459 3695 583 3760 sortitus
604 3695 664 3758 suit
687 3697 781 3770 Mela,
808 3713 846 3759 ut
868 3698 982 3759 Graeca
1003 3716 1044 3758 ne
1066 3698 1170 3779 legere
1191 3695 1324 3776 quidem

295 3799 464 3868 noverint,
485 3799 572 3860 unde
587 3812 635 3864 tot
651 3799 784 3864 Graecae
802 3818 897 3862 voces
914 3796 1044 3860 suerunt
1058 3795 1215 3858 servatae?
1250 3797 1320 3879 Ego

295 3900 385 3963 nolui
409 3898 579 3972 affirmare,
612 3916 781 3983 utrumque
813 3901 1015 3964 retinendum
1040 3897 1117 3968 else,
1151 3917 1209 3957 nec
1229 3897 1323 3979 plane

298 4003 389 4064 dccet
412 4003 533 4064 nonita
562 4002 709 4074 statuere,
748 4001 806 4063 ubi
833 4015 996 4084 tantopere
1027 3997 1231 4061 consentiunt
1250 3998 1324 4058 libri
1384 4011 1385 4030 ¹

295 4117 439 4177 veteres,
472 4103 518 4165 ibi
543 4104 664 4186 aliquid
686 4104 874 4179 redundare.
925 4092 1072 4175 Osler'idi,
1108 4119 1202 4184 qnam
1227 4097 1327 4183 pollet
