2880 4940
377 407 469 466 orn.
498 409 550 464 nr.
602 404 710 465 uix.
752 403 887 480 unu
1092 411 1154 481 ³4²

5 643 6 648 ,
105 595 217 646 totum
242 580 330 642 hunc
352 581 480 652 locum,
514 599 611 664 quem
637 581 672 642 in
698 577 766 664 ipio
791 579 875 642 Melo
902 579 1057 642 iniectum
1079 579 1154 642 reli-

3 665 6 752 ,’
105 687 190 767 quit,
217 685 260 742 ita
275 680 418 768 effingit:
451 704 507 762 per
528 685 589 744 hoc
608 681 741 763 pelagus
755 674 904 772 Africum
920 713 968 726 —
985 673 1153 772 profectus

106 783 164 878 esi.
207 785 280 846 Poll
301 785 414 848 Vener.
441 784 605 848 Cornelius
625 783 755 864 Nepos.
790 803 830 845 ex
853 803 917 867 quo
940 781 1095 866 repetiille
1117 795 1152 843 et

4 957 5 962 .
107 887 174 948 hoc
189 887 343 948 videntur
357 886 432 950 edd.
453 897 509 964 15.
531 901 587 970 17.
607 901 666 950 20.
684 899 742 965 23.
774 885 867 949 Prius
885 899 991 948 tenren
1006 883 1079 946 libri
1098 885 1151 946 olii

3 969 5 984 ¹
107 1007 224 1052 omnee
247 989 416 1051 omittunt.

183 1201 313 1254 notae
331 1181 436 1282 sanc
462 1188 633 1274 eliqua)
682 1191 735 1255 Sic
749 1193 904 1264 Vaticani,
931 1190 1040 1255 cibin.
1063 1189 1150 1274 Lipl.

107 1295 196 1356 Gurl.
219 1291 420 1375 praeferunt;
454 1291 549 1356 Parii.
570 1313 599 1358 r.
625 1306 720 1354 notae
733 1287 817 1386 sunt
840 1295 983 1376 aliqnae‚·
1014 1293 1085 1363 alii,
1114 1293 1150 1352 in

2 1475 3 1482 ἵ
108 1396 226 1478 quibus
254 1393 350 1457 Parii.
371 1413 401 1458 2.
422 1407 454 1473 5.
482 1394 575 1480 Preg.
606 1395 779 1480 liehdiger.
807 1397 914 1458 ann.
938 1396 1050 1456 Venet.
1072 1405 1151 1456 noca
1182 1465 1188 1476 ,

97 1489 184 1589 sunt
206 1495 334 1579 aliqrcar
367 1513 426 1556 nec
448 1497 540 1557 elirer
560 1497 718 1558 editionee
739 1499 778 1558 ad
796 1493 938 1560 Vollrum
959 1515 1069 1577 usqne,
1096 1495 1151 1576 qui

107 1595 251 1681 reposuit
272 1610 367 1658 nolae
385 1588 467 1688 susis
488 1597 617 1680 eliqua,
648 1599 733 1680 qnod
755 1599 904 1660 conilirit.
943 1615 1150 1658 'rzscrrvcnn

106 1697 210 1784 nota)
260 1700 294 1763 Si
319 1701 473 1761 Eudoxus
496 1699 677 1762 universam
704 1699 793 1762 illam
824 1719 913 1763 orem
941 1699 1151 1760 circumnavi-

106 1801 207 1886 gerit¹
232 1801 296 1862 iam
314 1819 381 1864 oon
397 1803 519 1883 aliquae
537 1816 661 1864 tentum
683 1816 795 1884 pentec,
822 1800 872 1863 led
888 1799 1072 1862 universum
1088 1799 1152 1860 hoc

1 1892 2 1922 ἶ
110 1903 202 1966 littus
225 1903 395 1986 aequaliter
421 1901 478 1986 ipli
503 1917 619 1966 notum
640 1903 712 1968 luit.
764 1905 863 1966 Poolo
887 1905 992 1984 itaque
1011 1899 1150 1963 nulutior

1 1997 2 2024 ³
108 2003 199 2067 facile
217 2007 335 2067 viderit
351 2005 542 2090 legendums
569 2007 638 2068 ideo
651 2009 714 2067 eius
730 2026 804 2066 orne
818 2019 913 2066 notae
926 1995 1010 2095 sunt
1026 2003 1148 2085 aliquo.

1 2121 2 2128 ’
106 2109 163 2171 Sic
177 2125 304 2188 quoqne
319 2105 400 2168 infra
423 2107 577 2188 loquitur,
602 2108 710 2192 aliqua
725 2105 867 2168 credibile
880 2105 935 2200 est,
961 2122 1020 2188 pro
1036 2105 1151 2187 aliquo·

106 2221 222 2278 senue.
248 2221 304 2269 ant
318 2211 421 2290 alique
436 2223 534 2291 parte.
574 2211 645 2272 Hoc
665 2209 838 2271 locutionie
856 2227 957 2294 genus
971 2227 1038 2268 non
1056 2204 1152 2268 lemel

107 2310 195 2393 apud
221 2313 430 2382 Terentium,
466 2310 636 2394 Virgilium
663 2313 802 2392 aliosque
831 2329 994 2373 occurrere
1021 2319 1151 2380 norunt,

106 2413 166 2495 qui
189 2412 300 2474 Latine
323 2409 436 2474 l’cinnt.
473 2431 613 2475 voeerve.
665 2413 791 2495 Ellipfie
808 2413 841 2474 in
864 2410 1016 2472 similibus
1031 2409 1150 2482 usitate,

107 2535 190 2596 quae
214 2533 281 2575 non
306 2513 431 2598 indiget
453 2513 686 2577 inlustratione.
742 2511 810 2596 lpse
843 2513 939 2576 lectio
967 2531 1036 2574 non
1062 2511 1151 2575 librie

107 2613 230 2698 folum,
258 2613 311 2676 led
332 2629 365 2678 et
386 2613 450 2698 ipla
468 2635 503 2678 re
522 2617 685 2698 probatur}

275 2821 305 2898 ς.
333 2828 369 2900 4.
420 2817 536 2880 morlo
560 2809 753 2912 deserta)
803 2817 903 2880 Vetic.
927 2817 1019 2900 Prng.
1043 2815 1153 2881 Hevn.

106 2919 253 2983 Vindob.
271 2919 397 2983 inverso
412 2921 525 2983 ordine
540 2912 663 3012 deserto
684 2919 788 2984 modo.
826 2921 913 2980 Tum
932 2917 1040 2982 Cibin.
1058 2918 1151 3002 Prag.

108 3025 219 3086 Horo.
235 3023 371 3085 Vindob.
394 3025 443 3082 uti
464 3023 537 3087 edd.
557 3039 615 3100 25.
637 3023 684 3106 (in
701 3023 799 3084 altero
815 3021 946 3102 quidem
964 3016 1152 3102 exemplari)

111 3139 171 3206 5ο.
191 3139 249 3202 32.
272 3137 330 3203 57.
355 3125 504 3208 Lugdnn.
527 3135 632 3202 1538.
655 3127 765 3206 inepte
787 3123 878 3184 rnolti
894 3121 1016 3202 populi.
1057 3121 1149 3206 Prag.

106 3225 295 3310 particulam
319 3245 378 3304 pro
404 3239 477 3286 ente
498 3227 619 3308 cloquio
639 3239 672 3286 et
698 3227 793 3286 eciam
817 3237 890 3285 enle
917 3221 1153 3284 cohaerentibus

107 3329 255 3414 ignorem
288 3327 376 3388 idem
389 3345 464 3388 mox
481 3339 513 3386 et
529 3328 702 3410 liehdiger.
724 3325 865 3388 scribunt
877 3315 984 3418 sonu,-
1010 3324 1151 3387 Vindob.

109 3425 324 3491 coercentibus
355 3447 414 3511 pro
447 3427 693 3492 cohaerentibus.
745 3427 819 3488 Poll
852 3427 944 3511 Purg.
973 3421 1035 3520 nise
1066 3423 1155 3510 qnod

107 3532 206 3608 eciam
221 3520 286 3622 snb
304 3527 453 3602 naribus,·
478 3530 590 3592 Venet.
606 3541 637 3592 et
654 3531 705 3592 ed.
721 3529 841 3613 Seling.
865 3539 970 3606 1533.
992 3523 1051 3618 nifi
1066 3523 1154 3610 quod

109 3629 260 3704 naribns‚·
286 3629 434 3693 Cieccon.
461 3631 506 3692 eis
527 3649 585 3714 pro
609 3633 715 3694 eciam.
767 3631 916 3710 Denique
936 3627 1045 3691 Cibln.
1068 3627 1155 3690 neh·

110 3734 211 3817 diget.
243 3732 311 3814 poll
332 3729 447 3826 fistulo
469 3731 643 3794 omiserunt
664 3731 718 3826 est.
760 3749 966 3792 rzenuucuo,
1030 3731 1153 3792 Dictio·

109 3855 192 3897 num
217 3835 363 3894 ordinem
383 3835 533 3894 vitiatum
556 3833 616 3896 elle
637 3848 728 3918 puto.
756 3831 1036 3912 scribendumque:
1070 3831 1154 3894 Aliis

109 3933 207 3997 labiis
226 3935 321 3996 eciam
341 3933 587 4006 cohaerentibus,
617 3933 745 3996 naribus
766 3936 872 4004 ctiam,
900 3929 960 4024 nifi
976 3933 1062 4016 quod
1074 3923 1152 4024 snb·

110 4035 155 4129 est
170 4031 294 4130 fistulo,
318 4055 356 4097 en
376 4037 484 4100 Plinio
507 4033 561 4126 [6.
580 4049 636 4116 55.
655 4035 675 4097 l.
689 4029 769 4122 3o.]
786 4049 818 4096 et
834 4035 959 4098 Solino.
985 4027 1074 4118 [cap.
1093 4047 1151 4114 5ο.

109 4137 132 4202 l.
152 4131 234 4226 55]
267 4155 469 4202 esuriensve.
523 4139 641 4204 Verba:
667 4133 810 4232 oliisnse
825 4127 910 4230 sono
929 4135 1064 4218 linguae,
1090 4135 1151 4198 alii
