2784 4944
379 457 469 516 ιιι.
496 461 533 514 ιι.
577 459 611 516 c.
640 459 677 518 v.
719 457 798 528 tr·
1046 473 1107 538 att

69 647 136 700 ιιιι,
167 621 304 702 Vossius,
330 631 356 692 s.
378 631 562 696 Gronovius
586 634 618 693 in
640 633 691 696 ed.
715 643 775 712 ιιι.
798 631 1020 712 Athenopolim
1049 647 1107 712 5o.

64 733 277 810 Acennpottn
307 747 364 812 52.
382 737 565 814 Aerrnpolir;
590 753 649 812 ιι.
674 747 733 812 42.
751 749 780 795 et
799 735 837 796 fic
853 737 1002 816 deinceps
1017 737 1110 796 elthe-

65 835 221 908 ιιιιμιιὶῐιι,
256 837 342 916 quod
366 855 404 896 ex
428 835 486 896 suia
507 839 594 898 librir
618 839 753 898 excitant
774 837 961 898 ciacconiua
982 851 1013 897 et
1037 834 1110 898 Vos-

64 937 140 997 sius.
176 955 379 998 rracuvcrre.
432 939 537 1020 Lego:
571 939 646 998 Tum
670 939 878 1018 Athenopolis
900 951 930 998 et
954 935 1047 1000 Olbia
1070 958 1110 998 ex

64 1039 181 1100 Plinio
212 1031 262 1122 [c.
286 1041 334 1118 l.]
370 1035 435 1099 sere
460 1043 496 1099 ad
531 1041 676 1102 verbum.
717 1059 915 1102 murmura.
984 1039 1111 1122 Legunt

63 1141 139 1199 libri
161 1159 260 1200 manu
276 1143 410 1200 exarati:
449 1141 534 1202 Tune
557 1143 625 1234 pipi
647 1143 856 1218 Atheunpolt'u
877 1153 908 1201 et
930 1139 1055 1200 Olbiam
1079 1153 1112 1202 et

65 1243 231 1304 Lauriorr.
283 1243 387 1323 luepti
412 1261 527 1324 nempe
550 1245 676 1312 librarii,
702 1257 739 1303 ut
755 1243 829 1304 alibi
847 1237 968 1326 passim,
997 1243 1037 1302 ita
1059 1243 1112 1302 lric

66 1365 202 1424 quamne
226 1342 313 1405 casua
338 1357 439 1406 rector
466 1347 498 1404 io
526 1345 673 1426 obliquos
701 1359 881 1413 mutarunt.
915 1363 988 1404 cum
1022 1345 1111 1424 prine

67 1447 278 1506 scriberetur:
316 1447 517 1525 Athenopolis
541 1460 570 1508 el
601 1445 694 1508 Othta
724 1459 754 1508 et
783 1447 931 1508 taurios.
968 1463 1111 1508 voaatve.

65 1548 260 1608 incitando
286 1545 355 1608 sane
378 1546 472 1608 secuti
496 1547 601 1610 summ
619 1549 796 1610 editionem
815 1544 928 1615 vossii,
955 1543 1003 1608 sed
1029 1545 1111 1606 nibil

66 1649 201 1732 longina
218 1669 234 1708 a
254 1649 347 1710 nobie
365 1649 461 1718 abeli,
492 1663 639 1730 quarunt
662 1649 792 1732 persuasi
816 1647 927 1716 limus.
962 1645 1112 1728 scriptum

68 1751 108 1809 ira
126 1749 221 1810 suilie-
245 1751 380 1820 atleta,
412 1763 443 1811 et
468 1753 534 1812 sieri
559 1751 659 1834 posse.
691 1765 726 1810 ut
750 1753 782 1810 io
802 1749 863 1810 boc
884 1751 953 1810 loco
979 1748 1041 1808 sine
1065 1749 1113 1808 in·

71 1855 156 1932 eptia
179 1853 368 1912 criminetur
386 1853 511 1935 ineptos
528 1853 681 1915 librarios.
716 1853 854 1914 dtteode
870 1851 968 1910 modo
987 1851 1111 1920 Lector,

70 1971 102 2013 et
126 1955 219 2012 brevi
245 1967 311 2016 tota
331 1974 380 2016 rea
402 1953 499 2015 decisa
522 1957 591 2017 erit.
660 1953 818 2036 Nnapiam
844 1953 924 2013 sisela
955 1951 1010 2012 har
1035 1952 1113 2012 duaa

72 2055 246 2136 paniculae
267 2069 344 2114 tnnc
364 2053 433 2148 pist
459 2057 500 2116 ita
523 2057 704 2140 coniungit,
740 2055 788 2116 sed
814 2055 993 2114 alterutram
1011 2053 1112 2114 modo

73 2159 217 2216 adhibet.
258 2157 366 2236 ltaque
383 2172 414 2218 et
429 2157 594 2220 Pintiauna
610 2177 699 2220 more
716 2155 769 2218 suo
787 2156 884 2216 deleri
901 2153 983 2216 iussit
1001 2155 1115 2235 postre-

72 2279 160 2316 mam
183 2255 268 2350 ptss·
321 2257 472 2320 Ceterum
496 2259 590 2320 solum
610 2260 689 2320 hanc
712 2259 857 2318 voculam
877 2257 969 2316 initio
992 2255 1114 2336 periodi

72 2359 224 2440 persaepe
249 2359 341 2420 inliar
362 2361 502 2422 adverbii
526 2359 661 2442 usurpat.
725 2359 842 2422 Sedet
868 2377 961 2438 porro
983 2375 1113 2438 quoqne

75 2461 160 2520 Mela
186 2459 309 2539 semper
329 2459 393 2522 sere
413 2463 672 2543 praepositionem
695 2459 850 2522 subnectit
873 2459 1004 2520 voculae
1027 2471 1114 2526 tunc,

73 2577 110 2621 ut
132 2563 198 2622 hoc
219 2560 286 2643 ipso
306 2565 423 2644 capite,
453 2576 530 2623 tuuc
552 2585 607 2634 ex,
638 2577 715 2624 turre
736 2563 832 2630 iuter,
867 2575 900 2621 et
926 2561 965 2620 lic
991 2557 1113 2641 passim.

75 2665 145 2746 Qua
163 2665 289 2723 ratione
305 2665 399 2746 igitur
416 2665 480 2725 sieri
497 2665 612 2746 potest.
637 2681 671 2724 ur
689 2663 837 2724 hocloco
855 2683 921 2722 uon
941 2663 1115 2728 credamus,

74 2765 250 2846 particulae
264 2765 370 2826 eidem
387 2777 461 2825 tuuc
475 2765 643 2828 subnexam
660 2765 842 2847 particulam
865 2761 934 2856 pist
956 2761 1015 2824 else
1037 2761 1116 2842 post·

75 2883 141 2926 tam
163 2885 234 2926 non
254 2867 337 2947 quali
361 2867 566 2938 adverbium,
599 2865 648 2928 sed
673 2863 963 2948 praepositionem?
997 2863 1030 2922 iu
1055 2862 1116 2942 pri·

75 2971 138 3028 mis
167 2987 244 3026 cum
273 2969 382 3028 omnia
407 2966 514 3050 scripta
542 2969 730 3050 exemplaria
757 2987 812 3048 per
836 2979 982 3048 quartum
1012 2962 1116 3024 casum

76 3069 213 3130 efferant
238 3065 413 3148 serprentia:
452 3071 538 3130 Turre
560 3069 630 3163 l’ffi
652 3067 861 3147 Antenopolirr
884 3079 913 3126 et
936 3063 1063 3125 Olbiam
1085 3076 1116 3124 et

77 3170 227 3232 [aaron
247 3183 278 3230 et
299 3171 432 3232 citharis
453 3183 534 3232 tener
556 3169 716 3238 macedon,
743 3189 780 3230 ex
798 3188 935 3250 quorum
955 3165 1117 3246 poliremie

76 3273 239 3332 Barbarus
253 3273 371 3331 terruit:
400 3273 526 3334 Glanou
542 3285 573 3334 et
593 3269 780 3362 Citharista
796 3284 836 3336 et.
860 3269 908 3328 sed
929 3281 1115 3350 pertemere.

77 3375 179 3434 Haud
201 3373 299 3434 dubie
321 3371 452 3455 scripsit:
498 3373 585 3434 Turre
605 3371 675 3466 pipi
701 3371 909 3450 Allienopoliu
936 3381 966 3428 et
992 3366 1118 3429 (titiam

76 3489 105 3536 et
128 3475 269 3534 Tauroin
287 3487 316 3534 et
336 3473 528 3564 Citharisten
545 3473 586 3568 ess
606 3473 768 3555 Lacydon.
809 3465 1119 3535 consummatissima

80 3577 250 3660 periodus.
286 3593 308 3636 ι.
332 3595 538 3640 onouovrre.
591 3577 727 3638 Alteram
745 3575 929 3638 lectionem.
952 3591 1031 3650 qnae
1048 3589 1119 3650 pro·

80 3683 155 3762 pina
177 3679 339 3756 aliquanto
361 3679 397 3738 ad
422 3693 543 3740 veteres
571 3679 696 3740 accedat
720 3676 831 3742 libror.
862 3671 1005 3736 exhibuit
1031 3673 1122 3731 Vine-

82 3797 154 3854 tua;
196 3777 247 3838 sed
269 3797 329 3838 nos
350 3799 438 3852 eam,
465 3799 558 3860 quam
581 3781 746 3846 dedimus,
773 3775 935 3858 probatam
961 3775 1056 3833 etiam
1082 3769 1121 3832 ab

83 3887 172 3950 aliie,
206 3881 425 3961 praetulimua.
480 3881 567 3942 Time
590 3877 677 3972 P‘fi·
712 3897 751 3938 an
779 3877 852 3938 alibi
885 3875 968 3956 apud
1003 3873 1121 3934 Melam

85 3995 248 4052 occurrat,
276 3999 443 4062 quaerant,
478 3985 532 4064 qui
563 4001 662 4064 nugae
694 3981 785 4040 vanis
820 3979 935 4038 volunt
964 3977 1124 4036 redimere

85 4087 184 4148 horia.
237 4081 362 4146 Sufficit
384 4085 526 4166 optimos
544 4103 687 4166 querque
708 4081 747 4142 sic
773 4081 860 4160 loqui
886 4077 1064 4158 scriptores.
1091 4087 1124 4136 et

85 4189 207 4252 Melam
224 4183 341 4248 scivisse
358 4187 482 4250 Latine.
525 4185 624 4270 Quod
642 4201 719 4246 vero
737 4181 921 4244 Gronoviua
938 4191 1032 4242 vocet
1049 4197 1123 4240 con·
