2814 4946
337 449 427 506 ΜΒ.
457 453 495 507 11.
540 451 574 510 C.
601 453 665 510 Vll·
708 447 734 520 i·
761 467 808 504 ¹¹·
1030 458 1092 520 633

53 619 105 707 (4,,
124 637 178 702 23.
197 621 218 686 l.
239 618 313 711 12.)
335 637 428 686 vocat
447 623 622 686 Clrolcinm.
663 625 701 686 ln
717 623 844 702 Scylace
862 642 895 704 p.
912 632 969 700 38.
986 617 1088 684 Horis.

52 727 98 786 est
118 721 281 799 antarta,
323 728 356 786 in
380 727 537 790 Strabone
559 725 616 786 lib.
638 743 693 788 to.
716 745 748 807 p.
773 745 818 786 m.
844 737 928 802 537.
959 721 979 784 l.
1003 734 1088 802 nau.

52 824 202 896 traina,
237 840 269 887 et
291 829 324 888 in
351 829 427 888 mari
450 825 622 910 Carpathio
643 845 742 908 prope
769 827 921 888 ilbodum
946 827 1089 906 ponitur.

51 925 183 990 Xalnio
208 930 306 990 etiam
329 931 444 1013 legitur
467 930 553 1012 apud
570 927 824 1010 Theophrastum
848 927 880 986 in
899 925 966 988 hill.
989 927 1090 1008 plant.

55 1042 89 1107 8.
115 1043 144 1109 3.
196 1031 277 1102 Sed,
301 1031 385 1113 quod
405 1052 444 1092 ex
462 1031 517 1090 snn
537 1029 664 1092 discitur
680 1049 779 1112 prope
791 1030 955 1092 lihodum.
977 1031 1090 1088 eadem

52 1152 70 1193 a
99 1131 203 1193 Plinio
228 1147 262 1206 (n
285 1131 343 1210 56.
367 1131 387 1192 l.
407 1147 463 1211 51.
494 1134 609 1192 dicitur
634 1131 768 1200 Chalae,
801 1143 833 1190 et
858 1150 874 1190 a
899 1129 1091 1209 Thucydide

56 1246 88 1310 8.
110 1245 167 1312 41.
192 1247 273 1294 extr.
296 1229 433 1316 llo'lrm,
467 1233 507 1295 tle
539 1254 601 1316 qna
629 1235 802 1294 variatione
836 1233 964 1292 monnit
992 1233 1090 1292 etiam

52 1337 227 1396 Palmeriua
241 1339 274 1395 in
288 1337 429 1397 exercitt.
448 1336 481 1395 in
496 1349 613 1396 auctor.
631 1335 687 1398 Gr.
703 1356 734 1418 p.
753 1345 824 1412 347
839 1331 879 1414 lq.
907 1335 963 1414 qni
981 1347 1088 1392 tamen

54 1452 217 1518 corruptor
234 1437 287 1497 hic
307 1439 433 1498 codicee
453 1437 513 1498 elle
534 1435 649 1499 censet.
700 1439 848 1498 Attamen
865 1453 937 1494 cum
959 1453 1018 1494 nec
1038 1433 1091 1494 alii

52 1553 196 1600 auctores
218 1539 251 1598 in
281 1537 381 1600 forma
407 1539 550 1600 norninie
575 1537 735 1609 constent,
774 1517 940 1616 Melaenae
965 1535 1090 1596 codices

53 1658 165 1702 omnen
187 1641 323 1702 eandem
346 1641 608 1702 terminationem
629 1641 664 1700 in
682 1639 711 1700 is
732 1635 926 1722 praeferant,
961 1635 1091 1718 praellat

50 1761 120 1801 eam
152 1741 305 1812 reddere.
348 1761 442 1823 quam
475 1743 515 1802 ad
546 1742 718 1824 ancipitem
753 1741 889 1800 aliorum
918 1755 1088 1800 recurrere.

51 1843 215 1904 Revocavi
248 1845 345 1928 igitur
376 1843 523 1916 Chastia,
555 1861 623 1927 quo
654 1841 787 1905 numine
817 1841 877 1902 alia
899 1840 996 1901 etiam
1021 1839 1090 1900 loca

50 1941 158 2024 pallnn
184 1945 393 2028 adpellnntur.

124 2147 300 2230 Icaria)
349 2151 396 2211 lta
412 2147 612 2222 Parisrenlee,
636 2149 738 2212 vatic.
759 2165 791 2212 r.
812 2147 921 2211 Cibin.
945 2143 1031 2208 Gud.
1056 2157 1089 2206 et

53 2249 114 2312 alii.
152 2249 297 2313 Vindob.
312 2253 442 2332 ycaria,·
468 2252 642 2336 liehtliger.
660 2253 807 2335 laycarim·
837 2247 1090 2333 Prag.1clrnro,·

52 2350 193 2414 Vatican.
217 2365 251 2428 3.
273 2354 388 2424 Icara,·
423 2352 506 2435 Lipl.
529 2353 640 2416 icaria.
691 2355 730 2414 ln
755 2353 863 2413 Icaria
885 2347 1090 2412 consentiunt

54 2453 212 2516 editiones
227 2473 357 2526 ornnes,
382 2455 619 2536 probanturque
638 2455 677 2515 ab
692 2455 761 2516 aliia
781 2455 878 2514 etiam
897 2449 1087 2512 auctoribus.

54 2551 128 2615 llox
146 2553 343 2625 Parilienlea,
368 2554 450 2638 Lipl.
467 2555 560 2642 Prag.
576 2557 719 2628 Pinaria,
739 2555 937 2636 quodetiam
954 2553 989 2610 in
1006 2551 1090 2612 Vati·

55 2661 133 2719 cania
158 2653 250 2717 fuille
271 2659 404 2738 opinor.
439 2658 511 2738 quia
532 2679 571 2720 ex
594 2656 656 2720 lolo
679 2657 830 2719 Vatini.
855 2666 1001 2718 rtotatum
1024 2663 1091 2712 erat

54 2757 190 2826 Pinara,
225 2759 310 2838 quod
333 2771 366 2820 et
391 2757 486 2820 habet
511 2759 595 2821 Gud.
620 2779 693 2820 cum
716 2757 824 2820 Plinio
845 2767 880 2836 4,
906 2773 961 2834 ι9.
986 2751 1007 2816 l.
1032 2767 1088 2816 aa.

53 2857 87 2916 ln
108 2857 222 2922 Cibin.
247 2858 290 2920 e'st
316 2859 463 2942 Pyrrum
508 2861 682 2944 llehdiger.
709 2859 866 2941 pyrrorio,·
903 2857 1017 2917 Venet.
1038 2855 1090 2914 Pi·

54 2979 168 3032 narra‚·
196 2959 335 3022 Vindob.
357 2962 479 3022 cinara.
525 2961 608 3024 Edrl.
633 2975 757 3024 veteres
780 2981 807 3022 r.
829 2975 861 3024 2.
881 2971 913 3036 3·
932 2969 966 3034 4·
984 2995 1018 3033 φ·
1038 2987 1089 3003 -

53 3061 87 3120 ad
108 3057 258 3122 Voffium
279 3063 430 3134 Pinariam
461 3076 584 3124 tantum
609 3077 663 3140 13.
685 3063 817 3123 Pinare.
855 3053 983 3120 Vollme
1000 3058 1091 3120 dedit

54 3163 186 3231 Cirtam,
213 3165 297 3244 quod
315 3163 451 3244 amplexi
468 3161 538 3225 lunt
558 3165 682 3244 reliqui.
709 3181 910 3224 'rascnvcrtn
963 3159 1091 3224 Pliniue

53 3256 105 3348 [4.
135 3277 196 3342 εξ.
211 3261 232 3325 l.
255 3257 330 3348 12.]
362 3266 493 3326 Cinara.
554 3265 712 3326 Nondum
738 3279 849 3334 muto,
882 3263 1036 3345 quoniam
1057 3273 1091 3322 et

52 3365 177 3426 Pinara
195 3365 310 3444 Lyciae
323 3365 397 3426 urbs
411 3363 485 3426 fuit.
508 3361 567 3454 [l]
595 3387 782 3427 nannaava.
827 3366 966 3426 Pinarae
983 3363 1091 3426 nullua

52 3467 205 3528 meminit
224 3479 347 3547 praeter
370 3467 532 3536 Plinium,
569 3469 652 3550 apud
673 3487 770 3548 quem
792 3481 897 3526 tamen
921 3465 955 3525 in
981 3465 1092 3526 codice

54 3567 180 3630 vetolio
199 3569 329 3650 Pyrene
348 3569 480 3652 legitur,
502 3587 569 3630 non
587 3571 718 3630 Pinara.
755 3585 955 3628 murmura.
1006 3566 1092 3628 aliae

56 3668 179 3730 Cinara
200 3683 232 3728 et
256 3669 387 3732 Pinara.
425 3689 632 3734 cracconrva.
695 3671 833 3732 Cinarae
857 3669 1006 3728 meminit
1029 3667 1094 3728 Pli-

55 3772 145 3841 niue,
171 3771 246 3832 licet
267 3771 368 3854 vulgo
392 3773 475 3852 apud
500 3769 603 3852 ipsum
629 3771 755 3853 Cynam
776 3771 913 3854 legatur,
942 3789 1017 3830 cum
1038 3787 1093 3830 ve·

56 3873 121 3933 tuiti
148 3871 224 3931 libri
249 3870 384 3932 habeant
402 3875 533 3934 Cinara.
564 3869 636 3960 [sic
658 3867 874 3958 lindoinum]
926 3871 1093 3932 Athenaeo

58 3967 129 4058 [lib.
158 3989 192 4034 o.
214 3965 315 4060 exin]
336 3987 369 4035 et
381 3973 554 4034 Plutarcho
576 3967 637 4059 [de
654 3972 761 4036 exsilio
784 3995 815 4056 p.
833 3973 916 4051 376.
935 3974 986 4034 etl.
1005 3969 1091 4054 Lipl.

56 4073 122 4137 vor.
148 4067 203 4159 fl.]
233 4073 276 4134 est
297 4075 444 4161 liivnpot.
498 4078 614 4138 Verum
637 4077 707 4156 qnia
731 4079 812 4156 apud
835 4075 955 4136 Melam
979 4075 1092 4134 Cinara

57 4190 173 4238 mutata
198 4173 264 4237 luit
284 4177 320 4238 in
345 4176 491 4238 l'inaram
515 4197 533 4238 a
556 4177 706 4248 librariis.
740 4177 855 4260 quibua
877 4173 1017 4240 lolcmne
1037 4173 1092 4248 ert,
