2848 4942
354 403 417 491 απ
651 413 892 472 rourourr
939 415 1104 470 uniar.

360 578 474 668 κύκλῳ
494 581 555 651 roii
579 583 705 674 λιμένος
724 583 834 674 Καρία
856 581 1024 674 κλῄζεται.
1076 586 1252 666 Vtrumque
1278 583 1362 668 legito

359 691 456 764 oriam
476 689 509 748 in
532 690 688 768 anonymi
710 690 834 770 periplo
859 689 956 752 Ponti
986 709 1018 770 p.
1047 703 1087 748 rc
1105 685 1146 768 iq.
1172 684 1272 748 Hudi.
1321 685 1362 746 ui·

361 793 442 850 tatio
464 792 595 870 quidem
617 791 669 850 iila
690 789 744 852 etfi
762 791 898 852 omuino
915 789 1084 851 reiicienda
1100 809 1166 850 nou
1181 789 1317 854 ridetur,
1339 807 1362 846 ar

361 892 450 952 mitti
471 903 577 952 tamen
594 909 662 954 non
679 892 791 959 debet.
822 911 896 952 cum
915 892 1044 952 aliunde
1066 891 1148 950 nihii
1166 890 1202 949 ad
1220 908 1289 949 eam
1310 887 1362 948 ssah

363 991 503 1052 iiendam
536 989 651 1053 adferri
676 987 786 1075 ponit,
821 1006 853 1053 ct
882 993 952 1058 talia
976 992 1108 1052 uomina
1133 992 1220 1052 varie
1246 992 1278 1048 in
1305 987 1362 1048 fimi

364 1112 449 1154 nexu
470 1093 649 1154 efferantur.
703 1093 727 1154 F
730 1108 797 1154 oue
818 1107 897 1154 terra
918 1095 970 1154 ilia
988 1107 1021 1154 et
1037 1107 1146 1173 portua
1169 1091 1256 1152 idem
1276 1109 1362 1149 nonu

364 1191 553 1256 habuerunt.
609 1195 745 1274 Nempe.
780 1195 866 1276 quod
891 1194 942 1254 hic
963 1197 1089 1254 notavit
1112 1189 1243 1260 Voffius.
1270 1189 1362 1274 Ouum

366 1293 473 1380 Καρία
491 1307 761 1356 commemoratur
776 1315 792 1355 a
808 1293 955 1356 Pausania
966 1293 997 1364 6,
1013 1311 1067 1356 12.
1084 1297 1127 1354 in.
1156 1293 1239 1374 quod
1255 1293 1362 1373 explica

366 1395 422 1454 uhi
444 1397 534 1456 ilium
556 1398 665 1458 locum
684 1397 823 1458 reddidit
843 1397 956 1458 Suidac
978 1393 999 1458 i.
1022 1417 1054 1456 v.
1079 1389 1287 1481 Ἱππόμαχος
1309 1385 1363 1476 [¹¹ss

363 1491 581 1584 Ἱππόδαμος]
605 1492 624 1582 >7¹
648 1490 677 1558 ἐν
699 1492 812 1584 Θρᾴκη
835 1493 958 1585 Καρία,
985 1496 1040 1558 etii
1063 1497 1239 1558 Paimerius
1261 1496 1292 1554 in
1314 1511 1363 1554 exc

367 1599 434 1658 citt.
456 1599 488 1656 iu
505 1611 640 1659 auctorr.
658 1598 713 1658 Gr.
731 1619 763 1680 p.
779 1601 863 1676 406.
887 1599 992 1659 malit:
1020 1594 1050 1661 ἐν
1065 1599 1105 1682 τῇ
1121 1596 1263 1684 τραχείᾳ
1281 1591 1360 1678 Καρὶ

370 1697 508 1758 ortelius
531 1700 564 1758 in
588 1697 666 1760 thei.
691 1699 809 1782 Geogr.
833 1699 866 1761 h.
888 1721 920 1760 v.
943 1701 981 1760 ad
1004 1698 1127 1762 Cariam
1145 1719 1244 1780 prope
1261 1697 1363 1757 Cerarr

368 1817 441 1858 curu
463 1800 564 1858 smum
586 1797 719 1878 referre,
754 1801 826 1880 quia
844 1799 959 1862 scilicet
974 1799 1127 1862 Ceramus
1149 1819 1165 1859 a
1187 1796 1333 1858 Pausania
1354 1797 1363 1854 i

367 1911 511 1979 ponatur.
550 1897 601 1961 cf.
625 1901 696 1962 vor.
722 1918 753 1961 a.
804 1903 936 1962 Portum
965 1901 1097 1962 Cariam
1124 1899 1219 1960 habet
1243 1899 1363 1958 etiamr

367 1999 484 2072 nostru,
512 2001 637 2081 opiuor.
664 2001 789 2063 Boccar.
809 2003 849 2063 de
869 2001 1009 2064 maribus
1026 1999 1049 2062 f.
1071 2021 1103 2063 v.
1125 2001 1302 2062 Euxinum.

447 2200 640 2294 Tiristis)
689 2202 779 2264 Libri
809 2202 872 2265 fere
902 2221 1015 2266 omnes
1039 2199 1147 2272 voffii,
1180 2201 1280 2263 Varie.
1313 2217 1341 2262 1.

369 2299 464 2363 Paris.
494 2321 525 2364 ι.
553 2319 584 2366 2.
609 2317 641 2381 3.
672 2302 765 2388 Prag.
801 2305 973 2388 Rehdiger.
1005 2306 1116 2365 Vener.
1144 2303 1250 2364 Havn.
1274 2298 1363 2394 Prssr

373 2401 458 2463 Gud.
481 2393 611 2492 prisc-iu
646 2404 754 2468 Cibin.
775 2403 925 2498 presidum
959 2403 1097 2466 Vindob.
1117 2401 1233 2494 rufini,
1262 2403 1350 2484 quod

370 2522 409 2564 ex
430 2501 485 2564 suo
502 2503 610 2566 codice
633 2519 724 2568 notat
746 2505 889 2567 Holsten.
912 2507 950 2567 ad
972 2507 1072 2568 Ortei.
1097 2525 1128 2586 p.
1152 2515 1231 2587 194.
1253 2517 1287 2564 et
1311 2501 1364 2563 hai

370 2603 537 2665 Boccaiiuc
561 2623 587 2665 c.
609 2605 631 2665 l.
680 2607 764 2668 Edd.
789 2627 817 2666 1.
834 2621 868 2669 Ω.
886 2621 919 2684 3.
937 2617 971 2688 4.
991 2619 1024 2684 5.
1043 2625 1076 2686 9.
1101 2627 1155 2666 ιι.
1176 2603 1308 2695 Pistris3
1337 2621 1364 2664 rc

371 2724 540 2784 quaecum
559 2706 714 2776 Vadiaois,
735 2707 935 2776 Olivarianir‚
954 2709 1080 2776 vineto.
1097 2705 1232 2768 Schotto
1253 2703 1364 2797 Tirfir

371 2801 497 2866 Voiiura
530 2817 563 2867 ct
598 2811 694 2868 ceteri
724 2807 855 2900 Tirssir.
898 2827 1103 2869 rzccuvcrm.
1154 2805 1277 2898 Pssris.
1329 2807 1364 2866 Sc

372 2903 514 2966 b'eudunr
543 2905 679 2999 Tirssris
702 2929 741 2968 ex
767 2910 963 2971 Ptolemaeo.
1001 2909 1057 2988 [3.
1086 2902 1162 2995 10.]
1215 2925 1364 2967 causam

370 3007 494 3067 Torum
515 3006 601 3066 hunc
630 3009 739 3069 locum
765 3009 803 3070 fic
822 3011 914 3094 lego:
956 3007 1041 3102 Istro
1068 3011 1217 3089 proxima
1240 3007 1364 3101 Istropo

369 3127 391 3164 α
406 3107 487 3166 Mile
502 3109 542 3166 u's
563 3105 708 3172 deducto.
760 3110 888 3172 Deinde
905 3109 949 3202 fi
966 3111 1109 3172 Cuiatis:
1134 3107 1195 3202 Est
1214 3122 1330 3188 portus
1349 3107 1364 3168 ί

371 3205 441 3265 ria:
473 3203 533 3296 Est
557 3207 692 3297 Tirfirr's
715 3214 979 3288 promontorium,
1006 3231 1068 3292 qua
1092 3211 1157 3270 dixi
1181 3213 1291 3294 figura.
1338 3227 1364 3269 rr

371 3323 508 3366 Trauos.
561 3307 644 3366 Ante
666 3309 875 3372 Hermolaum
897 3311 1059 3396 legebatur
1078 3309 1202 3404 Pssu's.
1240 3310 1316 3370 Hoc
1337 3329 1364 3392 pi

370 3406 571 3466 montorium
592 3407 703 3468 Strabo
727 3410 782 3471 lib.
807 3426 839 3486 7.
865 3412 917 3493 [p.
940 3433 983 3474 m.
1003 3429 1087 3474 221.
1104 3411 1125 3476 i.
1146 3404 1250 3495 319.]
1277 3412 1364 3472 videi

370 3505 525 3586 appellare
549 3505 713 3595 durior<rr
736 3503 833 3598 ἄκρα.
874 3513 1076 3574 Ptolemaeus
1095 3509 1142 3601 [c.
1160 3507 1204 3599 1.]
1229 3513 1363 3598 Τιρίσπρ

371 3611 412 3665 Ar
430 3607 463 3665 iu
484 3607 597 3667 Latino
618 3609 646 3667 T
644 3609 766 3702 irssrr's.
809 3613 996 3696 Legendum
1015 3613 1096 3676 forte
1114 3615 1196 3694 apud
1214 3613 1364 3674 Straboni

372 3699 426 3766 uui
444 3703 604 3794 Tiororprr
625 3701 721 3797 ἄκρα.
749 3731 954 3777 ciacconius.
1006 3717 1084 3776 Vera
1101 3715 1195 3774 lectio
1212 3713 1255 3774 est
1274 3712 1364 3804 Tirss

370 3825 436 3866 non
460 3805 607 3898 Tirssris.
659 3814 712 3874 Sic
736 3833 863 3894 quoque
885 3815 996 3898 legunt
1019 3813 1133 3876 vetusti
1155 3814 1279 3875 codices
1303 3813 1364 3873 Pto

368 3907 452 3966 muri
481 3903 638 3993 Troicum,
673 3913 722 3972 uri
748 3913 814 3974 iiiic
840 3915 1020 3977 docuimus.
1054 3935 1195 3976 vosrrvs.
1224 3989 1229 3996 ,
1252 3915 1350 3977 Certe

368 4006 552 4068 Ptoiemreo
576 4011 648 4072 libri
676 4013 754 4074 editi
777 4017 909 4085 variant.
962 4016 1047 4078 Nam
1071 4017 1121 4077 ed.
1144 4017 1272 4100 Argenr.
1298 4027 1364 4090 15:

366 4105 462 4172 habet
477 4103 622 4199 Τιρισπὴ,
643 4113 769 4180 Bertiua
787 4113 966 4206 Τιρισπρία,
991 4115 1170 4208 Tuncrum
1186 4119 1256 4180 cod.
1271 4115 1362 4179 Coisl
