2810 4944
299 453 361 526 49²
601 447 841 504 roucourt
880 449 1042 506 uncta

299 621 392 682 illum
409 621 609 704 ioppenum,
636 621 689 682 cui
704 623 872 706 adligatam
888 621 976 684 inille
992 623 1227 687 Andromedam
1242 625 1329 686 intel·

299 723 427 786 lexerat.
477 725 540 788 Sed
564 737 689 786 ettam
713 724 822 786 erralle
837 725 980 796 videtur,
1007 747 1080 787 curn
1103 728 1245 788 ducentia
1269 743 1328 787 tan·

298 838 368 886 tum
386 819 520 907 pall'rbua
537 825 668 886 insulam
692 825 812 888 banca
835 829 1022 890 continente
1043 827 1151 890 distare
1174 829 1265 899 dicit,
1298 841 1328 888 et

300 947 375 988 cum
399 925 517 1008 septem
543 927 712 988 stadiorum
736 928 895 1010 oppidum
915 943 1007 990 vocat
1032 929 1243 1000 Antaradum,
1275 928 1329 990 ubi

298 1025 461 1090 manifelle
494 1028 690 1090 drrtaradnnr
723 1049 796 1090 cum
829 1029 930 1092 Arado
965 1027 1146 1096 confundit.
1188 1052 1327 1094 voesrvs.

297 1131 347 1191 Ex
371 1129 478 1192 Plinio
504 1131 722 1193 emendandus
747 1130 842 1192 Mela.
895 1133 997 1216 Lege:
1022 1133 1149 1194 Arados
1176 1137 1270 1194 etiam
1297 1135 1328 1192 in

296 1233 451 1294 Phoenice
474 1231 533 1323 est,
560 1244 592 1292 et
614 1233 730 1302 Paria,
754 1245 908 1314 quantum
932 1247 1039 1314 patet,
1071 1247 1145 1294 tota
1166 1234 1326 1314 oppidum.

298 1333 367 1394 Nec
384 1329 491 1394 Vosfio
508 1333 692 1395 ailentimur
713 1335 810 1396 aienti
827 1335 866 1394 ad
883 1335 1017 1404 Melam,
1042 1355 1080 1396 ex
1101 1355 1141 1396 eo
1157 1335 1327 1418 Pomponii

297 1449 387 1496 textu
408 1435 550 1496 Plinium
568 1439 692 1518 potine,
723 1457 816 1517 quam
841 1457 879 1497 ex
896 1437 1000 1498 Plinio
1019 1437 1138 1497 Melam
1161 1439 1328 1499 emendan-

296 1539 375 1598 dum
393 1537 464 1598 elle.
517 1537 601 1597 Nam
630 1551 847 1620 praeterquam
875 1539 962 1620 quod
987 1537 1142 1620 Iosephus
1163 1539 1237 1602 Ant.
1261 1539 1326 1600 lud.

296 1639 352 1702 lib.
381 1625 437 1717 14.
461 1657 527 1720 cap.
549 1653 604 1712 17.
631 1635 708 1726 [lib.
739 1650 792 1720 14.
814 1660 840 1702 c.
862 1659 915 1708 ro,
940 1637 995 1728 8.]
1031 1641 1207 1728 Παριανῶν
1232 1659 1326 1722 prope

293 1741 415 1822 loppen
433 1741 599 1809 meminit,
632 1741 735 1802 Notit.
760 1753 824 1803 ant.
849 1743 924 1802 eccl.
948 1763 979 1823 p.
998 1753 1057 1819 85.
1084 1744 1168 1804 inter
1189 1741 1326 1825 suffraga-

292 1862 372 1904 neoe
401 1841 635 1923 Archiepilcopi
668 1843 816 1921 Tyrensrs
845 1842 1055 1904 dccanenlem
1087 1844 1204 1914 habet,
1238 1845 1324 1906 Sido·

292 1941 452 2013 nieniem,
483 1942 706 2020 berytensem,
740 1959 773 2006 et
794 1957 904 2025 quarto
928 1946 998 2006 loco
1023 1937 1125 2034 Paris.
1159 1966 1223 2026 qua
1247 1963 1322 2005 voce

291 2045 421 2114 mutila,
455 2057 492 2103 ut
516 2059 656 2125 apparot,
687 2067 768 2106 num
790 2044 966 2108 Parilienire
990 2065 1046 2126 pro
1069 2046 1218 2128 lappensi
1242 2044 1323 2107 ledes

290 2145 500 2228 intelligatur,
528 2145 756 2207 aestimandum
778 2149 846 2208 aliis
867 2149 1088 2228 relinquimus.
1122 2165 1323 2212 uannvtuvo

291 2245 336 2308 aci
355 2247 453 2306 Plinii
473 2267 499 2308 c.
523 2246 544 2307 i.
614 2251 733 2332 Arguta
755 2249 856 2332 magis
876 2261 908 2310 ct
932 2249 1041 2310 callide
1068 2268 1159 2333 agere
1188 2249 1320 2318 videtur,

290 2368 384 2430 quam
403 2346 507 2408 severe
529 2347 724 2417 Harduinus.
751 2363 787 2409 ut
808 2351 930 2411 Pariam
956 2349 1041 2410 luam
1062 2363 1191 2412 tueatur
1211 2350 1320 2411 lllelae·

288 2469 349 2532 qne
368 2447 527 2511 obtrudat.
564 2451 688 2512 Pariani
710 2453 798 2512 enim
814 2453 897 2532 apud
917 2449 1087 2534 losephum
1111 2450 1184 2511 luxit
1205 2453 1320 2512 incolae

288 2553 361 2614 Pari
384 2551 512 2628 insulae,
541 2569 620 2631 quoe
643 2567 755 2613 munet
775 2552 894 2624 Caesar,
920 2567 965 2624 ut,
993 2555 1013 2614 sr
1033 2553 1189 2634 quidquid
1214 2554 1319 2614 durius

287 2655 322 2714 in
352 2655 484 2714 Iudaeoe
511 2652 695 2724 statuillent,
721 2655 916 2738 abrogarent.
977 2655 1116 2736 Adparet
1141 2655 1206 2716 hoc
1235 2655 1317 2724 inde,

287 2756 374 2838 qnod
393 2754 537 2837 questum
558 2755 666 2816 ludaei
681 2756 721 2816 de
737 2753 943 2818 Parianorum
960 2755 1093 2818 decretis
1109 2757 1229 2816 lulium
1245 2755 1317 2818 Cae·

288 2857 386 2918 larem
409 2859 442 2916 in
464 2855 547 2916 Delo
570 2871 797 2920 convenerant.
849 2858 890 2917 Et
913 2859 982 2938 quie
1011 2877 1051 2918 ex
1074 2849 1176 2947 Paris.
1210 2858 1315 2918 l’ariae

286 2958 403 3019 insulae
425 2957 542 3018 incolas
562 2959 738 3019 extundat?
790 2957 910 3042 Quodsi
933 2977 1005 3018 veta
1028 2957 1071 3020 est
1092 2959 1190 3020 Plinii
1214 2959 1314 3026 lectio,

285 3057 485 3120 commiscuit
505 3059 626 3118 Pariam
643 3073 675 3118 et
692 3059 836 3130 Aradon,
868 3075 900 3120 et
924 3059 968 3118 illi
990 3059 1096 3130 dedit,
1129 3061 1217 3140 qnod
1241 3059 1315 3118 haec

284 3161 341 3222 fibi
364 3161 520 3229 vindicat,
541 3171 596 3220 *ex
619 3159 781 3222 Strabonis
803 3161 900 3221 etiam
927 3160 982 3222 lib.
1012 3161 1068 3223 16.
1098 3181 1130 3241 p.
1157 3181 1201 3220 m.
1230 3172 1311 3237 513.

283 3259 305 3324 l.
323 3275 407 3340 753.
433 3261 625 3323 testimonio.
664 3263 747 3322 Ante
764 3263 898 3344 loppem
916 3260 1013 3322 hodie
1028 3259 1162 3321 insulam
1179 3260 1209 3322 le
1225 3264 1312 3343 igno·

282 3381 365 3430 rare,
398 3361 542 3423 adfirmat
563 3363 657 3422 etiam
678 3363 838 3424 Relandnr
860 3365 892 3421 in
911 3363 1080 3424 Palaestina
1101 3362 1157 3425 lib.
1178 3377 1211 3442 5.
1235 3361 1256 3424 l.
1279 3381 1310 3422 r.

282 3465 390 3534 Paria,
415 3483 446 3543 p.
469 3461 552 3538 682.
584 3477 616 3524 et
638 3483 730 3544 rupea
753 3464 798 3524 ibi
819 3463 970 3524 exstantes
990 3462 1107 3524 insulae
1131 3477 1232 3545 partes
1251 3459 1309 3524 elie

282 3565 459 3626 arbitratur.
513 3567 559 3624 lta
582 3583 659 3625 vero
682 3577 713 3625 et
734 3565 858 3628 Plinius
880 3563 944 3645 ipse
964 3565 1137 3634 intellexit,
1164 3579 1196 3626 et
1216 3563 1308 3644 expli·

281 3685 349 3728 care
373 3667 501 3726 ridetur
522 3665 575 3725 lib.
601 3679 633 3742 5.
662 3665 837 3745 14.l.13.
872 3665 928 3725 ubi
950 3666 1027 3727 haec
1049 3665 1155 3727 habet.
1208 3667 1307 3744 Ioppe

281 3767 469 3828 Phoenicum
494 3801 542 3814 -
569 3768 600 3826 in
617 3767 684 3828 edet
706 3767 812 3828 coliem
837 3767 1035 3847 praeiacente
1052 3759 1158 3857 saxo,
1193 3768 1306 3848 inquo

278 3867 474 3929 vinculorum
501 3867 718 3930 Andromedae
745 3867 878 3960 vestigia
901 3866 1078 3960 trstendunt.
1133 3865 1183 3930 Cf.
1211 3869 1304 3928 etiam

279 3971 316 4030 ad
334 3971 451 4030 blelam
473 3989 501 4038 1,
527 3989 580 4032 11.
600 3983 678 4030 extr.
730 3968 863 4030 Facellat
887 3971 984 4053 igitur
998 3969 1074 4030 hinc
1089 3969 1177 4030 Paria
1200 3965 1303 4034 insula,

278 4085 445 4151 teneatque
462 4071 565 4133 ladem
585 4069 667 4130 suam
683 4091 797 4149 parve,
819 4089 913 4152 quam
930 4089 1043 4131 vocem
1059 4071 1143 4131 blela
1160 4069 1223 4152 ipse
1239 4067 1305 4128 latit

278 4185 395 4244 tuetur,
422 4192 497 4234 cum
511 4169 653 4233 subiicit:
684 4172 794 4234 Parva
816 4185 848 4234 et
867 4171 1027 4255 Cartopon
1053 4174 1142 4256 quod
1161 4173 1217 4234 vix
1234 4169 1304 4232 alias
