2788 4942
320 507 410 564 tro.
442 507 495 560 ru.
539 505 571 562 c.
595 503 617 560 r.
659 503 685 574 t.
711 521 759 562 to.
1016 513 1058 586 49

34 701 98 742 vera
117 679 247 742 nomina
268 681 371 742 otium
388 699 475 740 nunc
491 699 556 740 uou
574 677 616 739 eu
638 679 808 758 inquirere.
849 677 899 740 De
916 699 949 742 re
971 675 1058 786 f¹¹¹i¹¹

31 775 207 854 domabit,¹
225 783 365 864 quisquis
387 783 501 862 aliquid
525 782 602 840 certi
627 783 666 840 de
690 779 739 840 hir
754 781 917 842 adfirmare
938 785 1057 866 cupiet.
1141 789 1144 798 '

31 885 159 946 Sufficiat
182 887 233 944 iric
255 887 426 945 meliorum
441 885 589 942 codicum
610 881 782 943 lectionem
806 882 1054 964 repraeierrtaffe.

32 1006 162 1048 rostri-o.
212 987 271 1046 Per
286 1006 390 1054 euuor.
415 987 499 1065 quod
519 987 550 1042 in
570 981 655 1044 Voii.
673 1003 699 1044 r.
717 981 769 1050 est.
797 985 924 1044 vitietur
944 987 1056 1052 vitiose

32 1103 59 1148 et
85 1109 135 1168 per
155 1091 403 1148 coutrrtotiouerrr
431 1083 578 1168 [criptum
601 1103 659 1165 pro
682 1105 738 1162 per
762 1084 946 1156 Coucaum.
979 1109 1057 1174 quo·

33 1191 122 1250 modo
143 1191 245 1250 edidit
267 1189 465 1266 iieyuoldur.
526 1185 713 1249 Ptolemaeo
738 1185 793 1246 lib.
816 1201 847 1248 2.
873 1207 899 1249 c.
918 1190 951 1250 6.
980 1191 1057 1256 urbo

33 1291 253 1382 iffrntabrorrtnr
271 1284 428 1352 lioouo'ro
450 1289 640 1370 appeliatum
670 1285 725 1346 ubi
743 1287 810 1348 MS.
829 1287 928 1352 Polat.
942 1307 973 1352 et
991 1293 1059 1356 Me·

35 1391 131 1454 ditetur
154 1387 320 1454 lio'rrroro.
358 1409 388 1452 Λ.
417 1409 623 1450 ououorrvr.
684 1389 744 1448 Per
767 1389 935 1450 Cortcarros
955 1395 1059 1458 edidit
1133 1405 1138 1416 ¹
1196 1399 1203 1424 ⁸

35 1493 229 1564 lieiuoidius.
255 1513 349 1574 quem
376 1491 498 1552 secutur
515 1489 593 1552 iuru.
647 1489 835 1584 Gronovius
857 1494 984 1554 dederat
1005 1473 1062 1574 iret·

37 1595 145 1655 eosdem
173 1609 216 1658 et.
269 1595 408 1676 Quidam
433 1591 581 1672 pererurdt'
606 1603 647 1652 et.
700 1591 854 1671 Optiruur
879 1591 981 1656 Vossti
1005 1617 1061 1676 per
1098 1613 1108 1644 θ

37 1696 136 1758 Euuos
155 1711 204 1768 et,
231 1697 316 1776 quod
341 1693 453 1754 vitiose
472 1691 622 1774 scriptum
640 1693 768 1752 videtur
787 1713 845 1774 pro
867 1717 922 1772 per
942 1701 1062 1759 Conco·

38 1817 85 1856 uos
105 1811 144 1861 et.
202 1799 346 1860 Coucour'
366 1809 455 1856 eraut
472 1795 569 1856 huius
587 1795 727 1877 regionis
750 1795 870 1876 popuii.
913 1795 986 1862 Viri.
1004 1799 1061 1864 Sil.

40 1898 97 1960 ltal.
115 1915 144 1978 5.
164 1899 249 1978 561.
280 1899 386 1958 Horat.
405 1897 510 1960 Carni.
524 1911 556 1976 3.
573 1907 607 1974 4.
630 1897 722 1974 [34]
755 1897 867 1958 Strabo
884 1911 915 1977 3.
933 1921 964 1981 p.
981 1915 1061 1981 159.

41 1991 83 2082 [p.
105 1997 206 2088 156.]
239 2001 290 2062 ed.
313 1997 407 2060 Paris.
442 2017 595 2058 rtrrrvr.
649 1998 981 2064 ltoiamoiiruiued.
1004 2017 1062 2082 23.

41 2121 194 2178 quaecum
217 2101 374 2162 Vaticanis
391 2099 511 2160 cordata
534 2111 614 2168 erat,
645 2095 841 2180 adscripserat
863 2103 912 2160 vir
934 2103 1064 2166 doctus:

36 2193 111 2292 furi.
131 2225 185 2282 per
204 2203 383 2264 Cuuctruos.
419 2201 547 2261 Nomen
567 2199 673 2282 populi
692 2201 724 2260 iu
741 2201 827 2262 libris
842 2203 945 2272 latere.
963 2225 1063 2270 nexu!

46 2311 122 2364 docet
145 2321 176 2368 et
200 2303 301 2364 futtuo
326 2303 564 2383 Poruptruiunae
587 2302 782 2364 narrationis.
834 2303 930 2386 Quod
956 2309 1065 2388 quiin

46 2411 236 2488 corruptione
260 2406 311 2466 vel
334 2425 372 2464 ex
393 2387 512 2464 iustitia
537 2423 602 2462 nort
626 2401 840 2486 agnoscerent.
869 2429 924 2482 per
945 2407 1066 2469 eosdem

49 2507 205 2579 dederuut,
234 2507 319 2588 quod
343 2519 446 2566 taureu
465 2505 516 2564 iric
539 2505 577 2564 rui
600 2505 721 2586 aliquot
741 2507 940 2584 populicum
960 2523 992 2568 et
1009 2511 1067 2570 Sa·

49 2607 97 2664 iud
115 2611 296 2691 seqrrautur.
330 2608 411 2667 nude
434 2607 608 2687 pertineat;
643 2607 695 2666 aiii
718 2607 853 2667 verbum
875 2607 949 2668 inde
973 2611 1068 2672 finxe-

50 2725 125 2780 runt,
154 2713 338 2793 quodcum
369 2709 491 2786 concipi
512 2727 692 2766 connexum
717 2707 801 2768 effer.
860 2709 1010 2770 Proxime
1030 2712 1069 2772 ori

52 2827 147 2872 rtrum
170 2813 282 2894 populi
302 2829 422 2868 uorueu
444 2807 632 2870 accederunt
650 2809 758 2870 Cibiu.
776 2823 809 2870 et
826 2807 911 2870 voit.
936 2831 964 2874 t.
989 2813 1081 2873 dum'

52 2929 130 2973 eruor
152 2933 209 2995 pro
237 2931 333 2972 cuuus
354 2907 519 2978 obferunt.
556 2911 670 2970 leuiori
697 2911 903 2992 corruptione
928 2927 1068 2976 exortos.

53 3009 119 3071 Sunt
134 3030 256 3082 autem.
282 3013 334 3092 qui
354 3013 389 3070 ad
412 3011 587 3070 Carurbrot
608 3029 782 3092 eorumque
806 3023 918 3072 terram
941 3013 1004 3075 huc
1025 3035 1073 3077 re·

54 3107 113 3172 ferri
135 3113 268 3197 poffrut,
301 3113 350 3172 vel
375 3111 539 3172 Strabonis
560 3105 721 3175 Ktorrouoi
743 3113 795 3172 iib.
818 3127 849 3190 3.
873 3135 903 3194 p.
921 3135 964 3174 nr.
993 3131 1071 3190 ¹07·

56 3209 72 3270 f·
96 3217 167 3292 156.
195 3217 283 3276 uude
308 3207 456 3276 liwuovoi
481 3213 670 3274 emendabat
692 3215 818 3276 Delriur
842 3217 879 3276 ad
903 3217 1014 3280 senec.
1038 3219 1074 3280 in

58 3312 171 3398 Hippoi.
194 3339 226 3380 v.
256 3337 335 3378 tto.
363 3315 544 3394 luupiiciter
573 3317 668 3376 etiam
701 3315 738 3374 iic
766 3316 840 3378 iude
867 3315 965 3378 adfert
995 3323 1077 3402 Kap-

27 3461 28 3466 ,
58 3416 131 3490 pius.
163 3421 213 3480 vel
239 3415 391 3480 Koriortot
412 3417 555 3476 eiusdem
581 3415 634 3476 iib.
662 3429 694 3492 ὅ.
719 3437 750 3496 p.
775 3437 818 3476 ur.
845 3435 924 3482 rto.
948 3417 967 3482 i'.
997 3423 1075 3485 162.

59 3515 206 3581 Cantabris
232 3519 378 3586 finitimi,
411 3517 463 3576 vel
492 3519 653 3586 (loricaru'.
687 3517 726 3576 tie
750 3517 864 3597 quibus
888 3520 1078 3584 iricGrouo·

31 3669 32 3674 ,
62 3619 162 3680 viruet
182 3621 334 3702 Kalrpiur.
387 3619 525 3678 Eosdem
543 3619 650 3686 etiam.
680 3619 732 3697 qui
757 3617 923 3690 Koriortot.
951 3623 1081 3703 putabat

64 3715 260 3782 Caiaubouur.
314 3720 487 3800 Equidem.
523 3739 597 3779 cum
628 3719 817 3780 Reiuoidiuo
842 3723 874 3779 in
900 3725 1082 3804 recipienda

34 3815 38 3892 ἶ,
66 3815 111 3878 hac
131 3823 262 3882 lectione
289 3841 355 3882 nou
379 3835 497 3880 irruere
522 3839 581 3880 nec
608 3819 670 3882 fine
693 3819 782 3882 libris
807 3818 900 3904 egiffe
927 3825 1083 3898 videatur,

36 3915 38 3987 i
67 3923 184 3984 retinere
207 3942 277 3984 eam
301 3941 367 3982 uon
391 3919 547 3984 dubitari.

40 4113 43 4196 ’,
132 4123 322 4204 Saieuos)
361 4119 464 4187 Vario.
486 4141 515 4186 r.
540 4117 635 4185 Parii.
659 4143 686 4185 r.
706 4135 738 4184 Ω.
763 4119 881 4185 Vener.
902 4121 976 4220 (Est
990 4135 1021 4187 et
1040 4123 1088 4210 S.)

72 4217 141 4284 eud.
163 4225 248 4288 Vols.
267 4237 301 4305 4.
330 4225 366 4288 Δ.
386 4225 531 4289 Gronov.
555 4224 662 4288 Cibiu.
691 4225 798 4287 Horu.
820 4227 960 4312 Rrhdig.
985 4227 1092 4290 Solar-

111 4339 197 4416 urrp.
222 4339 314 4398 Meta.
345 4341 384 4396 t.
402 4341 456 4396 ur.
729 4327 760 4386 D
