2784 4944
322 425 386 504 346
626 423 867 482 ronromr
905 425 1065 482 naara

323 601 440 674 emiea,·
466 599 598 662 eaedem
616 595 816 678 Clampetiae
840 599 976 680 reliquae
996 589 1123 690 Temese
1137 613 1169 661 et
1190 617 1227 660 ex
1244 597 1280 658 iia
1293 615 1345 678 pro

328 703 511 782 Clampetia
536 702 570 764 6.
589 715 622 772 7.
646 711 678 776 fl.
706 713 760 776 ¹5·
786 715 912 774 17.2o.
935 715 989 780 23.
1013 699 1191 780 Clampetia.
1242 699 1346 760 Bocca-

322 805 388 866 tine
409 823 436 865 c.
460 803 481 864 l.
505 797 631 862 inrerlo
651 801 763 862 ordine
781 801 832 862 dat
854 801 1065 881 clampetiam,
1086 823 1187 866 enum.
1221 819 1347 862 monv-

323 921 399 967 cna.
452 905 599 966 Enetum
615 903 809 984 quadruplex
824 921 862 964 ex
879 903 995 972 Plinio,
1018 903 1068 983 [3,
1093 923 1147 966 ro.
1164 900 1185 966 l.
1200 905 1248 983 5.]
1273 905 1346 964 Stre·

323 1005 422 1076 bone,
446 1004 497 1084 [6.
519 1027 552 1088 p.
569 1024 612 1066 m.
636 1005 715 1078 176.
735 1001 753 1066 l.
770 1007 868 1086 2.·,'›5·]
894 1005 1092 1084 Ptolemaeo,
1116 1004 1173 1084 [3,
1193 1005 1242 1084 1.]
1275 1023 1345 1084 quos

242 1115 246 1124 “
323 1105 445 1170 lecutue
474 1107 516 1166 ita
546 1107 635 1190 lego:
679 1105 785 1165 Iasus
811 1103 943 1166 alterum
973 1107 1095 1177 Terina,
1126 1105 1247 1188 Hippo,
1272 1125 1347 1165 nurse

328 1207 363 1273 V
362 1207 450 1278 ibon,
488 1199 624 1298 Temese.
678 1207 726 1266 De
757 1205 867 1266 Terina
891 1207 951 1268 hoc
972 1207 1047 1279 srtrr,
1082 1208 1169 1269 unde
1194 1207 1347 1268 Terinaeus

312 1307 424 1402 finus,
450 1308 561 1372 Strabo
582 1307 772 1388 Pliniueqne
795 1327 811 1370 a
835 1307 933 1368 fluvio
957 1311 1169 1394 cognomine,
1195 1321 1231 1368 ut
1252 1309 1347 1389 inquit

322 1411 517 1494 Stephanus,
553 1429 671 1490 progna
699 1411 861 1490 quondam
895 1409 1045 1480 Graecia,
1071 1415 1084 1490 (
1093 1427 1132 1472 ut
1156 1411 1348 1492 Apollonides

322 1514 429 1596 [apud
451 1510 672 1594 Stephanum]
695 1511 757 1588 ait)
780 1524 905 1580 vocata,
940 1511 1150 1595 Lycophroni
1174 1513 1229 1592 [v.
1248 1510 1345 1587 726.]

321 1615 366 1679 eli
383 1613 482 1676 inluta
500 1615 562 1674 hoc
578 1614 720 1682 nomine,
742 1614 798 1672 urii
814 1613 972 1684 Sirenum,
1000 1613 1117 1696 Ligeae
1134 1615 1243 1680 dictae,
1268 1613 1345 1674 sacra.

322 1719 373 1780 De
390 1717 541 1796 Hippone
556 1716 654 1775 iidem
671 1729 824 1776 auctores.
863 1715 1004 1776 Plinius:
1032 1715 1156 1796 Hippo,
1177 1713 1259 1798 quod
1273 1731 1347 1774 num

327 1816 478 1884 Vibonem
504 1815 688 1878 Valentiam
712 1816 925 1894 appellamus,
952 1817 1078 1888 eiectis,
1112 1833 1150 1879 ut
1175 1816 1283 1879 Strabo
1307 1816 1347 1874 in·

321 1922 401 2002 quit,
427 1919 555 1985 Brutiie,
581 1929 736 1978 mutatae
754 1915 909 1980 Romania
927 1917 1095 1980 vocabulo.
1149 1920 1199 1982 De
1222 1905 1346 2008 Temese,

320 2039 417 2103 quarn
440 2019 548 2080 Graeci
575 2009 737 2108 Tempsam
761 2031 894 2090 vocent,
922 2021 1057 2081 metallis
1078 2019 1213 2099 inclyta,
1245 2019 1348 2080 elarius

321 2121 375 2190 est,
398 2141 491 2202 quam
509 2134 545 2179 ut
559 2117 817 2200 arlstiprrlatorum
835 2133 925 2204 egeat
942 2121 1014 2184 tide.
1041 2140 1229 2184 nanannvs.
1275 2121 1348 2182 Stra·

319 2223 364 2284 bo
387 2221 434 2300 [6.
453 2243 482 2304 p.
504 2241 546 2282 nr.
571 2235 650 2296 177.
668 2218 687 2282 l.
705 2222 806 2301 256.]
828 2235 859 2282 et
873 2216 1055 2304 Siephanus
1069 2223 1265 2304 Hipponion,
1287 2239 1346 2280 non

319 2325 453 2404 Hippo,·
480 2323 662 2383 Ptolemaeo
685 2321 740 2399 Η,
771 2326 825 2404 1.]
847 2325 944 2384 etiarn
971 2323 1053 2386 sinus
1069 2323 1112 2385 est
1130 2325 1346 2406 Hipponiates·

319 2425 555 2508 proculdubio
584 2423 622 2484 ab
651 2421 833 2501 Hipponio,
874 2425 1019 2505 quamvis
1046 2425 1210 2508 Stephano
1236 2425 1347 2484 ratione

319 2527 481 2611 analogiae
497 2527 597 2609 magia
614 2525 732 2606 placeat
748 2524 787 2586 ab
801 2525 971 2607 Hipponia
987 2527 1112 2590 deduci.
1145 2529 1229 2588 ltem
1244 2527 1346 2588 Strabo

323 2625 454 2694 Vibone
485 2628 649 2697 nominat,
683 2626 885 2689 Ptolemaeus
914 2625 1038 2700 Viden,
1081 2629 1206 2690 Plinius
1231 2643 1346 2709 quoque

323 2727 441 2795 Vibon.
492 2727 655 2790 Praeterea
685 2741 764 2808 puto
798 2729 964 2790 deiiderari
996 2729 1030 2789 in
1067 2729 1153 2790 Mela
1180 2731 1346 2790 dictionem

323 2832 356 2895 V
357 2832 492 2900 alentio,
530 2829 766 2912 legendumque
801 2829 836 2892 V
835 2829 906 2890 ibon
936 2829 972 2892 V
970 2829 1089 2890 alentio
1120 2851 1160 2892 ex
1192 2831 1345 2894 Strabone,

320 2933 378 3012 [6.
403 2953 434 3014 p.
456 2951 500 2993 m.
531 2945 612 3006 177.
637 2927 658 2992 l.
684 2929 792 3012 256.]
831 2931 1032 3000 Ptolemaeo,
1066 2931 1122 3010 [5.
1154 2934 1209 3012 1.]
1240 2932 1346 2996 Plinio,

320 3035 369 3113 [c.
388 3035 433 3116 1.]
460 3031 639 3113 Stephano,
665 3033 747 3112 apud
771 3051 867 3113 quern
891 3051 1054 3114 perperam
1072 3031 1223 3114 scripturn
1239 3032 1279 3094 eli
1298 3049 1346 3089 an·

319 3133 394 3197 niba
413 3133 532 3196 olentia
556 3151 613 3214 pro
639 3129 767 3194 Vibone
793 3131 946 3195 Valentia
969 3135 1033 3194 live
1061 3131 1095 3195 V
1095 3131 1167 3196 ἰῠοη
1192 3131 1228 3196 V
1225 3131 1344 3194 alentio.

318 3238 406 3298 Tum
422 3233 522 3315 potest
536 3235 667 3316 quidem
685 3234 748 3318 legi
768 3225 893 3325 Temesn
909 3235 972 3296 sive
989 3225 1127 3328 Temese‚·
1149 3237 1346 3297 malo-tamen

318 3337 423 3421 legere
445 3329 570 3426 Tenresa
586 3354 659 3396 oum
675 3335 871 3406 Ptolemaeo,
897 3335 1060 3406 Strabone,
1086 3337 1203 3398 Plinio.
1227 3338 1284 3416 [cc.
1302 3333 1346 3410 ΙΙ.]

319 3439 425 3506 Prius,
452 3437 560 3516 inquit
583 3435 705 3507 Strabo,
741 3436 829 3498 dicta
846 3427 928 3528 sunt
956 3428 1090 3528 Temese,
1117 3459 1202 3498 nunc
1224 3423 1347 3524 Tempsa

319 3539 448 3600 dicitnr.
486 3555 686 3599 arnrrnnvs.
741 3537 1054 3618 ForteHipponium
1081 3535 1199 3602 Vibon.
1230 3553 1345 3598 erecco-

321 3659 411 3702 nme.
452 3639 643 3700 Hermolaus
664 3637 785 3708 Terina,
806 3638 918 3718 Hippo
936 3661 1019 3700 nune
1038 3637 1155 3710 Viden,
1176 3659 1251 3700 cum
1265 3638 1346 3720 prius

318 3743 477 3825 legeretur
493 3741 676 3808 lllaticono,
698 3741 824 3800 lonium
844 3739 879 3802 V
878 3739 962 3802 ibon.
999 3741 1061 3804 Sed
1077 3741 1153 3802 haec
1170 3739 1345 3802 emendatio

318 3843 414 3927 longe
440 3833 523 3902 duell
545 3861 560 3901 a
583 3841 721 3924 vestigiis
742 3843 859 3904 veteris
881 3842 1046 3914 lectionis,
1079 3843 1249 3923 ordinique
1271 3841 1347 3902 Geo-

318 3945 469 4028 graplrico
493 3941 535 4004 est
555 3943 720 4003 contraria.
770 3944 860 4005 inter
872 3941 1147 4005 Temelam'enim
1163 3957 1195 4004 et
1211 3944 1347 4020 Clampe-

318 4047 395 4106 tiam
416 4043 596 4106 collocanda
614 4059 679 4104 erat
694 4044 819 4105 Terina.
863 4045 980 4104 Verum
998 4043 1041 4106 est
1058 4046 1172 4126 itaque,
1199 4045 1286 4126 quod
1305 4060 1347 4100 re·

319 4145 499 4231 posuimus:
528 4141 692 4217 Madame,
711 4143 833 4229 Hippo,
852 4165 934 4208 nune
949 4145 984 4210 V
983 4143 1067 4209 ibon.
1103 4145 1195 4230 apud
1215 4145 1347 4207 Plinium
