2752 4944
270 429 329 494 ¹9·
570 412 810 472 eooeouir
850 413 1011 470 nette

266 584 410 650 abriade.
454 585 582 669 Nempe
606 585 646 648 de
668 587 805 649 adhaesit
831 605 869 650 ex
899 584 1047 668 sequente
1075 605 1172 657 voce,
1205 599 1315 649 cetere

267 689 446 772 depravate.
496 690 548 752 De
581 687 812 774 adspiratione,
851 708 946 773 quem
979 687 1127 774 praefixi,
1163 689 1232 752 vid.
1265 691 1314 750 ed

272 811 302 864 t,
329 805 361 872 3,
389 803 423 872 5.

340 991 495 1077 attuit)
541 994 728 1058 vindobon.
746 994 831 1058 ouo.
855 994 947 1080 eng.
973 981 1144 1078 rnerigo.
1167 963 1249 1074 opt.
1272 1005 1314 1054 et

266 1097 424 1160 editiones
446 1117 560 1160 omneo
581 1117 656 1158 cum
678 1097 898 1159 iieinoldienir
921 1099 959 1158 nd
979 1109 1039 1178 45.
1061 1097 1168 1164 alluit,
1196 1095 1313 1155 Vedia-

265 1219 325 1260 noe
342 1201 438 1260 etium
457 1198 642 1281 posteriores
663 1199 798 1261 olinorrt.
840 1199 986 1261 Tandem
1007 1199 1045 1260 Α.
1063 1195 1247 1258 Gronovius
1267 1197 1312 1258 in

265 1301 318 1362 ed.
335 1309 396 1378 45.
418 1299 523 1383 posuit
540 1300 632 1362 alluit
647 1318 784 1382 eumque
800 1297 922 1362 secutor
938 1301 1092 1381 Koppiue.
1123 1295 1204 1358 Vols,
1221 1317 1249 1358 t.
1268 1313 1309 1360 tt.

265 1399 442 1465 Mediolon.
467 1401 572 1465 Cibin.
595 1403 694 1462 Vatic.
718 1401 839 1472 adluit,
872 1403 959 1464 unde
982 1398 1160 1462 commistio
1187 1399 1305 1460 melino

263 1503 464 1588 intelligitur,
490 1505 530 1564 de
546 1523 606 1584 qne
625 1505 747 1564 dictum
764 1504 800 1564 ad
822 1525 850 1572 r,
865 1513 899 1586 4.
917 1513 954 1586 4.
994 1501 1068 1564 Poo
1082 1499 1177 1562 verbe
1195 1519 1308 1560 merno-

263 1603 370 1666 ruodo
382 1597 466 1696 suot
489 1607 620 1666 titulum
641 1605 800 1690 praemisit
816 1605 898 1668 Cod.
916 1603 1033 1668 Zalusc.
1047 1603 1087 1664 de
1110 1593 1280 1690 Tbeffolio.

341 1797 517 1897 Larissa
529 1806 545 1886 )
595 1807 769 1892 Rohdiger.
793 1798 931 1896 laryffar
971 1805 1111 1868 Vindob.
1132 1798 1308 1896 larissam,-

264 1907 347 1971 Voll.
369 1930 398 1971 r.
423 1908 532 1971 Cibin.
560 1909 660 1972 vanc.
684 1930 712 1972 1.
735 1931 818 1970 nnnc
841 1899 984 1998 Lariffo,
1020 1909 1069 1969 uti
1094 1909 1189 1968 etiam
1212 1907 1306 1964 dedit

263 2010 409 2072 vineuo.
463 2010 586 2071 Locum
608 2011 753 2081 haberet,
786 2009 1037 2070 srsubiiceretur
1059 2005 1223 2092 praemisso
1244 2007 1304 2067 att-

261 2109 408 2192 quoodo,
443 2123 479 2170 ut
503 2130 533 2183 o,
557 2124 589 2188 5.
614 2113 658 2173 io.
689 2105 762 2200 fuit
794 2110 968 2193 aliqnando
999 2111 1179 2178 Bracata,
1216 2129 1305 2168 nunc

261 2208 489 2301 Narbonensis.
538 2211 622 2274 Infra
645 2215 678 2272 in
701 2213 805 2274 nollro
826 2213 943 2296 capite:
986 2211 1067 2272 Polo
1091 2209 1250 2292 trimodam
1278 2229 1303 2268 a

266 2310 396 2373 Colchis
414 2311 581 2385 habitata,
608 2335 692 2376 nuno
711 2316 861 2374 Romano
886 2311 1019 2374 colonio.
1058 2313 1146 2372 Dicit
1167 2311 1302 2392 quidem

267 2430 298 2482 t,
321 2425 354 2490 5.
373 2411 394 2474 f.
422 2415 583 2478 Mulucha
604 2445 651 2458 -·-
674 2436 758 2475 ntum
778 2416 928 2495 gentium,
956 2413 1027 2474 olim
1043 2433 1205 2494 regnorum
1223 2431 1301 2492 qrro·

260 2516 510 2595 quaternorum
541 2531 573 2577 et
592 2517 636 2576 ibi
658 2517 767 2599 prodit
794 2518 826 2575 iu
850 2515 1067 2596 obpositione,
1094 2533 1174 2594 qnae
1196 2513 1227 2572 id
1251 2532 1301 2573 re·

200 2693 202 2698 Ι
261 2617 376 2695 quirit3
403 2619 452 2676 uti
473 2637 557 2678 nunc
577 2651 626 2664 -
651 2629 727 2678 tnnc
747 2637 775 2687 r,
797 2619 912 2696 15.in.
938 2628 970 2676 et
987 2615 1026 2676 lic
1043 2613 1167 2676 inverso
1184 2615 1300 2676 ordine

261 2715 438 2799 aiiqrrondo
461 2753 508 2766 -
534 2739 617 2778 norro
647 2737 677 2788 t.
706 2734 758 2788 12,
785 2733 817 2780 Ω.
870 2719 943 2778 olim
967 2745 1017 2760 -
1043 2737 1127 2776 nnnc
1149 2731 1180 2784 2,
1203 2726 1234 2790 5.
1262 2729 1299 2776 2.

261 2817 324 2878 Hic
344 2837 422 2880 vero
448 2817 596 2900 separatae
618 2819 712 2881 urber
735 2831 974 2887 commemorat,
1005 2817 1122 2898 quibue
1143 2816 1313 2877 Tliellolie.

259 2917 422 2989 inclaruit,
448 2919 503 2980 ubi
524 2919 623 2982 obesse
643 2920 753 3002 potest.
800 2920 909 2980 illinus
923 2919 1011 2980 enim
1028 2919 1108 2978 bene
1130 2916 1240 2978 Carrio
1256 2917 1299 2978 ad

260 3019 361 3080 Valet.
389 3019 486 3082 Flacc.
518 3041 545 3090 r,
573 3037 651 3095 171.
686 3041 725 3082 ex
753 3019 906 3082 hocloco
930 3033 1036 3101 putet,
1070 3017 1215 3078 Larissam
1243 3019 1300 3077 eli·

239 3107 386 3200 'quondo
410 3121 519 3182 lolcon
540 3122 726 3203 adpellatam
743 3119 849 3192 fuisse,
882 3141 958 3182 oum
978 3121 1085 3182 omnia
1108 3119 1165 3180 nlla
1183 3123 1301 3180 doceat

257 3221 369 3282 Strabo
393 3219 447 3281 lib.
465 3239 499 3300 9.
521 3242 553 3303 p.
572 3243 616 3284 m.
635 3237 718 3301 5⁰⁰·
733 3221 756 3284 s.
776 3223 861 3301 456.
901 3221 1001 3282 Malui
1022 3223 1121 3306 igitur
1136 3239 1209 3280 cum
1227 3220 1300 3281 aliie

257 3321 436 3402 negligere,
471 3335 503 3382 et
530 3321 702 3386 adscribere
732 3324 933 3386 librariorum
964 3319 1101 3383 curiosae
1128 3319 1298 3382 sedulitati.

256 3422 370 3482 Simile
403 3423 604 3504 exemplum,
644 3427 679 3486 in
705 3445 768 3505 quo
800 3439 907 3486 tamen
934 3422 1094 3508 quondam
1126 3423 1298 3503 praecedit.

257 3519 353 3582 haber
376 3522 482 3602 paullo
507 3521 648 3587 inseritur.
700 3524 750 3589 Cs.
775 3543 807 3597 2,
828 3529 861 3598 6,
884 3535 921 3606 4.

334 3721 570 3808 aliqnando
596 3727 766 3810 Iolcos)
816 3727 900 3811 Lips,
931 3725 1073 3788 vatican.
1096 3737 1129 3803 3.
1162 3721 1241 3805 (qui
1263 3735 1298 3786 et

256 3825 381 3886 omittit
401 3825 597 3912 aliquando)
632 3829 772 3902 Iolcltosr
805 3827 945 3892 Vindob.
967 3828 1084 3898 icolos,·
1117 3825 1318 3908 llebdiger,

256 3923 380 3998 indens:
404 3926 495 4012 Prag.
518 3929 627 3991 idatios
634 3951 647 4003 ,·
673 3931 823 3994 Schottue
840 3929 1017 3991 minoribus
1033 3927 1130 3988 literis
1145 3921 1297 4006 expressit

255 4024 352 4088 verba
377 4027 550 4111 aliquando
578 4031 692 4094 solens.
733 4049 940 4094 rzocot'crn.
1001 4029 1087 4089 Haec
1111 4027 1224 4096 verba,
1258 4031 1297 4088 rii

255 4125 356 4199 sellor,
378 4129 552 4212 Pomponii
576 4129 642 4194 non
665 4131 746 4196 sunt.
787 4133 869 4194 Nem
887 4131 980 4215 poulo
1002 4143 1075 4190 ante
1094 4125 1220 4190 testatur
1241 4129 1296 4198 cll,
