2794 4954
312 458 353 519 66
605 451 854 510 POMPONII
896 453 1061 509 MELAE

316 636 355 698 orl
379 633 451 694 [ἰν.
475 630 533 710 56,
559 637 614 710 14,
636 635 671 710 4.
723 628 776 690 Sic
795 627 881 687 iocus
901 640 935 688 et
953 626 1058 698 locus,
1084 627 1211 709 dequo
1233 627 1353 691 Pierius

317 741 356 800 ad
372 735 483 819 virgil.
503 733 619 816 Georg.
639 751 668 800 t,
691 741 772 807 132.
799 725 908 790 Heinl.
924 729 963 789 erl
977 729 1076 790 Ovio.
1094 729 1207 792 Fastor.
1229 751 1258 802 1,
1275 749 1353 810 299.

321 840 404 920 396.
439 833 532 898 Trist.
556 855 585 906 t,
610 843 643 910 8,
667 841 726 914 54.
777 830 853 894 1²0st
872 851 930 914 pro
952 831 1052 894 houm
1072 829 1168 895 Parit.
1197 849 1230 898 2.
1260 834 1354 896 Vatio.

319 943 429 1004 honor.

395 1131 656 1235 Essedones)
704 1137 844 1223 Rehdlg.
874 1138 965 1224 Prag.
995 1128 1179 1230 Esedones,·
1212 1139 1295 1223 Ltpt.
1320 1153 1358 1201 ut

323 1245 397 1308 edd.
427 1265 458 1307 r.
486 1258 520 1305 α.
551 1261 585 1322 9.
618 1233 799 1303 Exedones.
848 1239 923 1304 Poll
954 1243 1134 1320 parentium
1158 1244 1298 1304 Vaticani
1326 1256 1357 1303 et

325 1363 388 1409 tree
405 1346 496 1408 MSS.
517 1345 551 1407 ll.
568 1344 738 1412 Gronovii,
764 1344 798 1402 in
814 1343 927 1422 quibus
946 1362 1033 1425 pono
1052 1343 1190 1406 Gudian.
1214 1345 1355 1425 Plerique

323 1463 360 1510 ut
382 1448 454 1508 edd.
476 1448 572 1508 ctiam
594 1465 633 1506 ex
655 1446 884 1505 recentioribus
907 1445 1135 1506 Reinotdianae
1157 1447 1198 1508 ad
1219 1457 1278 1524 44.
1302 1466 1357 1525 pa·

325 1563 459 1617 rentum,
479 1549 566 1608 unde
581 1549 761 1624 parentium
779 1547 909 1627 prodiit.
937 1544 1121 1628 Vid.supra.
1155 1548 1355 1610 Cod.Veuet.

325 1651 395 1736 post
419 1653 468 1710 ita
486 1649 529 1709 hi.
565 1665 767 1709 'rzscuvcue
820 1649 925 1732 Lego:
952 1647 1071 1707 Pocula
1088 1643 1356 1738 inimiciffimorum

326 1749 483 1832 capitibus
504 1749 668 1829 expoliunt
677 1771 692 1820 ,π
708 1751 826 1830 reliqua
842 1751 1006 1811 inventitia
1021 1747 1104 1812 lunt.
1142 1749 1258 1831 Neque
1274 1751 1358 1810 enim

326 1852 499 1916 Elledonee
523 1851 634 1931 pocula
659 1870 698 1910 ex
722 1865 889 1934 parentum
911 1850 1066 1932 capitibus
1092 1854 1278 1934 expoliunt,
1310 1849 1359 1911 led

326 1955 486 2016 fimulncra
508 1949 647 2022 faciunt,
673 1968 709 2012 ut
731 1973 769 2014 ex
792 1953 958 2013 Herodoto
983 1946 1039 2038 [4,
1058 1947 1137 2039 26.]
1165 1955 1290 2014 dictum
1310 1951 1358 2020 el,

327 2070 361 2118 et
384 2055 472 2136 supra
488 2057 522 2113 in
537 2055 686 2114 'sarincae
706 2056 884 2115 mentione.
919 2073 1118 2116 rrurruuvs.
1169 2057 1266 2116 Delet
1288 2055 1360 2114 haec

328 2158 506 2218 Pintianue.
547 2154 623 2215 Non
645 2169 741 2217 recte.
775 2155 935 2236 Equidem
950 2157 1073 2216 retineo
1090 2157 1278 2224 anctoritate
1295 2155 1359 2216 tus.

328 2259 446 2320 codicis
471 2256 618 2326 Parilini,
653 2270 689 2315 ut
718 2256 913 2318 Ellerlonnm
939 2276 1044 2318 mores
1071 2277 1146 2318 curn
1171 2259 1359 2338 Scytharum

328 2373 573 2440 componantur.
630 2357 699 2438 lpse
723 2361 818 2418 etiarn
842 2359 926 2418 Mela
955 2355 1020 2440 sup.
1044 2361 1152 2440 paullo
1183 2363 1248 2439 (ne
1269 2361 1361 2441 longe

328 2461 475 2542 exempla
503 2463 672 2540 petantur)
704 2461 738 2518 in
766 2480 834 2520 rem
857 2457 1053 2540 praesentem
1083 2464 1211 2532 veniet,
1243 2460 1298 2521 ubi
1324 2462 1360 2519 de

328 2560 556 2628 Elletlonibue.
597 2575 767 2641 parentum
798 2560 951 2640 capitibus
982 2563 1096 2643 pocula
1130 2560 1359 2624 fabricantibus.

329 2665 373 2725 Et
399 2662 437 2723 lic
456 2660 521 2722 fere
544 2663 673 2732 Solinus
697 2657 744 2748 [c.
769 2655 967 2747 oo.l.15.]
999 2662 1082 2722 bona
1108 2665 1168 2724 fide
1191 2663 1359 2744 exscripsit:

330 2764 523 2846 Scytharum
544 2763 679 2824 interius
699 2759 912 2823 habitantium
935 2754 1075 2852 asperior
1096 2767 1176 2824 ritus
1195 2765 1250 2858 cst.
1294 2765 1361 2842 Spe·

330 2887 386 2926 cus
409 2865 560 2933 incolunt,
589 2865 705 2945 pocula
725 2885 788 2924 nou
813 2877 849 2923 ut
870 2858 1058 2952 Lffedoues,
1085 2857 1147 2956 sed
1168 2866 1207 2926 de
1229 2867 1360 2927 inimieo-

330 2987 399 3028 rum
421 2963 578 3045 capitibus
600 2967 792 3038 moliuntur;
824 2980 937 3025 amant
959 2966 1100 3042 proelia,·
1133 2969 1359 3028 intererrrtoruru

330 3087 468 3128 cruorem
498 3087 538 3126 ex
568 3064 746 3126 uulneribus
786 3064 863 3152 ipses
898 3064 1027 3138 bibitum
1064 3089 1190 3128 nurnero
1222 3068 1359 3128 caedium

330 3157 575 3256 lionorcrescit,
612 3189 745 3249 quarum
775 3181 931 3246 expertem
954 3159 1012 3256 effe
1037 3169 1125 3247 apud
1146 3191 1195 3230 eos
1216 3167 1359 3251 probrum

329 3267 392 3359 esl,·
424 3265 539 3359 horfia
561 3271 664 3327 mutui
683 3260 855 3357 sauguinis
875 3259 998 3356 foedus
1017 3261 1188 3360 sanciunt,
1220 3293 1283 3332 nou
1301 3261 1359 3358 suo

329 3381 457 3430 lautum
480 3387 578 3437 more,
597 3359 659 3458 sed
678 3369 846 3429 Medonrm
863 3391 985 3451 quoque
1006 3361 1161 3460 usurpata
1180 3363 1358 3462 disciplina.

327 3469 417 3530 Bello
438 3468 578 3550 denique,
611 3469 697 3552 quod
718 3469 836 3560 gestum
856 3469 897 3562 esi
921 3471 1107 3552 Olympiade
1128 3495 1213 3533 nona
1235 3487 1265 3533 et
1287 3491 1359 3555 qua·

328 3566 522 3660 dragefima,
548 3591 634 3630 atino
648 3569 720 3662 post
741 3571 838 3631 Ilium
854 3585 983 3650 captum
999 3565 1227 3664 sexcerrtefimo
1248 3584 1357 3658 qrtarto

328 3673 411 3732 inter
440 3670 596 3752 Alyattem
621 3671 747 3754 Lydum
778 3685 808 3732 et
833 3671 997 3763 Astyagem
1028 3675 1157 3735 Mediae
1183 3697 1282 3756 regern
1303 3675 1357 3732 hoc

320 3786 423 3855 pacto
445 3771 584 3863 firmata
606 3764 688 3865 sunt
713 3775 783 3834 iura
808 3776 910 3852 pacis.
964 3775 1050 3835 Haec
1077 3777 1140 3838 ille.
1184 3793 1356 3838 ecuorrvs.

324 3873 375 3934 Ex
408 3875 519 3936 Solino
552 3891 637 3936 recte
678 3877 774 3937 etlam
810 3888 918 3936 tuetur
950 3876 1166 3960 iutegritatem
1204 3879 1266 3940 loci
1298 3875 1357 3938 Sal·

325 3974 439 4036 malms
464 3995 496 4057 p.
523 3997 568 4038 m.
599 3988 679 4055 155.
712 3990 744 4038 et
776 3974 892 4038 refutat
926 3977 1123 4042 Pintianum.
1189 3979 1286 4064 Quod
1319 3976 1356 4035 de

326 4078 451 4159 poculis
479 4091 592 4140 monet
623 4098 663 4141 ex
693 4077 861 4140 Herodoto
886 4079 1071 4153 Pintianue,
1109 4079 1199 4164 supra
1222 4082 1284 4142 iem
1309 4096 1358 4138 ex·

325 4179 463 4260 politum
491 4179 544 4243 eu.
