2836 4940
286 401 344 470 ¹⁰4
449 383 453 398 ¹
578 393 1027 450 cortrouttmsstae

288 565 380 632 Ilaec
400 585 472 646 ergo
495 561 536 626 ab
554 563 637 638 orte
658 579 802 646 porrecta
825 563 870 626 nd
892 553 1058 654 Oeensem.
1109 517 1327 646 Quin⁴etianr

291 689 348 752 per
371 667 448 728 haec
470 666 582 736 verba,
614 683 710 749 prout
732 667 868 738 restitui,
895 665 1024 756 [vectae
1045 668 1077 727 iu
1102 665 1157 726 illo
1174 655 1208 758 s.
1232 685 1265 748 q.
1293 665 1329 727 C.

294 769 433 832 dixiruus
443 759 515 860 sex.
550 768 605 830 Ex
626 765 684 856 iis]
712 765 880 832 certissime
900 780 1004 852 patet,
1028 785 1105 828 eum
1121 783 1268 828 accurate
1282 787 1331 828 ert·

295 873 411 956 plicare
428 867 579 940 voluisse,
606 873 692 950 quod
710 874 829 934 direrat
842 871 899 934 lib.
917 883 948 949 3.
966 889 1033 952 cap.
1050 883 1082 947 3.
1112 869 1216 948 Super
1231 867 1331 931 Albim

299 971 452 1035 Codanus
471 967 559 1062 finus
577 975 699 1052 magnis
716 975 885 1058 parvisque
899 963 1010 1064 irrsusis
1025 961 1161 1060 refertus
1179 967 1237 1062 est.
1271 971 1332 1033 Sci·

297 1075 373 1136 licet
396 1075 455 1134 hae
478 1091 591 1134 omnee
612 1071 729 1136 insulae
749 1077 888 1138 redirent
910 1094 996 1136 nuno
1017 1074 1172 1133 adunam
1196 1073 1333 1140 Vectem.

298 1187 332 1238 et
353 1175 481 1236 alteram
511 1175 768 1240 Scandinoviam.
819 1177 896 1259 Quo
929 1178 1039 1236 minue
1066 1173 1212 1244 dubites,
1251 1175 1335 1234 idem

299 1275 526 1362 progrediendi
555 1277 633 1340 ordo
657 1275 795 1340 servatur
817 1277 874 1338 lib.
899 1293 932 1339 2.
958 1296 1025 1358 cap.
1049 1289 1082 1346 7.
1108 1269 1158 1361 [§.
1184 1271 1241 1362 e.]
1279 1275 1335 1335 Ser
1389 1236 1390 1314 l

295 1369 378 1472 suut
398 1379 479 1439 iuter
494 1374 571 1470 Isto·
590 1399 609 1438 o
624 1381 691 1452 tia,·
715 1401 754 1442 cx
771 1379 823 1442 sris
841 1371 1117 1466 Peucenott'ffiura
1133 1389 1164 1436 et
1181 1377 1333 1438 maximo.
1390 1336 1391 1398 l

304 1500 329 1542 1.
354 1498 550 1540 ouonovtve
573 1479 604 1540 iu
632 1493 711 1542 nota
740 1478 918 1574 posteriori..
963 1479 1170 1546 Perizonius.
1204 1493 1335 1538 notante
1391 1436 1392 1498 l

303 1581 359 1642 bic
385 1583 422 1642 Δ.
448 1581 633 1650 Gronovio,
666 1585 843 1644 coniecerat
867 1571 995 1672 versce‚·
1036 1593 1146 1640 contra
1177 1579 1337 1659 proiectae

305 1673 429 1750 tuetur,
470 1693 523 1742 aut
552 1695 636 1744 certe
666 1703 779 1744 verum
810 1681 914 1744 censet
943 1683 1108 1743 Pontanue
1130 1682 1165 1740 in
1188 1681 1336 1764 chorogr.
1394 1732 1395 1738 ,

304 1785 427 1846 Daniae
451 1781 545 1844 deser.
569 1805 601 1865 p.
622 1799 706 1862 717.
732 1805 792 1846 nec
808 1785 944 1846 omnino
964 1783 1067 1844 reiicit
1084 1783 1251 1864 cuperus,
1286 1779 1338 1842 etsi

309 1883 413 1949 Vecta
437 1881 532 1946 Vollri
555 1883 706 1966 praeferat
732 1890 765 1946 in
791 1883 962 1948 observatt.
979 1884 1034 1952 lib.
1057 1895 1095 1962 4.
1117 1903 1145 1946 c.
1167 1885 1203 1946 6.
1229 1903 1262 1963 p.
1282 1883 1337 1954 76.

305 1999 338 2048 et
361 1987 393 2045 in
416 1983 542 2068 epistola
564 1985 602 2046 ad
627 1985 698 2048 Nic.
719 1986 903 2056 Haterium,
939 2005 1016 2067 quae
1042 1981 1153 2044 inserta
1171 1983 1340 2044 exhibetur

305 2087 340 2146 in
367 2087 543 2172 Burmanni
567 2087 695 2170 Sylloge
719 2087 920 2168 epistolarum
941 2115 992 2130 -
1013 2089 1053 2146 T.
1078 2101 1112 2148 o.
1141 2084 1233 2166 epist.
1255 2097 1338 2164 415.

305 2206 338 2269 p.
359 2185 443 2266 696.
494 2187 540 2246 lta
554 2201 636 2248 certe
656 2189 812 2268 proiectus
824 2189 943 2272 legitur
957 2189 991 2250 in
1004 2187 1150 2250 Ciceron.
1166 2187 1337 2264 Verrin.4‚

308 2301 368 2366 55.
384 2288 429 2349 in.
454 2299 486 2348 et
507 2285 623 2368 inipso
641 2287 724 2350 lVlela
746 2288 835 2371 supra
860 2293 889 2367 §.
909 2299 943 2372 4.
996 2291 1038 2352 rlt
1055 2308 1128 2349 oum
1142 2289 1230 2348 nulla
1247 2287 1340 2348 libro·

307 2409 381 2450 rum
399 2389 460 2449 fide
480 2389 614 2460 nitatur,
641 2409 700 2451 nec
718 2389 781 2452 sme
800 2391 913 2452 idonea
938 2389 1025 2452 causa
1046 2389 1187 2471 ipsorum
1213 2389 1341 2451 lectioni

311 2489 529 2557 substituatur.
562 2491 615 2552 etsi
636 2511 693 2572 per
713 2489 898 2562 sebouum‚
931 2491 1061 2554 retineri
1085 2505 1193 2552 tamen
1220 2493 1339 2572 nequit.

186 2613 193 2624 ·
310 2591 417 2654 llestat
439 2592 536 2674 igitur
555 2594 609 2654 vel
634 2605 742 2654 vectae
764 2595 817 2654 vel
834 2584 957 2684 versae,
990 2596 1072 2654 inter
1095 2611 1175 2672 quae
1199 2591 1342 2653 fluctuari

310 2694 467 2754 iudicium
498 2690 602 2775 polltt.
654 2693 801 2756 Vlitatius
827 2695 904 2765 hoc,
943 2692 1129 2756 insolentius
1156 2694 1250 2756 illud.
1304 2695 1343 2756 At

311 2815 388 2856 cum
403 2795 486 2854 lllela
505 2795 627 2875 poetica
643 2793 729 2876 saepe
747 2794 904 2878 adspergat
920 2817 986 2857 non
1001 2795 1136 2856 omnino
1153 2793 1267 2864 solum,
1296 2795 1345 2856 sed

310 2909 345 2957 et
369 2895 457 2977 supra
482 2913 512 2962 2.
538 2911 569 2974 3.
595 2911 627 2974 5.
660 2897 775 2974 eodem
800 2897 899 2959 verbo
926 2911 959 2957 et
993 2896 1089 2957 huiuc
1114 2899 1225 2978 capitis
1251 2899 1345 2958 inicio

311 3011 420 3058 evecto
442 2997 481 3056 fic
502 2995 573 3058 usus
596 2996 707 3066 suerit.
741 2998 868 3059 videtur
889 2989 997 3087 versae
1018 2998 1144 3058 alteriue
1166 2995 1228 3060 else
1251 2997 1345 3082 glossa

313 3117 353 3158 cx
369 3099 638 3177 interpretationis
654 3098 756 3158 studio
774 3113 855 3160 nata.
905 3097 1008 3162 Vecta
1023 3093 1132 3168 Volso,
1156 3119 1253 3179 quarn
1271 3113 1344 3160 ante

312 3215 388 3258 eum
403 3199 466 3257 iam
482 3197 534 3258 hic
550 3201 714 3261 invenerat
729 3197 893 3262 Salmafius
910 3201 948 3259 ad
969 3201 1069 3262 Solin.
1087 3219 1161 3281 cap.
1172 3213 1230 3277 25.
1248 3199 1269 3262 s.
1288 3215 1345 3262 22.

311 3319 343 3380 p.
363 3317 407 3359 rn.
431 3297 509 3372 176.
537 3319 596 3360 nec
618 3300 721 3383 postea
749 3301 943 3382 improbavit
966 3299 1111 3381 Cuperuo
1132 3321 1177 3362 cc.
1198 3302 1232 3364 ll.
1259 3305 1344 3386 inge·

311 3397 431 3462 niolam
456 3399 587 3480 quidem
610 3415 642 3463 et
665 3401 831 3483 speciosam
855 3399 956 3463 adfert
979 3403 1211 3474 coniecturam,
1251 3417 1285 3464 et
1306 3422 1343 3464 ex

313 3521 419 3563 errore
442 3501 656 3572 librariorum,
689 3505 743 3584 qui
758 3505 890 3564 nomina
906 3505 1030 3584 propria
1049 3505 1091 3564 ita
1107 3501 1196 3584 saepe
1218 3523 1343 3587 perrer-

311 3615 397 3673 tunt,
423 3603 556 3686 intelligi
577 3605 693 3686 potcst;
719 3618 856 3666 attamen
870 3605 1021 3688 gravibus
1038 3604 1197 3665 obsidetur
1212 3603 1345 3668 difficul-

313 3705 446 3775 tatibus,
473 3719 512 3764 ut
528 3703 608 3766 salva
628 3705 702 3768 stare
719 3709 854 3768 minime
874 3701 979 3788 possit.
1031 3705 1152 3767 Omnes
1166 3709 1266 3778 enim.
1291 3709 1346 3789 qui

279 3791 282 3800 ’
313 3807 382 3867 eius
411 3807 602 3878 meminere,
636 3806 816 3869 Britanniae
850 3807 1028 3888 proximam
1053 3805 1172 3868 faciunt
1197 3808 1345 3872 insulam.

314 3909 362 3968 Ita
379 3909 550 3970 Suetonius
565 3909 597 3968 in
614 3907 795 3990 Vespasiano
813 3929 840 3970 c.
857 3919 893 3990 4.
924 3909 1101 3988 Eutropius
1117 3923 1149 3982 7.
1173 3928 1229 3988 19.
1248 3909 1270 3974 s.
1292 3924 1345 3989 15.

314 4009 371 4068 ubi
398 4010 550 4070 l'aeaoius
575 4007 729 4096 μεγίστην
756 4011 821 4073 τῶν
853 4009 1076 4096 Βρεττανικῶν
1103 4005 1205 4094 νήσων
1240 4025 1343 4072 vocat.

315 4111 455 4192 Vterque
471 4131 487 4172 a
503 4109 683 4194 Vespasiano
705 4125 887 4196 occupatam
904 4107 992 4173 suiffe
1016 4109 1130 4173 scribit.
1169 4109 1222 4175 Cf.
1247 4114 1288 4200 de
1311 4131 1346 4174 ca
