2794 4954
377 409 464 468 tut.
495 411 534 470 ιι.
577 409 610 468 c.
632 412 656 465 1.
699 409 725 481 ς.
747 424 776 480 3.
1063 419 1102 484 ¹3

69 583 155 644 Solio.
180 600 209 643 e.
230 581 327 662 19.l.
351 601 408 646 eo.
432 605 464 666 p.
483 605 526 646 m.
546 593 627 664 152.
650 582 803 658 observet,
829 579 872 648 ed
892 577 1013 672 Χεῤῥὸν
1034 605 1100 646 am.

70 697 201 766 putatum
218 680 312 768 saepe
333 687 417 767 apud
434 687 580 756 Graecos,
608 685 663 748 elli
691 686 835 770 exempla
860 687 1009 755 desidero.
1040 705 1099 768 pro

69 779 255 871 Χεῤῥόνησος
275 805 459 858 occurrere,
490 793 577 850 unde
598 789 694 850 etiam
716 789 886 850 emendare
906 801 1007 849 tentat
1024 789 1099 849 Pto·

68 885 212 946 lenaeum
237 899 271 964 3,
299 907 354 949 ιι.
382 887 506 958 nescio,
533 910 629 971 qnam
653 909 739 953 vere.
792 891 968 972 Equidem,
995 891 1099 949 omni·

68 985 118 1048 bne
141 987 316 1070 pensitatis,
347 990 515 1061 cranone,
547 991 632 1073 quod
656 993 778 1060 inveni,
811 1010 952 1060 movere,
985 989 1099 1052 inserta

68 1100 161 1150 omen
184 1086 416 1170 adspiratione,
449 1092 556 1164 nolui,
589 1111 660 1155 erm
690 1107 798 1154 temen
823 1075 960 1156 fonnem
986 1105 1098 1154 notan·

67 1187 129 1251 dnn
151 1188 303 1256 arbitror.

123 1381 164 1484 si
187 1393 404 1480 ereditur)
454 1399 503 1462 lte
532 1417 645 1463 omnet
678 1399 819 1468 codices,
855 1409 977 1479 praeter
1003 1394 1093 1478 Prag.

64 1493 93 1552 in
108 1513 168 1574 quo
184 1496 248 1580 legi
260 1493 319 1587 fic
343 1497 489 1571 creditur,
515 1514 547 1562 et
571 1503 737 1562 Vaticanoe
761 1511 893 1580 excepto
913 1499 1016 1566 tertio,
1042 1495 1097 1578 qui

66 1595 195 1657 tdtulille
217 1599 375 1659 videntur
392 1595 429 1692 fi
450 1601 607 1665 credatur.
671 1601 732 1662 Hic
752 1603 839 1662 enirn
860 1599 1022 1681 vulgatam
1043 1597 1095 1657 ad·

65 1693 120 1755 hue
139 1697 313 1761 lectionem
337 1701 467 1762 exhibet
479 1699 515 1792 st
537 1702 684 1766 ereditur.
726 1702 806 1761 Edd.
829 1719 942 1763 omnen
964 1701 1002 1759 ad
1021 1695 1094 1758 Vos-

65 1795 134 1856 lium
148 1817 248 1878 oeque
268 1799 448 1884 posuerunt
459 1799 496 1894 st
514 1803 671 1864 credatur.
725 1799 849 1864 Vollrne
869 1801 1034 1862 revocavit
1054 1817 1092 1858 ex

64 1896 143 1958 librie
169 1895 200 1986 fi
233 1901 390 1972 creditur,
435 1901 591 1986 secutique
627 1903 752 1984 reliqui.
823 1903 887 1966 Sed
919 1913 1093 1980 utrumqne

65 1996 192 2083 huguet,
217 2001 274 2062 etsi
297 2003 460 2084 posteriue,
476 2002 512 2097 st
531 2005 690 2074 credatur,
715 2005 823 2065 minue
841 2003 988 2064 offendit.
1026 2001 1093 2059 Do·

68 2099 139 2160 dum
152 2101 248 2186 igitur
267 2106 471 2167 conieceram
483 2103 537 2198 fic
559 2105 709 2174 creditur,
741 2118 777 2164 ut
795 2097 836 2168 τᾶ
856 2125 874 2164 e
895 2101 1025 2184 sequent
1041 2099 1093 2160 ab·

69 2197 195 2282 lorplerit
214 2205 420 2285 praecedens,
446 2209 531 2289 quod
551 2206 639 2289 [nepe
652 2204 707 2266 usn
724 2206 826 2266 venit.
877 2205 930 2266 Sic
944 2223 1009 2285 qua
1028 2221 1092 2260 mu·

68 2302 191 2363 nimenta
216 2306 303 2386 apud
334 2305 424 2369 Curt.
452 2327 485 2386 7,
509 2311 542 2376 6.
567 2310 626 2371 26.
655 2307 709 2368 ubi
734 2307 830 2368 multi
849 2305 953 2368 Codd.
978 2303 1094 2363 melino

69 2421 150 2482 quam
167 2409 377 2469 munimenta.
427 2411 473 2470 lto
484 2407 520 2500 fi
539 2425 572 2470 et
583 2406 638 2499 ste
656 2411 737 2490 apud
754 2427 829 2470 eum
846 2401 955 2488 palfim
971 2406 1091 2464 varian·

69 2515 120 2572 ¹¹¹1·
146 2517 180 2562 ¹11
204 2503 238 2576 6,
268 2527 329 2576 ιο,
354 2519 412 2588 35.
443 2525 476 2584 ’7,
496 2527 527 2580 Ω,
551 2513 604 2574 ιδ.
632 2523 664 2570 et
685 2511 769 2572 alibi.
820 2509 891 2570 vid.
917 2507 1091 2568 Burmann.

68 2604 100 2662 rd
120 2604 299 2667 Phaedrum
328 2627 358 2670 o.
383 2611 504 2695 proleg.
529 2630 579 2674 ro.
621 2611 830 2694 Oudendorp.
853 2609 892 2670 ad
914 2609 1034 2668 Lucan.
1058 2619 1090 2684 3,

71 2716 140 2784 334.
172 2707 356 2773 Burmann.
378 2713 543 2774 Secundus
562 2713 600 2773 ad
622 2713 766 2795 Propert.
794 2729 824 2782 t.
849 2726 881 2772 α.
900 2707 923 2771 f.
965 2707 1092 2768 Grono·
1212 2733 1214 2738 ·

70 2807 131 2866 rior
145 2809 176 2866 in
193 2811 331 2874 diatribe
353 2813 387 2872 io
409 2814 499 2874 Statii
518 2815 608 2876 lrlvat
628 2833 654 2874 r.
677 2827 709 2889 5.
732 2835 766 2894 p.
785 2825 843 2890 28.
871 2807 1036 2870 Drakenb.
1052 2805 1091 2867 ed

70 2905 132 2966 [ἰν.
151 2925 205 2978 αι,
234 2927 291 2990 13,
314 2925 349 2988 5.
381 2913 516 2977 Bentlei.
538 2917 576 2974 ad
594 2915 704 2975 Horat
724 2929 757 2989 3.
779 2925 834 2991 24,
853 2924 886 2987 5.
911 2911 966 2990 qni
984 2921 1092 2970 contra

70 3003 158 3088 fipro
168 3007 222 3099 fic
243 3015 398 3074 emendat
420 3036 447 3084 r,
475 3014 524 3082 26.
541 3029 575 3092 8.
609 3017 724 3094 Heyne
740 3015 777 3074 ad
793 3011 912 3074 Tibull.
930 3019 964 3091 4,
981 3023 1013 3088 3,
1029 3011 1047 3072 ἰ
1058 3019 1090 3085 5.

70 3107 286 3202 ubietiamstc
305 3111 411 3205 profi
432 3117 601 3198 repofitnm
622 3116 674 3177 est.
723 3115 795 3176 Post
811 3133 876 3176 non
894 3111 995 3172 [olum
1010 3110 1091 3179 vidi,

71 3209 145 3270 idern
164 3213 313 3294 placuisse
330 3216 596 3282 Drakenborrhio
611 3217 650 3278 etl
670 3217 725 3280 Sil.
744 3217 813 3279 Ital.
830 3216 863 3282 6.
881 3215 966 3292 631.
992 3209 1041 3273 led
1059 3222 1092 3271 et

70 3323 204 3373 notatum
225 3311 319 3377 inille
344 3316 382 3377 ab
405 3319 440 3378 A.
459 3318 638 3380 Gronovio.
690 3317 817 3400 Nempe
839 3317 915 3376 talee
937 3312 1092 3374 formulae

71 3409 99 3468 in
117 3413 204 3475 rebus
224 3419 320 3478 mirie
341 3431 374 3479 et
394 3416 539 3482 fabulofie
558 3417 785 3482 inlerilolent.
836 3417 909 3478 Vid.
929 3411 1091 3475 Drakenb.

72 3511 105 3570 ed
123 3514 175 3576 Sil.
195 3516 265 3579 ltel.
287 3531 324 3596 8,
350 3535 431 3598 ¹9¹·
482 3521 525 3582 Et
542 3521 581 3582 stc
604 3517 706 3582 noller
727 3539 777 3582 eas
797 3532 890 3587 emet.
917 3517 950 3576 in
965 3514 1092 3598 quibus.

73 3625 104 3670 rt
116 3615 212 3688 aiunt,
232 3629 272 3679 ut
293 3619 496 3700 praedicant,
517 3618 565 3710 fio
581 3635 710 3692 vocant,
737 3634 773 3682 nt
789 3617 958 3690 tradidere.
980 3633 1092 3678 nomen

70 3703 173 3801 samoe
189 3717 326 3792 adnuit,
360 3712 543 3810 urserunt,
574 3733 612 3784 ue
629 3713 755 3810 fabulis
778 3719 935 3790 eraditur,
964 3718 1018 3782 vel
1039 3715 1091 3776 ad·

74 3817 173 3894 pendit
190 3823 309 3882 eodem
337 3819 426 3883 lenlu
439 3813 558 3913 ferrent
583 3835 615 3885 et
638 3823 757 3888 limilio.
810 3821 939 3884 obstare
962 3819 1094 3904 quidem

74 3917 200 3989 ridetur,
219 3923 310 4003 quod
332 3943 362 3994 ι,
383 3921 417 3996 6,
438 3937 472 3986 2.
494 3924 588 3986 exiiet
602 3921 638 4018 fi
651 3922 754 4016 fidem
775 3943 823 3984 rer
844 3925 943 4002 capit.
995 3921 1036 3981 dt
1061 3916 1095 3979 td

75 4033 213 4081 nontam
234 4024 274 4084 ed
298 4029 515 4088 narrationem
531 4029 577 4087 rei
599 4027 747 4112 pertinet,
773 4045 866 4106 quom
887 4023 926 4086 od
946 4021 991 4084 rei
1014 4017 1097 4108 iudi·

77 4121 159 4192 dum,
182 4127 268 4204 quod
285 4125 347 4189 ulu
363 4141 396 4191 et
414 4128 598 4214 cognitione
615 4125 706 4190 facile
723 4125 805 4192 ellici
821 4123 934 4216 potest.
970 4119 1101 4189 Accedit
