2784 4944
317 420 379 501 306
617 419 863 480 ronroun
902 419 1064 476 nette

395 593 665 676 Rhodanum)
707 595 793 658 Gud.
815 593 991 667 rodanum
1016 595 1119 656 Vatic.
1137 606 1167 674 5.
1192 595 1346 657 maritimi
1352 619 1364 669 ;

321 697 405 782 Lipl.
433 701 523 782 Prag.
555 698 729 782 liehdiger.
757 697 976 769 arianarum
1014 697 1122 760 Havn.
1149 694 1247 761 Paris.
1273 715 1305 764 2.
1342 719 1365 758 a

325 803 355 865 V
358 805 525 864 aticortmt.

387 1003 537 1096 stagno
546 1003 564 1088 )
614 1005 667 1068 Sia
683 1023 796 1067 omnes
813 1003 883 1066 libri
899 1017 932 1067 et
946 1003 1020 1066 edd.
1037 1016 1111 1065 ante
1125 997 1282 1074 Voliium,
1306 1003 1364 1084 qui

323 1105 463 1186 reposuit
484 1104 654 1198 stagnum,
690 1125 828 1188 eumque
859 1105 977 1168 secutae
1005 1118 1065 1184 4ο.
1098 1115 1158 1182 4ι.
1183 1115 1243 1183 42.
1275 1108 1364 1167 unde

324 1210 413 1290 prior
438 1209 531 1268 lectio
555 1209 661 1269 rediit.
713 1211 801 1268 Tum
824 1209 860 1270 A.
883 1209 1043 1269 Gronovii
1069 1208 1160 1269 MSS.
1183 1200 1364 1296 affidetvel

325 1305 466 1398 absidem
493 1308 574 1370 Voll.
601 1331 629 1370 t.
652 1309 759 1372 Cibin.
781 1305 920 1398 dfidsslr’
946 1307 1029 1389 Lipl.
1046 1305 1188 1397 absidem
1213 1309 1312 1371 Vatic.
1329 1325 1365 1386 5.

326 1410 419 1472 Paris.
441 1427 473 1474 2.
496 1413 588 1493 Prag.
610 1411 717 1472 Havn.
744 1407 882 1500 obfidet3
907 1411 1030 1491 reliqui,
1057 1397 1223 1491 inquibus
1245 1409 1363 1472 Zalnlc.

326 1507 456 1604 affidet‚·
493 1507 616 1573 Voffius
640 1527 672 1573 et
696 1512 768 1573 edd.
792 1521 851 1588 do.
875 1523 935 1590 41.
959 1524 1018 1590 42.
1041 1509 1199 1602 stagnum
1230 1508 1366 1601 obfidet.

326 1633 531 1675 Tzscnvcun.
586 1615 773 1696 Legendum
805 1611 943 1681 fortalle,
977 1634 1059 1680 non,
1086 1611 1211 1704 stagno
1240 1607 1365 1702 afficiet,

328 1713 377 1775 led
391 1713 547 1806 stagnum
569 1713 752 1804 Ast'roarela.
809 1715 909 1776 Cuius
928 1727 963 1772 ut
983 1715 1113 1774 celebris
1132 1717 1254 1774 mentio
1276 1716 1367 1795 apud

326 1817 471 1878 Plinium
496 1809 551 1900 [3,
575 1828 607 1891 5.
625 1813 645 1878 l.
663 1809 719 1900 4.]
741 1831 773 1876 et
791 1817 999 1896 Stephanum,
1031 1815 1084 1894 qui
1106 1833 1173 1874 non
1190 1813 1368 1902 Astromela

326 1919 482 1986 nominat,
512 1914 561 1976 lerl
585 1915 810 2006 dlaflrarrrelle,
838 1929 905 1976 tum
928 1917 1081 2000 stagnum,
1106 1930 1175 1976 turn
1198 1917 1368 1977 civitatem

325 2019 469 2078 eiusdem
492 2019 633 2078 nominis
656 2037 712 2098 per
732 2039 753 2077 a
774 2019 807 2076 iu
833 2020 925 2078 tertia
946 2039 962 2078 a
985 2021 1047 2080 line
1069 2032 1102 2078 et
1122 2018 1239 2098 duplex
1259 2017 1300 2090 ll,·
1333 2033 1370 2080 et

326 2121 369 2178 ita
385 2120 417 2177 in
438 2119 543 2179 Plinio
564 2119 737 2202 legendum
757 2121 896 2179 videtur.
927 2139 1126 2181 rln'nauvs.
1181 2119 1267 2200 Quia
1283 2119 1370 2180 libet

325 2222 475 2301 antiquus
502 2221 643 2300 optimus
674 2219 752 2303 legit
776 2218 913 2309 obfidet,
949 2224 1022 2282 ideo
1049 2241 1116 2282 non
1144 2220 1369 2284 dubitavimus

325 2319 510 2381 rescribere:
536 2321 707 2380 Maritima
720 2325 925 2382 Auaticorum
938 2321 1088 2409 firtgttttttt
1104 2318 1235 2409 obfidrt.
1264 2323 1370 2406 Oppi·

326 2424 404 2482 dum
425 2423 511 2482 enim
534 2422 596 2481 hoc
612 2423 731 2482 aditum
747 2435 779 2482 et
802 2423 916 2483 ostium
933 2425 1006 2484 vasti
1025 2425 1109 2483 illius
1125 2423 1220 2506 stagni
1246 2425 1370 2484 clandit

326 2535 359 2584 et
382 2523 513 2584 oblidet.
548 2523 751 2584 Ptolemaeus
774 2517 929 2609 [2,1o.]
959 2519 1056 2587 Marri
1079 2521 1111 2585 dd
1129 2519 1186 2586 adv
1207 2521 1367 2588 Ῥοδανόν

326 2617 377 2688 lrrl
402 2619 558 2706 θαλάσσῃ
581 2623 685 2687 κεῖται
705 2615 875 2688 Δύατικῶν
899 2619 995 2698 πόλις
1016 2622 1187 2713 Moptrlpa
1211 2621 1368 2690 uoln'ovm.

326 2725 379 2788 sic
399 2740 482 2785 recte
505 2725 575 2784 libri
596 2741 731 2788 veteres.
766 2722 893 2812 [Vulgo
915 2721 1122 2811 'dvortl.tirv.]
1174 2725 1303 2788 Plinius
1327 2731 1367 2788 de

327 2835 442 2887 eodem
466 2828 587 2909 oppido
609 2839 642 2888 et
666 2827 786 2911 stagno:
825 2828 921 2888 Vltra
940 2819 1036 2916 soffa
1058 2850 1096 2888 ex
1119 2825 1296 2898 Rhodano,
1329 2830 1368 2890 C.

326 2929 431 2990 Marii
457 2951 547 3006 (prere
572 2942 602 2988 et
629 2933 765 2999 nantino,
808 2925 928 3020 infigite
949 2930 1107 3021 stagnum
1141 2927 1368 3021 Mastramela,

325 3029 477 3108 oppidum
498 3029 668 3089 Maritima
690 3032 905 3092 Auaticorum.
957 3033 1000 3090 Et
1022 3032 1132 3113 oppidi
1150 3043 1182 3090 et
1203 3031 1291 3092 lacus
1310 3051 1370 3094 no·

324 3152 400 3190 rnen
422 3129 480 3190 elle
505 3129 732 3190 Mastramelam
756 3133 850 3192 docet
870 3131 1058 3212 Stephanus.
1111 3133 1229 3192 Eadem
1256 3133 1370 3215 itaque

324 3229 366 3290 est
385 3229 578 3291 Mastramela
597 3247 629 3292 et
647 3233 815 3294 Maritima.
850 3253 990 3294 vossws.
1042 3235 1178 3293 Temere
1195 3233 1370 3297 Pintianut

324 3330 468 3389 obtrudit
486 3331 708 3424 Mastramela.
760 3333 871 3413 Neque
896 3330 991 3393 Voffii
1009 3335 1103 3395 lectio
1126 3334 1253 3394 olibrio
1278 3339 1370 3396 adiu·

323 3447 416 3490 vatur
441 3446 473 3492 et
499 3452 515 3492 a
543 3432 631 3493 sensu
658 3433 823 3517 flagitatur.
889 3433 1040 3496 Probavit
1070 3437 1167 3494 etiarn
1199 3435 1369 3519 vulgatam

311 3529 437 3625 stagno
458 3530 583 3624 adficiet
606 3535 716 3616 Papon
737 3537 770 3595 in
794 3534 863 3597 hist.
882 3536 921 3596 de
943 3537 1107 3598 Provence
1130 3537 1171 3599 T.
1192 3555 1222 3598 ι.
1247 3557 1281 3618 p.
1306 3541 1369 3616 36.

399 3736 616 3818 Mariana)
649 3737 753 3799 Rehd.
773 3737 910 3800 marina.
943 3737 1016 3800 Post
1030 3739 1185 3798 Mariana
1200 3755 1367 3819 punctum

321 3835 495 3921 posuerunt
518 3837 665 3906 Camers.
695 3839 854 3899 Vadianus
877 3855 909 3900 et
932 3841 1082 3911 l⁷inetus;
1122 3839 1367 3904 distinctionem

326 3943 494 4002 minimam
510 3939 679 4008 Olivarius,
703 3941 854 4002 Schottus
870 3961 941 4000 cunr
961 3939 1033 4002 tuis.
1061 3959 1263 4003 Tzscnvctnt.
1322 3946 1366 4004 Et

319 4043 396 4104 baec
420 4061 547 4124 quoque
570 4039 629 4102 lola
651 4041 851 4104 dillinctioue
873 4040 1060 4104 larravirnuo.
1108 4043 1230 4106 Omnes
1248 4041 1367 4106 tottam

318 4145 491 4208 Marianam
512 4143 551 4206 ab
571 4143 629 4206 bac
651 4159 738 4228 parte
755 4143 905 4206 llbodaui
923 4147 1090 4208 collocant.
1139 4145 1233 4208 Solus
1255 4145 1363 4208 Ptole·
