2788 4942
353 461 444 518 mo.
475 462 512 514 ii.
556 459 589 516 C.
619 461 683 520 vu.
727 459 752 528 6.
778 475 827 516 ao.
1054 455 1116 534 605

145 621 238 724 sui)
274 635 319 696 ita
342 635 466 698 codices
488 653 611 704 omues,
634 633 782 696 Ciaccon.
802 631 1016 706 (honoriam,
1036 635 1117 696 Dor·

70 735 227 796 viliiauue
247 732 344 820 (teste
361 735 594 818 Oudendorpio
616 735 653 796 ad
676 735 735 798 lut.
751 733 839 798 Caes.
860 737 900 796 d'e
915 735 952 798 lt.
970 735 1009 798 G.
1031 755 1061 808 t,
1079 745 1115 814 4,

73 833 138 922 2.)
159 839 287 918 meique
310 857 383 898 cum
405 835 511 922 priscis
536 836 742 900 editionibus.
796 835 955 899 Vadimus
979 839 1118 898 muravit

70 929 198 1028 infun,
226 939 313 1022 quod
336 939 412 1000 hiuc
430 951 625 1022 exceperunt
651 949 705 1016 13.
729 953 787 1002 ot.
810 955 866 1000 aa.
892 947 949 1018 24.
977 951 1033 1016 25.
1057 940 1114 1002 26.

75 1053 138 1112 27.
159 1051 218 1116 08.
240 1041 441 1121 omninoque
459 1059 572 1102 omnea
594 1053 718 1122 praeter
735 1039 922 1120 Kappianae‚
950 1039 1115 1121 inquibus

63 1131 128 1230 firi
149 1142 257 1204 rediit.
298 1159 504 1204 Tzacttvctttt.
570 1140 729 1204 Codicum
764 1139 948 1223 scripturam
987 1143 1115 1227 egregie

75 1255 185 1302 metm
208 1241 459 1325 Oudendorpiut
487 1244 520 1302 in
550 1243 637 1304 notio
666 1243 704 1303 ad
730 1239 891 1304 Caesarem
921 1241 975 1302 lib.
1005 1261 1035 1306 t.
1074 1243 1115 1304 de

73 1341 170 1404 Bello
194 1343 315 1404 Gallico
340 1363 407 1425 cap.
426 1355 461 1424 4.
485 1347 514 1422 §.
534 1359 567 1406 o.
594 1357 628 1404 et
651 1343 791 1403 similiter
813 1359 924 1404 auctor
947 1345 980 1404 in
1003 1363 1115 1426 prooe-

73 1445 164 1504 mio:
203 1459 242 1504 et
264 1434 337 1535 ipso
359 1436 417 1536 sui
438 1445 703 1526 cotuemplotioue
722 1445 856 1524 pretium
879 1465 990 1522 operae
1011 1457 1115 1506 otten-

71 1543 215 1606 deutt'um
235 1537 394 1636 absoluat.
446 1537 1115 1638 0101000000.ἰηριιιιηῙηῑῙψι
1191 1559 1199 1580 ⁸

70 1649 186 1725 gentis
204 1639 245 1737 se
268 1637 401 1736 Africae
422 1641 604 1736 nouiffimus
626 1645 771 1726 ungulus.
823 1647 994 1708 Petronius
1010 1647 1112 1725 Satyr.

71 1765 102 1808 0.
126 1761 161 1824 3.
197 1759 235 1808 ut
254 1749 433 1808 vt'ct'uarum
456 1749 736 1830 quinquegentiani
755 1737 899 1836 feminas
917 1747 961 1808 od
972 1739 1030 1838 sui
1041 1739 1117 1840 spe·

71 1848 232 1908 ctaeuium
254 1847 401 1910 traderer.
451 1849 581 1912 Tacitua
600 1849 656 1912 lib.
675 1863 710 1926 3.
735 1837 846 1909 Annei.
870 1867 937 1931 cap.
957 1847 1015 1912 67.
1046 1851 1116 1930 Igi-

70 1961 127 2008 tur
148 1950 252 2028 petito
271 1969 445 2028 paucorum
469 1949 587 2010 dierum
612 1951 773 2010 interiectu
800 1947 839 2008 de
860 1941 1043 2039 defeufione
1058 1941 1116 2042 sui

72 2040 235 2139 disseruit.
285 2051 404 2112 Seneca
428 2053 462 2112 in
486 2055 727 2134 Agamemnone
752 2069 820 2132 cap.
844 2051 903 2113 60.
938 2051 1114 2133 Nunquam

72 2151 240 2230 placidum
263 2141 395 2240 sceptra
426 2154 560 2234 qru'etem
597 2151 765 2214 Certumne
789 2141 846 2242 sui
873 2163 996 2212 tenuere
1021 2151 1113 2216 diem.

73 2271 107 2314 Α.
132 2269 344 2314 ououovrve.
397 2251 618 2314 Commutatio
639 2273 693 2320 ea.
724 2253 894 2333 quodiam
918 2253 1027 2314 docuit
1048 2253 1116 2316 Ou-

74 2353 233 2433 dendorp.
252 2373 279 2415 0.
297 2353 318 2416 l.
353 2365 386 2416 et
410 2355 448 2414 ad
471 2355 660 2416 Suetonio
683 2351 770 2416 Caes.
793 2373 859 2436 cap.
885 2369 943 2433 50.
976 2355 1114 2418 minime

73 2455 116 2516 est
131 2453 327 2535 infrequena.
356 2451 409 2517 Sic
423 2457 504 2537 apud
519 2455 605 2518 Sext.
622 2453 696 2518 lius.
714 2475 779 2537 cap.
802 2471 857 2530 27.
882 2469 914 2516 et
937 2455 1022 2516 aiibi.
1050 2457 1114 2518 Sed

73 2557 142 2617 vid.
166 2555 341 2618 Burmann.
366 2557 403 2616 ad
426 2557 523 2620 Ouid.
546 2557 678 2620 Metam.
700 2571 809 2634 1‚5o.
843 2557 1053 2620 schwartzius
1075 2557 1115 2618 ad

74 2657 176 2718 Plinii
200 2677 350 2739 panegyr.
369 2677 395 2719 0.
413 2659 470 2732 76.
490 2679 521 2740 p.
541 2671 624 2736 373.
648 2672 771 2741 praeter
790 2677 834 2726 ea.
862 2677 942 2739 quae
958 2655 1114 2738 ‚exposue-

74 2773 153 2818 runt
170 2757 421 2839 Oudendorpius
435 2777 461 2820 c.
484 2759 505 2820 i.
533 2771 565 2820 et
583 2761 691 2843 laeger
707 2761 743 2819 ad
764 2759 946 2820 Mamertini
964 2758 1114 2822 Genethl.

77 2877 110 2930 o,
137 2880 168 2920 ι.
196 2871 229 2918 et
246 2859 398 2919 Eumenii
419 2859 574 2944 Panegyr.
592 2861 625 2928 6,
642 2877 675 2923 2.
711 2861 884 2942 disputatio
907 2881 923 2920 a
943 2861 1113 2922 Perizonio

73 2961 113 3020 ad
139 2961 260 3022 Sanctii
293 2959 432 3022 Minerv.
459 2975 491 3030 2,
522 2975 575 3040 13.
605 2983 638 3023 n.
658 2975 691 3040 3.
719 2961 870 3022 instituta.
925 2961 1051 3043 Nempe
1080 2963 1113 3022 iu

72 3061 259 3122 auctoribus
275 3058 382 3142 paffim
399 3061 433 3121 hi
454 3063 590 3146 genitivi
608 3077 675 3122 tum
693 3063 789 3125 etiam
805 3061 1011 3130 adhibentur,
1038 3083 1113 3124 cum

72 3157 221 3244 poiiessto
248 3163 414 3226 iudicatur.
474 3163 600 3225 Eodem
628 3162 692 3226 iere
724 3165 822 3226 modo
846 3165 970 3226 Plinius
992 3175 1027 3241 4.
1054 3179 1113 3226 ao.

73 3263 97 3324 i.
127 3279 184 3326 12.
213 3262 312 3323 dixit:
350 3255 512 3354 Cretosui
531 3267 923 3344 portemaxt‘mopoteus.
968 3265 1113 3348 Hicqui·

71 3365 150 3426 dem
166 3355 232 3454 suo
256 3365 426 3426 commode
450 3367 545 3426 etiam
569 3366 644 3428 stare
665 3362 778 3448 possm
815 3379 855 3435 at,
883 3385 957 3428 cum
979 3387 1044 3428 uon
1069 3381 1113 3428 te·

71 3483 163 3528 mere
181 3467 215 3524 in
239 3485 274 3526 ea
297 3463 397 3526 forma
418 3465 491 3526 libri
517 3487 630 3529 omnes
656 3466 869 3538 consentiant,
904 3487 963 3548 qua
992 3467 1113 3529 abiecta

70 3565 157 3628 forte
178 3563 241 3646 ipsa
258 3585 321 3628 vox
339 3569 452 3630 melitae
473 3567 568 3638 abiu,
593 3571 698 3650 recepi
715 3581 748 3629 et
768 3589 840 3652 ego.
893 3569 1058 3650 Quaedam
1079 3569 1113 3628 in

70 3668 122 3730 hia
138 3687 155 3728 a
171 3669 248 3728 viris
264 3669 366 3730 doctis
383 3669 520 3750 adposita
536 3681 589 3730 aut
603 3669 665 3732 alio
682 3668 836 3753 spectant,
861 3683 915 3732 eut
934 3669 1004 3730 futu
1026 3670 1113 3730 dete·

69 3769 164 3832 riorie
186 3769 305 3831 aetatis.

149 3973 324 4033 maiores
356 3971 631 4058 minoresque)
681 3975 777 4040 Forte
808 3975 911 4036 maior
939 3973 1109 4056 minorque,

73 4089 104 4136 et
118 4093 196 4136 mox
211 4075 245 4136 iu
261 4073 375 4136 minori
386 4085 418 4136 et
433 4074 467 4136 iu
484 4077 608 4140 maiori,
635 4077 847 4140 Ptolemaeua.
870 4071 924 4164 [2,
942 4069 999 4162 6.]
1026 4093 1111 4138 crac·
