2784 4944
375 395 464 452 ΗΒ.
494 395 534 450 11.
584 395 689 456 MV·
731 393 811 466 Η·
1052 409 1114 474 527

86 563 198 632 stimat.
216 566 258 628 ad
276 569 374 633 Solin.
398 589 425 634 e.
445 583 479 649 8.
497 568 519 634 l.
535 585 570 634 Ω.
591 591 625 654 p.
644 591 689 634 ro.
706 579 767 650 47.
803 571 845 634 At
867 569 1112 633 liMazochiurn
1188 617 1195 630 .

16 679 17 694 ¹
84 671 178 731 audies
200 670 236 730 in
261 675 488 736 commentario
510 675 544 734 in
565 673 694 734 titulum
716 673 940 757 amphitheatri
956 673 1111 755 Campani

84 791 107 832 e.
123 781 152 847 5.
173 793 206 854 p.
230 789 311 847 ¹¹7·
344 776 459 837 rectior
490 773 637 836 scribatur
661 775 881 846 Hadranum,
911 777 1038 858 quinio
1062 777 1109 836 in·

83 871 239 954 scriptione
262 875 299 935 ab
321 876 434 938 incolit
455 877 564 959 polita,
599 877 654 958 qui
673 879 794 960 optime
816 879 867 940 ille
890 877 976 940 nolle
991 877 1107 940 dehue-

82 975 146 1046 rint,
163 976 287 1062 legatur
300 977 531 1042 Hndrentinor.
554 991 590 1040 ut
609 999 626 1040 a
642 965 777 1054 nolitis
795 979 847 1042 fiat
862 981 1057 1044 Buxentum.

144 1149 256 1190 mons
265 1129 284 1210 )
334 1130 542 1214 Legendnm:
577 1129 719 1212 Hydrus,
742 1131 879 1192 Soletum
901 1143 932 1192 et
948 1130 1105 1192 Salentini

81 1233 181 1308 tempi.
234 1231 360 1292 Plinius
390 1226 446 1318 [3.
474 1233 529 1296 16.
548 1229 568 1294 l.
591 1225 671 1318 tt.]
696 1229 745 1294 Ab
768 1233 939 1315 Hydrunte
962 1233 1102 1292 Soletum

81 1323 230 1421 desertum.
268 1351 468 1398 nrnnrrtnvt.
521 1333 632 1394 Forte:
667 1333 811 1416 Hydrus,
838 1355 912 1394 mox
936 1333 1100 1412 Salentini,

80 1444 110 1490 nt
133 1435 212 1516 apud
243 1435 390 1496 Plinium
416 1449 448 1514 3,
471 1447 505 1510 5.
543 1431 591 1496 Ab
613 1455 648 1494 eo
673 1433 831 1520 (Brntio)
861 1435 1011 1497 Graeciae
1032 1455 1100 1506 orn,

79 1554 141 1594 nox
160 1535 322 1596 Salentini
346 1549 406 1598 etc.
458 1537 557 1618 Quod
580 1533 718 1616 leqnitnr
742 1549 825 1608 tum.
859 1535 951 1622 gioile
974 1535 1033 1602 est.
1060 1537 1100 1596 ad

78 1637 249 1712 particulam
272 1659 348 1697 mox
367 1635 527 1718 adscripta.
560 1657 773 1700 cttccontrt.
824 1639 874 1699 De
893 1641 1099 1719 corruptione

78 1733 158 1800 huin
179 1739 248 1799 ioci
277 1737 435 1800 consentit
459 1740 554 1800 etiam
578 1738 825 1822 Oudendorpioe
855 1739 893 1800 ad
918 1740 1036 1800 Lucan.
1064 1749 1097 1814 5,

79 1848 147 1916 575.
178 1841 256 1920 quia
282 1841 413 1918 Hydrus
439 1839 474 1900 srt
495 1841 669 1922 oppidum,
703 1859 769 1902 non
797 1859 910 1910 mone,
942 1841 997 1900 etlr
1019 1837 1096 1922 ipse,

77 1941 225 2017 quomodo
248 1939 347 2002 lanati
367 1937 475 2022 polin,
506 1961 573 2002 non
596 1939 708 2005 adfert.
760 1941 847 2003 Libri
870 1961 982 2002 omnes
1006 1961 1096 2002 mons

77 2049 200 2104 tuentur.
254 2037 427 2104 Leviffima
442 2045 620 2105 mutatione
639 2055 773 2105 transeat
792 2044 825 2104 in
842 2064 932 2114 mox,
960 2043 1047 2123 qnod
1063 2055 1096 2104 et

75 2141 161 2203 noster
179 2143 285 2206 veluti
312 2163 342 2214 t.
369 2159 425 2220 17.
452 2161 483 2206 e.
508 2146 541 2204 in
563 2139 781 2228 progrelstone
804 2147 906 2226 ponit.
925 2157 956 2206 et
975 2143 1096 2226 loepint

75 2240 105 2300 fic
118 2243 238 2306 Plinina
256 2245 398 2306 adhibet.
438 2245 574 2306 Soletum
591 2247 731 2306 Pintinni
752 2265 791 2308 ex
812 2245 918 2310 Plinio
939 2249 1094 2308 remotius
1144 2241 1147 2252 '

76 2343 116 2412 est.
138 2361 169 2407 et
184 2367 262 2408 cum
275 2345 437 2408 desertum
451 2345 555 2418 luerit,
579 2347 635 2407 vix
657 2367 674 2408 a
693 2347 775 2408 Mein
792 2361 1092 2410 commemoratum.

74 2443 185 2508 Accedit
201 2449 348 2512 nominit
368 2447 550 2528 obscuritas,
577 2449 662 2530 quod
686 2449 748 2520 elii,
773 2449 874 2510 veluti
892 2449 943 2510 bic
961 2445 1093 2518 Velitne,

74 2563 119 2622 pro
138 2549 315 2620 Solentnm,
351 2549 404 2612 vel
430 2551 537 2632 potino
560 2551 727 2632 depravate
749 2569 808 2632 pro
833 2551 992 2610 Salentrnn
1015 2549 1093 2610 ecci·

73 2645 164 2724 piunt3
198 2651 292 2712 cuius
319 2652 442 2712 mentio
470 2649 569 2714 lnbeli
596 2653 629 2712 in
657 2651 827 2714 salentinis
850 2651 977 2732 cenrpis.
1026 2649 1094 2712 Ma·

72 2749 184 2813 aocbitn
209 2753 247 2812 in
275 2752 338 2812 tab.
374 2751 570 2816 Heracleenl.
597 2753 634 2814 P.
661 2771 693 2815 2.
725 2773 758 2834 p.
781 2765 865 2833 524.
896 2772 934 2812 err
958 2751 1093 2812 vocibus

72 2867 145 2912 mons
165 2865 235 2912 tnm
257 2851 409 2938 effingere
428 2853 515 2914 malit
537 2865 666 2934 portus,
692 2866 843 2936 putatque
859 2853 995 2932 Scylnois
1014 2851 1092 2912 illuri

70 2941 150 3038 linire
167 2949 307 3041 ’Τδροῦς
328 2953 498 3018 exscribere
522 2955 641 3016 Melam
662 2955 806 3018 voluiffe.
863 2951 962 3016 Polite
986 2967 1093 3014 tarnen

70 3067 131 3112 turn
155 3055 293 3118 cellario
322 3071 355 3126 Ω,
378 3075 412 3136 9,
435 3069 518 3136 585.
550 3059 590 3117 de
614 3057 839 3140 promontorio
863 3057 973 3118 vicino
998 3055 1092 3116 intei-

70 3149 169 3236 ligne,
196 3157 255 3230 tn,
282 3171 321 3220 nt
342 3177 433 3220 more
449 3155 505 3220 luo
523 3157 636 3220 orbem
653 3171 735 3220 tecte
751 3159 882 3220 indicet.

132 3307 388 3392 Sallentini)
439 3308 524 3393 Lipl.
550 3309 689 3394 Rehdig.
712 3306 807 3370 Parii.
836 3327 868 3372 1.
894 3327 925 3372 2.
947 3321 979 3388 3.
1001 3307 1086 3370 (iud.

69 3403 192 3472 i'iudoh.
216 3412 329 3474 Vener.
359 3411 565 3474 Romnum
591 3413 664 3475 edd.
689 3409 821 3472 retollit
847 3421 880 3472 et
907 3409 1087 3474 recentiori·

69 3501 135 3579 bue,
169 3511 286 3593 quibua
310 3513 499 3576 accederunt
520 3513 748 3576 Reinoldianae
768 3511 808 3572 ad
830 3520 890 3592 [μ.
922 3509 1088 3574 Salentini.

70 3605 136 3672 inde
157 3632 173 3672 e
195 3624 258 3694 44.
281 3627 401 3677 ceterae
424 3615 608 3686 Sallentini,
634 3615 683 3674 uti
703 3611 841 3676 scribunt
856 3611 939 3674 Voss.
968 3631 996 3675 t.
1020 3609 1087 3672 Me·

71 3707 171 3776 liolen.
201 3713 303 3798 (quoa
338 3714 427 3800 luprn
458 3717 614 3778 indicarit
644 3715 721 3778 Abr.
751 3711 955 3796 Gronovius)
987 3712 1087 3775 Vatie.

72 3807 165 3878 Cibin.
185 3815 240 3878 bic
263 3829 296 3878 et
317 3819 477 3902 deinceps.
513 3819 614 3880 Vatic.
633 3831 665 3896 3.
688 3815 826 3878 Salemni
846 3815 970 3896 campi;
995 3811 1087 3897 Preg.

72 3909 192 3978 bannui.
231 3919 314 3980 Ante
336 3919 504 3982 Sallentini
523 3921 632 3982 inritit
648 3917 811 3980 codicibnt
829 3914 948 3980 inletbt
966 3911 1087 3978 Voffiut

73 4025 106 4084 ‘ir
125 4033 155 4078 et
175 4017 251 4080 binc
268 4021 342 4084 edri.
360 4032 421 4102 4⁰·
443 4031 504 4104 [μ.
529 4031 589 4100 42.
640 4019 713 4082 Pon
731 4021 823 4104 Prag.
848 4019 954 4083 omitit
969 4029 1000 4078 et
1017 4015 1084 4080 Sel·

73 4109 190 4192 ientur,
215 4115 254 4188 ei
270 4133 301 4184 et
321 4137 394 4188 nne
411 4122 485 4186 urbe
505 4124 579 4187 end.
603 4135 661 4204 3⁰·
685 4135 743 4204 32.
767 4135 825 4204 57.
