2784 4944
312 419 372 486 ²9ss
622 404 866 463 ronronrr
900 407 1060 462 neuun

311 580 363 660 [3.
387 592 421 654 7.
444 579 506 660 in]
533 578 616 640 inita
639 577 745 649 hinne,
772 577 989 642 etAmmieno
1005 578 1188 642 Marcellino
1204 579 1283 659 [51.
1305 585 1370 663 2.]

315 680 418 742 Tanai
440 681 598 750 transito,
632 681 688 742 lib.
715 695 774 758 31.
803 695 835 742 et
857 682 945 763 plura
968 682 1164 744 huiusmodi.
1224 683 1370 766 Legen-

310 783 387 843 tlnm
418 796 578 864 praeterea
607 785 765 844 Anconem
793 815 841 830 —
869 777 958 870 [vid.
981 775 1092 870 antea]
1145 801 1369 848 etnrrerrvS.

311 883 347 946 V.
378 882 416 946 C.
450 885 608 946 transitur
640 885 811 947 Hauerrua.
863 885 975 948 Livius
1004 885 1059 946 lib.
1089 903 1144 947 aa.
1174 881 1229 946 iol.
1263 903 1365 949 122.

305 979 360 1074 ,[c.
382 998 442 1078 43,
465 979 522 1072 4.]
557 1003 579 1044 a
599 997 687 1066 tergo
707 985 802 1066 Alpes
822 1007 956 1066 magnae
975 987 1035 1047 vix
1052 987 1183 1067 integris
1200 985 1296 1048 uubis
1326 1001 1368 1050 et

308 1084 486 1166 vigentibus
509 1087 676 1149 tramitae.
734 1088 796 1150 Sed
817 1085 901 1150 forte
922 1089 1019 1150 dictio
1048 1089 1205 1149 transitur
1227 1089 1368 1150 redun-

309 1189 378 1258 dat,
414 1201 452 1248 ut
480 1189 652 1272 legendnm
684 1185 718 1248 sit
748 1209 769 1249 a
798 1189 890 1250 Pado
915 1188 960 1250 ad
983 1193 1146 1252 Anconam
1172 1190 1364 1262 Ravenna,

307 1291 472 1353 locutione
493 1309 511 1350 a
533 1289 617 1350 Mela
639 1303 671 1350 et
696 1289 801 1352 Plinio
827 1288 1006 1372 frequenter
1023 1290 1178 1374 usurpata.
1216 1311 1366 1353 erecco-

308 1411 399 1456 ruve.
451 1393 537 1476 Lege
554 1390 599 1451 ml
614 1394 771 1454 Anconem
792 1395 953 1463 transitor,
981 1393 1141 1453 Ravenna
1162 1395 1363 1457 Arimiuem.

307 1495 367 1556 Vel
390 1494 546 1556 transitur
564 1491 637 1552 ferri
660 1493 771 1574 potest.
804 1513 986 1556 ecnorrvr.
1048 1493 1138 1555 Nihil
1158 1491 1267 1554 censae
1294 1498 1364 1555 vel

305 1593 458 1664 exsensu,
483 1595 589 1656 velex
604 1595 690 1656 libris
708 1576 877 1665 subiicitur,
903 1617 957 1657 cnr
973 1597 1100 1680 vulgatu
1121 1597 1214 1656 lenio
1232 1596 1364 1658 durius

305 1699 404 1759 etiam
428 1698 628 1757 immutetur.
681 1697 770 1759 Solet
793 1698 831 1759 lic
856 1697 940 1759 Mela
963 1695 1092 1780 pellinis
1113 1698 1171 1766 uri,
1198 1717 1230 1756 v.
1257 1717 1285 1760 c.
1319 1712 1359 1776 5,

307 1813 341 1875 7.
365 1799 410 1860 in.
437 1788 543 1888 cursus
566 1791 757 1885 insiectitur,·
800 1820 827 1868 1,
858 1813 911 1878 13,
934 1813 966 1876 3.
993 1819 1056 1881 quo
1078 1789 1360 1888 magissuhitur;

306 1915 341 1980 2,
368 1901 401 1971 6,
424 1896 456 1962 6.
484 1919 545 1981 qim
570 1900 672 1978 magis
691 1914 885 1980 penetratur.
936 1900 1008 1962 Post
1032 1901 1202 1984 Rehdignr.
1226 1904 1360 1982 arymi-

304 2023 397 2074 num,·
428 2001 515 2062 idem
535 1991 727 2091 pysaurum,·
759 2001 867 2066 Cibin.
889 1991 1058 2094 pisaurum.

379 2204 410 2265 F
414 2201 593 2296 aneslris
602 2203 620 2286 )
670 2203 775 2268 Varie.
796 2225 824 2268 ι.
847 2191 954 2268 Cibin.
976 2203 1062 2268 oud.
1088 2205 1262 2288 llehdiger.
1284 2203 1356 2268 Pa·

302 2301 353 2366 rii.
384 2325 412 2367 ι.
438 2320 470 2366 2.
495 2319 528 2382 5.
557 2305 747 2368 Vindobon.
763 2298 939 2400 seneslris,·
978 2305 1081 2370 Vatic.
1101 2323 1134 2386 5.
1158 2305 1357 2398 phaneflis,·

303 2406 395 2490 Prag.
410 2405 597 2498 pharresteis.
635 2407 718 2470 Edd.
746 2429 774 2469 ι.
799 2424 830 2468 a.
854 2428 887 2488 9.
911 2406 1083 2500 Fenssris5
1106 2411 1140 2470 in
1155 2409 1223 2470 aliis
1242 2409 1350 2471 MSS.

302 2521 337 2568 et
358 2508 431 2592 erld.
452 2505 623 2599 fanestris.
675 2507 853 2601 Pitaneflrir
873 2510 951 2590 (fic)
976 2510 1101 2570 colonia
1124 2531 1163 2572 ex
1185 2512 1216 2571 h.
1239 2509 1262 2571 l.
1286 2511 1352 2570 ad·

284 2606 363 2671 iert
379 2609 546 2671 Boccarius
567 2611 606 2670 de
629 2609 815 2673 fluminibus
833 2609 853 2674 Γ.
869 2632 902 2673 v.
924 2611 1099 2674 Metaurus.
1129 2629 1353 2674 rzscnvcrrn.

302 2711 491 2796 Lagentium
512 2724 591 2792 puto
611 2731 677 2772 non
699 2711 858 2806 Fanestris
880 2713 1020 2785 colonia,
1048 2710 1099 2774 sed
1112 2703 1235 2803 fartum
1258 2713 1352 2774 For·

301 2825 413 2884 tunae,
452 2811 492 2872 fic
521 2832 590 2874 earn
614 2812 814 2884 Ptolemaeo,
841 2808 897 2900 [5.
927 2809 979 2901 n]
1020 2815 1058 2874 iic
1078 2816 1247 2882 Strabone.
1279 2809 1350 2900 [5.

300 2935 334 2997 p.
350 2935 394 2976 m.
418 2928 497 2993 157.
515 2911 536 2977 Γ.
553 2907 659 3000 227.]
686 2916 726 2976 fic
741 2915 857 2986 Plinio,
883 2913 896 3004 [
908 2931 938 2995 5,
962 2933 1015 2994 19.
1033 2914 1053 2976 Γ.
1076 2909 1152 3002 rm]
1180 2915 1218 2975 fic
1231 2918 1351 2976 omni·

300 3015 360 3078 bue
392 3016 645 3079 nominantibus.
715 3017 892 3100 Stephanus
923 3014 966 3106 [s.
989 3039 1021 3079 v.
1050 3008 1176 3100 Φάναι]
1210 3018 1350 3078 Fanum

300 3130 412 3188 vocat,
448 3117 486 3188 fi,
520 3118 606 3197 quod
634 3137 763 3187 vereor,
797 3121 913 3181 menda
939 3139 1005 3180 non
1029 3118 1065 3178 fit
1090 3120 1123 3178 in
1150 3117 1347 3199 exemplari.

299 3219 451 3298 Alioquin
474 3239 490 3278 a
510 3219 600 3278 Fano
620 3215 772 3310 Fanensis
791 3219 993 3301 pollelfivum
1012 3223 1112 3306 magis
1127 3240 1165 3282 ex
1182 3219 1348 3302 analogia,

299 3339 394 3399 quam
423 3317 597 3410 fanestris,
629 3321 727 3383 fieret.
779 3321 1108 3384 Animadvertendum
1133 3334 1239 3382 autem
1265 3321 1347 3380 dili-

299 3433 429 3504 genter,
456 3421 666 3500 Senogaliiam
689 3422 820 3493 urbem,
848 3444 927 3506 qnae
942 3447 1007 3486 non
1028 3425 1134 3486 multo
1154 3421 1221 3504 post
1242 3419 1348 3484 libra-

298 3523 421 3583 riorum
443 3522 534 3602 cnlpa
556 3523 678 3588 reddita
698 3523 758 3594 est,
795 3526 863 3607 post
889 3527 965 3587 haec
986 3525 1082 3588 verba
1110 3526 1231 3587 Famem
1257 3524 1347 3585 For·-

299 3637 395 3684 tnrme
421 3624 585 3684 locandam
610 3623 669 3686 elle
696 3645 735 3684 ex
758 3627 928 3699 Strabone,
963 3627 1170 3695 Ptolemaeo,
1195 3622 1342 3688 Plinio·

301 3720 368 3812 [cc.
391 3717 446 3809 ll]
500 3724 583 3785 Nam
603 3725 686 3786 Mela
706 3723 799 3816 Aefiu
819 3729 956 3788 fluvium
974 3729 1058 3790 inter
1076 3729 1199 3792 Fanum
1217 3734 1248 3786 et
1270 3727 1344 3786 An·

299 3848 405 3887 eonem
429 3825 541 3888 sternit.
593 3824 693 3888 Porro
709 3827 820 3890 Strabo
842 3829 884 3906 [c.
900 3831 938 3912 l.]
964 3832 1103 3892 eundem
1120 3825 1211 3918 defin
1232 3826 1342 3890 fluere

298 3928 342 3989 ait
361 3929 443 3990 inter
465 3927 672 4010 Senegalliam
693 3942 726 3988 et
740 3930 906 3992 Anconem
918 3952 928 4004 ;
959 3951 1035 4015 ergo
1057 3935 1140 3992 inter
1161 3931 1286 3990 Fanum
1304 3944 1345 3991 et

297 4025 390 4118 Aefin
408 4029 450 4090 eit
467 4028 650 4108 Seuegallin.
684 4047 884 4095 errr'rranve.
945 4033 1035 4092 Nihil
1057 4032 1246 4092 mutandum
1269 4029 1344 4112 ipse

297 4129 465 4193 Pintianns
496 4133 626 4193 monuit
665 4144 809 4194 extremo
842 4133 897 4198 lib.
925 4147 957 4214 5.
993 4135 1079 4218 quod
1113 4133 1157 4196 est
1191 4133 1346 4196 hominis
