2784 4944
295 369 357 434 μ
596 354 838 416 rouronrr
874 355 1035 415 unuln

300 529 426 617 prorlua
440 550 507 596 non
523 531 633 618 tangit.
660 529 711 594 led
727 534 761 594 in
775 532 914 618 parergia
928 549 1056 614 carpene
1071 527 1175 592 aniam
1196 526 1321 590 seniliter

303 637 460 720 garriendi
481 635 590 696 locum
612 633 716 695 Melae
739 634 780 698 de
796 635 957 698 Tiberinis
977 633 1070 697 Olliir
1085 645 1240 714 comparat
1255 649 1323 691 aum

304 737 447 822 Virgilio,
470 737 538 806 ubi,
563 735 715 818 quoniam
731 757 829 798 nemo
845 739 1070 822 interpretetur
1089 735 1127 798 tle
1144 733 1225 797 Ollia
1241 731 1322 800 urbo,

306 840 382 902 hino
398 859 459 923 ego
478 857 590 920 parum
613 838 689 898 trivi
708 839 888 922 Virgilium.
939 827 992 902 Sia
1006 839 1090 898 vidit
1104 857 1156 897 me
1181 849 1324 897 terentem

306 941 427 1001 tabulae
448 940 640 1018 Ptolemaei,
673 941 844 1024 Virgilium
865 959 1078 1022 nequaquam.
1141 937 1206 1000 Cur
1228 948 1324 995 autem

306 1045 343 1102 nd
360 1042 528 1125 Virgilium
545 1043 590 1103 ire
605 1039 784 1104 debemur?
816 1043 866 1103 An
882 1061 949 1104 non
963 1041 1110 1102 Heinliue
1124 1039 1162 1100 arl
1178 1038 1324 1100 Ovidium

305 1143 362 1206 lib.
381 1153 416 1222 4.
439 1142 552 1206 Folior.
570 1143 619 1223 [r.
637 1145 738 1224 529]
759 1141 873 1206 notat?
904 1143 944 1204 de
961 1141 1113 1204 Tiberinis
1128 1139 1212 1232 ostiis
1225 1131 1326 1227 paffim

311 1243 449 1307 Veteres.
509 1244 559 1306 An
581 1263 650 1306 non
673 1245 787 1307 Livius
812 1245 867 1308 lib.
892 1261 925 1321 7.
952 1265 979 1309 a.
1006 1259 1063 1322 25.
1102 1241 1216 1302 Tiberis
1244 1237 1325 1330 ojt'io

307 1359 340 1408 et
357 1345 413 1409 lib.
432 1341 489 1410 26.
510 1365 538 1407 a.
561 1365 617 1426 19.
646 1367 715 1408 cum
737 1347 873 1428 triginta
891 1347 1021 1408 navium
1041 1335 1137 1433 elaffe
1156 1341 1238 1436 ‹ssiis
1254 1337 1327 1398 Tibe·

309 1449 388 1510 rinis
410 1437 587 1534 profectus.
626 1449 778 1513 Sidonius
795 1447 850 1510 lib.
874 1471 902 1512 r.
924 1447 1022 1530 Epist.
1044 1466 1100 1510 ro.
1127 1443 1236 1506 Novas
1249 1443 1327 1523 quin·

310 1569 369 1632 qne
394 1545 561 1637 Brwtdifio
583 1540 752 1638 profectas
779 1571 849 1610 cum
872 1539 1035 1641 speciebus
1061 1548 1163 1609 tritici
1184 1567 1223 1606 aa
1242 1543 1328 1603 mellis

309 1671 329 1709 o
344 1651 390 1710 tia
420 1647 565 1710 Tiberina
595 1639 743 1739 tetigiffe.
805 1654 846 1712 Vt
880 1651 986 1733 pluree
1014 1669 1131 1717 nares.
1169 1655 1329 1730 potuerunt

309 1752 386 1812 aliae
410 1751 483 1820 illo,
508 1751 585 1812 rliae
603 1752 701 1812 altero
718 1751 796 1813 ostio
816 1753 977 1836 navigare.
1027 1751 1090 1814 Sed
1106 1773 1145 1810 an
1165 1750 1237 1809 ideo
1256 1741 1330 1805 Tibe·

310 1853 383 1912 rina
404 1849 496 1944 Ostia
512 1871 580 1912 non
595 1851 747 1914 dicuntur
766 1855 805 1914 de
821 1852 966 1936 oppido?
1016 1853 1194 1912 Martianus
1217 1846 1330 1928 Capella

311 1951 417 2015 lolitua
453 1953 594 2014 multum
625 1955 674 2013 uti
707 1953 812 2016 nostro
841 1955 1028 2038 Pomponio
1058 1952 1114 2016 lib.
1139 1954 1172 2016 6.
1199 1973 1230 2034 p.
1256 1956 1329 2026 204.

315 2049 429 2116 Vmbri
449 2075 524 2114 mox
543 2053 736 2138 Latiumque
761 2068 793 2117 et
818 2055 910 2148 ostia
939 2053 1096 2116 Tiberina.
1157 2055 1203 2116 lta
1231 2050 1329 2116 edidit.

311 2167 344 2216 et
362 2167 462 2241 recte,
491 2155 640 2227 Grotius,
667 2175 769 2237 quum
796 2179 828 2240 p.
856 2165 940 2231 207.
982 2157 1065 2217 Item
1087 2156 1174 2216 ultra
1199 2151 1332 2214 Tiberina

312 2253 407 2347 Ostia
427 2256 459 2316 in
485 2257 627 2318 Antiano
650 2257 828 2318 Palmarea.
881 2259 995 2320 Edunt
1013 2255 1050 2319 in
1071 2260 1185 2319 Tacito
1206 2255 1258 2316 lib.
1284 2261 1332 2326 ¹5·

312 2359 397 2420 Anu.
421 2377 447 2419 r..
472 2373 530 2421 Μ.
570 2355 612 2418 ab
631 2358 702 2419 lacu
723 2363 846 2420 Averno
866 2358 1076 2441 navigabilem
1095 2349 1225 2448 foffam
1245 2371 1332 2434 usqne

311 2458 356 2517 nd
378 2457 470 2549 Ollio
500 2456 645 2520 Tiberina
669 2452 876 2549 depreffuras.
928 2463 978 2524 lln
1010 2475 1136 2543 poterat
1166 2461 1216 2520 illa
1243 2457 1331 2518 etiam

311 2561 442 2642 perduci
462 2562 500 2622 arl
522 2562 656 2621 alterum
680 2561 796 2623 ostium
817 2553 924 2626 versuo
946 2562 1130 2624 Etruriaml
1180 2562 1282 2621 lmmo
1304 2565 1333 2614 et

312 2662 436 2724 Plinius
456 2663 540 2745 apud
559 2662 699 2743 Liplrunr
716 2677 748 2724 et
761 2665 935 2726 Suetoniue
958 2665 1080 2726 Neron.
1103 2683 1131 2725 c.
1152 2677 1210 2742 52.
1233 2659 1333 2720 dicunt

315 2761 454 2856 Ostiam.
488 2778 525 2824 ut
545 2765 674 2826 Tacitus
696 2765 810 2826 urbem
839 2785 967 2848 quoqne
994 2765 1197 2826 intellexerit.
1248 2753 1333 2840 apud

313 2863 469 2926 Ovidium
498 2865 553 2926 lib.
579 2879 636 2944 15.
670 2867 885 2949 Metamorph.
911 2889 944 2929 r.
969 2879 1053 2945 758.
1086 2868 1179 2928 narie
1205 2859 1333 2924 Aescula-

311 2967 405 3048 pium
434 2967 555 3029 vehens
584 2965 705 3029 Lauini
724 2959 818 3059 series
843 2965 1050 3053 Tiberinaque
1074 2965 1119 3027 acl
1142 2964 1224 3058 ost-ia
1242 2961 1331 3024 venir.

312 3068 378 3128 Aut
407 3068 482 3130 urba
512 3067 718 3153 intelligitur,
761 3083 816 3130 aut
848 3067 981 3131 divisam
1018 3085 1136 3129 narem
1170 3065 1332 3149 supponem

312 3187 410 3230 unam
427 3170 513 3231 enirn
530 3168 631 3231 lolum
645 3169 761 3252 posuit.
794 3171 838 3230 Et
854 3183 959 3232 tamen
975 3171 1088 3234 Cicero
1104 3189 1163 3252 pro
1180 3169 1216 3231 L.
1231 3161 1331 3226 Manil.

314 3289 381 3351 cap.
409 3287 463 3335 12.
499 3273 555 3353 qai
576 3271 670 3332 modo
697 3285 773 3332 anre
800 3268 912 3362 ostium
938 3269 1113 3332 Tiberinum
1139 3259 1261 3358 claffem
1285 3263 1333 3322 iro·

302 3369 406 3464 stium
427 3369 596 3434 uidebaris.
645 3373 736 3434 Idem
752 3373 864 3434 Liviua
886 3373 941 3434 lib.
959 3389 1017 3451 29.
1038 3392 1105 3455 cap.
1129 3381 1185 3450 14.
1222 3364 1332 3460 Ostiam

314 3477 358 3532 ire
380 3466 477 3562 iuffits
493 3470 620 3533 obviam
638 3473 752 3536 Deae.
777 3520 786 3538 .
808 3519 816 3536 .
868 3471 1040 3566 Prfiqrtam
1059 3473 1153 3536 navis
1170 3470 1215 3532 ad
1232 3465 1333 3562 (stium

315 3579 418 3638 amnis
441 3571 576 3636 Tiberini
595 3570 728 3666 acceffit.
780 3577 894 3639 Florus
915 3577 969 3638 lib.
997 3589 1029 3656 5.
1057 3595 1085 3636 o.
1109 3591 1144 3653 9.
1175 3573 1235 3633 Per
1260 3563 1334 3628 Tibe·

312 3679 415 3738 riuum
436 3676 548 3770 ‹ssium
571 3677 705 3737 invexit.
756 3677 808 3740 An
838 3676 872 3738 hl
906 3677 1089 3739 debuerunt
1109 3673 1273 3758 Virgilium
1294 3683 1335 3726 re·

315 3779 464 3862 l'pexille‘i
512 3777 650 3840 l’erinrle
671 3791 707 3838 ut
729 3799 806 3862 ego,
838 3779 892 3860 qui
917 3781 950 3839 in
974 3777 1154 3840 recensione
1181 3775 1231 3834 illa
1248 3771 1334 3833 Pom·

314 3884 405 3963 ponii
425 3882 626 3942 mentionem
647 3880 715 3942 fieri
737 3881 883 3951 urbium,
919 3900 986 3942 non
1006 3879 1182 3942 fluviorum
1202 3889 1235 3938 et
1253 3869 1335 3934 ollio·

312 4005 402 4054 rum,
439 3983 549 4052 statui,
587 3983 741 4063 quidquid
776 3978 897 4043 Voll'rne
931 3983 1011 4044 velit
1040 4000 1092 4042 me
1119 3975 1251 4061 patalia,
1288 3966 1336 4030 vel

315 4085 460 4149 lonrniet.
520 4084 604 4146 ortu
639 4085 693 4146 illa
730 4083 845 4148 scilicet
875 4083 1044 4155 Tiberina,
1086 4097 1223 4164 quorum
1253 4085 1336 4136 antea
