2814 4946
354 455 417 534 aaa
645 457 897 516 rourortrr
939 453 1103 512 Mutata

510 635 539 710 §.
572 653 628 696 ιι.
679 631 732 694 Aa
754 627 957 712 interius)
1006 628 1337 722 Cibin.arliutarius.

432 782 478 846 M
482 781 592 862 elas)
642 782 725 844 aad.
746 783 908 864 quaedam,
934 794 972 842 ut
988 789 1022 864 4.
1040 792 1073 859 5.
1096 803 1152 844 rr.
1171 780 1281 850 Nelos,
1306 777 1379 860 quod

358 885 549 948 Hermolaus
571 883 725 946 Ilarbarua
752 900 837 946 recte
857 883 995 949 mutavit
1018 884 1052 942 in
1075 881 1199 952 Melas,
1233 880 1379 943 codicibus

224 1049 228 1058 ,
358 987 455 1048 etiam
472 983 711 1068 adspirantibus.
750 987 836 1047 Tum
858 985 982 1047 codices
999 985 1065 1044 mei
1086 984 1286 1064 praecipiunt
1303 981 1379 1042 Olea

360 1108 412 1148 ros
430 1101 552 1170 praeter
565 1085 658 1149 Paris.
673 1107 704 1150 ι.
727 1089 760 1148 in
777 1105 841 1169 quo
856 1085 900 1148 ost
917 1085 1056 1156 (lelaros,
1073 1084 1271 1168 transpositis
1286 1084 1378 1144 literis.

359 1189 397 1251 A.
415 1188 600 1250 Gronovius
616 1209 654 1250 ex
670 1189 753 1252 Vols.
768 1208 798 1252 ι.
815 1169 1092 1255 ἱιιιιίοιῑΌΙεαιοι,
1111 1206 1151 1246 ex
1169 1186 1238 1247 aliis
1255 1183 1378 1250 Olearar,

359 1289 446 1372 quod
468 1303 500 1351 et
518 1291 636 1376 legitur
655 1290 690 1350 in
713 1291 786 1352 edd.
807 1288 936 1350 vetuilia
960 1302 992 1348 et
1015 1287 1083 1348 aliia
1102 1287 1222 1368 pollen.
1273 1281 1378 1346 vnlsm

359 1389 467 1474 posuit
488 1389 630 1461 Oliaros,
663 1403 696 1451 et
723 1391 799 1451 hina
820 1389 980 1452 Gronorii
1005 1391 1039 1448 in
1061 1389 1136 1450 edd.
1161 1400 1223 1466 40.
1247 1397 1305 1466 41.
1329 1397 1377 1462 ιι.

360 1492 452 1560 inde,
474 1493 648 1554 Rainoldiu
665 1492 754 1560 duce,
775 1490 870 1552 rediit
888 1489 1029 1551 Olearas.
1056 1507 1264 1550 azscrrvcrra.
1306 1487 1377 1568 Lego

363 1591 491 1654 Oliaros
515 1613 571 1674 per
596 1594 609 1652 ι’
634 1594 666 1652 in
695 1591 827 1654 secunda
854 1612 892 1652 ex
918 1589 1084 1662 Strabone,
1110 1587 1189 1677 [lib.
1219 1609 1273 1652 ro.
1295 1610 1324 1670 p.
1342 1605 1375 1644 m·

363 1703 447 1774 534.
469 1686 615 1778 i.435.]
651 1694 849 1762 Ptolemaeo,
875 1685 930 1778 [5,
961 1686 1036 1778 15.]
1073 1693 1238 1774 Stephano
1260 1686 1311 1777 [b.
1333 1680 1377 1771 aa]

360 1807 397 1854 ut
420 1791 570 1855 mendose
587 1791 737 1878 scriptum
756 1793 807 1864 stt,
834 1792 1015 1874 ubicunque
1031 1794 1119 1854 aliter
1137 1791 1288 1874 scriptum
1306 1794 1378 1848 inre·

360 1895 458 1956 nitur.
492 1912 691 1956 murmura.
742 1895 791 1954 Ex
816 1893 971 1956 Strabone
996 1891 1093 1956 refert
1116 1893 1289 1956 lectionem
1313 1890 1377 1950 Gur·

361 1995 442 2066 tini,
475 2015 570 2076 quarn
592 2009 625 2056 et
654 1993 807 2056 exhibent
833 1997 955 2078 priores
982 1995 1159 2066 editiones,
1194 1995 1249 2056 etsi
1274 1993 1377 2052 codices

360 2097 427 2158 mei
444 2095 540 2176 aliqui
562 2099 659 2156 etiam
686 2097 844 2158 obiiciunt
866 2091 1025 2182 'Altinpan
1078 2094 1212 2158 Poterat
1228 2094 1376 2174 adiungere

359 2195 508 2261 Plinium
521 2207 556 2275 4,
581 2211 638 2260 att.
656 2195 676 2260 l.
697 2213 751 2261 22.
777 2199 892 2280 inquo
910 2198 1021 2258 eadem
1040 2195 1136 2258 exstat
1153 2195 1265 2258 farma.
1304 2192 1376 2251 tila

360 2309 413 2357 tur
434 2311 564 2378 utraque
587 2295 689 2359 farma
713 2299 841 2360 valuiffe
865 2300 900 2359 in
924 2297 1114 2368 auctoribus,
1151 2301 1199 2358 uti
1221 2295 1376 2359 exillirnant

360 2398 456 2459 etiam
477 2400 540 2460 viri
565 2399 669 2467 docti,
704 2401 759 2482 qui
780 2397 915 2462 conferri
937 2399 1062 2480 poliunt
1085 2399 1124 2460 ad
1147 2400 1301 2460 Ovidium
1323 2393 1376 2452 tue·

361 2513 440 2562 tam.
461 2515 493 2575 7,
517 2502 601 2580 469.
647 2501 757 2584 Virgil.
777 2502 857 2563 Aen.
876 2515 908 2580 3,
934 2501 1017 2566 126.
1043 2499 1100 2560 ubi
1119 2499 1237 2563 vetusti
1259 2498 1373 2558 codices·

360 2620 440 2684 quoa
456 2616 489 2662 et
509 2599 632 2663 secutur
653 2601 695 2663 est
711 2603 836 2680 Heyne,
860 2598 1087 2682 praescrutata,
1113 2600 1171 2665 otii
1191 2581 1311 2661 Οἰίιιτοι1
1324 2610 1374 2654 tue·

361 2703 464 2762 turin
480 2703 634 2764 Strabone
651 2717 684 2764 et
703 2705 836 2786 Virgilio
854 2702 1002 2762 Barthiua
1017 2703 1054 2762 ad
1071 2703 1163 2764 statii
1182 2701 1291 2764 Achill.
1308 2717 1334 2766 a,
1348 2707 1371 2771 5·

360 2803 418 2863 ubi
441 2803 587 2874 Olearas,
620 2817 657 2863 ut
676 2805 710 2864 in
734 2805 891 2866 Antonini
914 2805 1020 2864 itiner.
1043 2821 1075 2884 p.
1098 2814 1183 2881 529.
1237 2801 1373 2881 Equirlenr

359 2906 473 2966 malim
497 2903 623 2966 Oliaros
638 2924 712 2966 cum
726 2905 877 2966 Pintiaao
894 2922 1057 2984 reponare,
1083 2902 1104 2964 li
1124 2905 1178 2964 vel
1194 2922 1277 2964 unua
1293 2898 1373 2960 codex

359 3003 522 3075 sustineat,
547 3018 676 3088 propter
689 3005 843 3093 Stephani
861 3005 1082 3070 auctoritatem
1100 3005 1263 3072 literarum
1280 2999 1373 3064 ordint

360 3121 445 3168 certo
471 3105 644 3172 stabilitant.

433 3257 639 3336 Argilio
648 3255 666 3338 )
717 3253 855 3320 Voliiani
887 3259 1015 3340 meique
1047 3277 1161 3320 ornnes
1194 3251 1373 3340 pertinaciter

360 3356 479 3417 volunt
493 3360 614 3438 Aegina
628 3359 679 3419 vel
696 3359 823 3438 Egirra;
847 3360 1020 3444 Rehdiger.
1036 3379 1095 3440 pro
1110 3377 1149 3420 eo
1165 3379 1275 3442 egyrra.
1305 3349 1373 3413 Edl.

362 3473 394 3522 1.
419 3471 451 3518 2.
470 3475 504 3535 9.
528 3479 581 3520 rr.
604 3473 658 3538 13.
681 3460 811 3539 Egirra;
843 3474 876 3539 5.
893 3471 928 3538 lp.
950 3475 985 3538 5.
1011 3463 1044 3524 6.
1071 3475 1104 3536 7.
1129 3472 1371 3536 8.1o.12.‘·

358 3557 495 3637 reliquae
513 3577 586 3618 cum
605 3561 721 3621 Vineto
737 3562 857 3641 Aegina
872 3563 909 3621 ari
929 3557 1088 3632 Velitum,
1114 3563 1169 3642 qui
1184 3559 1283 3622 amisit
1296 3549 1371 3628 Aegi·

359 3657 414 3727 lia,
437 3657 647 3740 probantibus
662 3663 741 3724 aliia.
780 3663 899 3742 Argyla
915 3665 1030 3722 rectius
1052 3663 1115 3746 legi
1133 3664 1196 3722 iam
1213 3663 1370 3721 monuerat·

358 3759 516 3820 Vadianus
534 3781 571 3821 ex
588 3761 694 3823 Plinio
715 3773 750 3842 4,
778 3781 832 3840 ¹9·
852 3761 872 3825 s.
897 3781 951 3824 ra.
977 3765 1033 3846 qui
1050 3764 1168 3822 Melam
1188 3775 1259 3823 ante
1278 3753 1371 3818 oculos

358 3857 498 3921 habuillo
535 3863 672 3925 videtur.
731 3862 836 3923 Exstat
871 3877 976 3924 tamen
1011 3863 1057 3924 ibi
1090 3863 1241 3943 Aegialia.
1290 3856 1369 3918 Certe

357 3963 481 4040 Aegina
503 3961 612 4024 locum
637 3963 690 4023 hic
715 3962 831 4024 habere
863 3967 989 4046 nequit,
1028 3967 1148 4048 quippo
1171 3983 1262 4045 quarn
1287 3957 1369 4018 etiam

357 4063 461 4142 paullo
482 4077 555 4124 ante
578 4066 855 4130 commemoravit.
910 4067 1019 4127 ,Facilia
1034 4066 1097 4128 fuit
1116 4067 1168 4128 bic
1190 4063 1367 4126 librariorum

357 4160 467 4247 lupina.
521 4164 652 4230 Nomen
675 4179 781 4228 autern
807 4164 927 4231 intutae
949 4167 1044 4234 buiur
1069 4169 1122 4232 vel
1147 4159 1368 4254 cognominum
