2792 4940
363 425 452 480 ΗΒ.
484 425 523 478 11.
565 424 659 482 en.
699 423 777 496 57.
1030 441 1089 502 aop

42 600 118 660 nine
134 599 362 660 coniecturae
382 598 531 660 nondum
551 617 605 662 me
626 599 782 680 poenitet,
806 617 878 670 nee.
902 617 958 662 cnr
978 599 1091 682 poeni·

43 713 92 759 rere
110 699 252 770 debeat,
280 701 402 771 videm
434 695 805 782 honestenimpedibne
827 699 988 762 nanriilie.
1040 701 1093 764 Sic

44 799 188 882 incipio
215 803 332 882 capite
352 801 391 861 de
413 802 529 862 eodem
549 802 659 862 Xerxis
683 801 908 864 innumerabili
933 801 1091 862 exercitu:

46 894 204 989 olfactus
217 894 327 991 frelo
352 900 529 982 navigabili
547 903 688 982 pavlus,
718 903 793 964 licet
812 923 865 972 ea,
899 915 936 962 ut
956 900 1092 982 supposi-

46 1003 109 1070 titia,
131 1000 241 1063 furcis
258 1001 433 1065 Pinianus
446 1002 600 1064 elicienda
620 1015 722 1084 polet.
749 1023 927 1066 renouare.
974 1003 1093 1066 Melina

46 1107 198 1184 navigato
218 1105 321 1164 mari.
355 1121 455 1164 rona.
507 1101 618 1184 Neque
636 1105 686 1165 bic
701 1105 872 1186 quidquam
891 1105 1092 1168 mutandam.

46 1205 108 1263 Jl'on
130 1207 311 1284 navigata
335 1205 439 1264 maria
458 1195 670 1294 erarrsgnffirs
689 1203 750 1296 ιβ,
782 1206 882 1266 linrile
907 1204 967 1276 est,
999 1219 1093 1286 alque

48 1306 109 1364 lind
131 1305 270 1366 Lucani
293 1299 350 1390 [3.
375 1299 480 1390 244]
506 1305 578 1366 duri
599 1307 737 1384 populus
756 1327 820 1366 non
841 1307 944 1366 antor
964 1307 1091 1368 Amaui.

48 1405 154 1467 Pallan
194 1407 282 1466 tales
312 1419 483 1466 occurrunt
511 1405 700 1469 locutiones.
735 1427 881 1470 voenve.
943 1405 1024 1468 Mira
1049 1407 1094 1468 lo·

46 1511 161 1586 punio.
221 1507 315 1568 Nam
338 1496 424 1587 quod
448 1507 541 1568 docte
563 1529 601 1570 ex
620 1508 748 1570 Lucano
769 1509 996 1570 animadvertit
1022 1503 1094 1570 vor·

48 1616 115 1678 izos,
148 1610 188 1668 id
206 1609 281 1667 huc
299 1609 448 1688 applicari
467 1627 533 1670 non
551 1611 678 1670 ridetur
693 1608 789 1691 polle.
843 1611 916 1676 Ant,
941 1608 962 1670 li
981 1607 1093 1690 potell,

47 1728 135 1788 eoque
157 1711 203 1770 ed
229 1708 425 1768 senientiam
444 1709 568 1770 Seboni
592 1728 766 1793 congruere
791 1709 907 1792 potest.
939 1729 1034 1792 quarn
1055 1710 1095 1770 ad

47 1813 206 1894 rolgatam
227 1811 418 1872 lectionem.
469 1807 601 1892 Proprie
624 1825 729 1872 lamen
748 1829 814 1872 non
831 1813 976 1894 navigata
996 1811 1095 1872 maria

48 1927 126 1971 eram
144 1925 226 1970 ante
246 1913 347 1992 Argu.
397 1910 460 1972 Sed
478 1911 590 1973 demun
613 1911 692 1982 iane,
715 1925 878 1972 auctorem
898 1911 935 1972 lic
952 1909 1094 1994 icriplille

48 2011 214 2080 hactenus,
250 2027 287 2072 ot
312 2011 466 2090 explicare
489 2012 626 2074 velimus
649 2033 688 2074 ex
707 2010 860 2074 sententia
878 2008 993 2084 Voffii;
1028 2029 1094 2092 quo

49 2114 99 2172 ista
129 2111 276 2194 copulo?
328 2111 439 2194 Longe
479 2113 597 2175 melino
627 2132 662 2174 ea
696 2115 844 2195 nuspiam
878 2110 970 2176 ioret.
1006 2107 1095 2174 'lino

51 2213 162 2272 debuit
183 2213 319 2280 omini.
351 2231 454 2292 neque
475 2210 548 2274 ferri
565 2215 632 2274 nllo
650 2214 748 2274 morlo
772 2213 883 2296 poleil.
934 2215 1041 2296 Quare
1062 2227 1096 2276 et

53 2315 204 2375 Schorlne
223 2311 336 2374 nescio
358 2314 434 2393 quid
451 2299 583 2376 haerena
599 2318 632 2374 in
653 2311 874 2395 praetermiliu
891 2315 1005 2377 melina
1024 2333 1097 2376 cen·

57 2414 135 2474 lebat
157 2417 324 2494 rmuigalo
346 2415 437 2476 niori.
496 2415 594 2498 Quod
615 2429 652 2474 ut
671 2413 794 2476 forlaffe
815 2417 946 2486 melius.
978 2417 1020 2476 ila
1040 2415 1097 2496 qui

55 2516 240 2596 probabitur
260 2515 479 2595 al’omponio
501 2515 641 2578 venilia?
693 2517 789 2578 Certe
806 2518 893 2578 enirn
912 2517 943 2576 id
968 2517 1095 2586 melina,

58 2637 145 2696 qnam
180 2611 389 2684 Voffianurn,
433 2618 505 2697 quia
536 2617 686 2699 particula
713 2631 744 2678 ιι
769 2619 876 2678 innuit
897 2618 951 2678 hic
976 2617 1097 2698 aliquid

59 2717 139 2798 sequi
168 2737 209 2778 ex
243 2716 445 2798 oppolirione
470 2715 530 2780 τοῦ
559 2719 668 2796 pedes,
710 2721 796 2798 quod
831 2719 865 2780 fit
892 2721 925 2778 in
959 2719 1096 2779 lectione

57 2820 199 2884 senoni,
232 2837 303 2877 non
327 2813 443 2888 volun
476 2819 664 2878 eromuino
688 2817 764 2878 sient
786 2821 889 2901 prima
910 2839 973 2880 vox
994 2815 1097 2898 pedes.

59 2919 94 2979 fio
116 2935 149 2978 et
177 2917 383 2998 [equentibus
406 2919 525 2997 aliquot
553 2919 787 3001 impendendae
814 2918 887 2980 innt
910 2919 966 3000 ipsi
990 2918 1096 2980 Xerxi.

59 3021 103 3078 Ira
122 3021 214 3080 eninr
239 3015 321 3077 iolet
342 3018 542 3098 Pomponius
563 3019 620 3080 lib.
650 3037 680 3080 a.
705 3040 732 3082 c.
749 3035 782 3096 7.
819 3021 981 3082 Continuo
1001 3019 1097 3080 litora

60 3136 87 3178 ιι
107 3143 171 3179 non
197 3119 343 3197 peruium
364 3119 504 3196 pelagus.
556 3121 598 3180 Et
618 3121 673 3182 lib.
692 3133 724 3198 3.
747 3139 775 3182 c.
797 3121 830 3184 6.
864 3113 959 3208 nefas
981 3133 1012 3180 et
1036 3138 1096 3197 pra

54 3213 223 3308 sacrilegio
247 3216 375 3282 habent.
413 3219 448 3280 ld
473 3239 549 3304 ergo
573 3235 610 3280 ut
631 3221 694 3281 line
710 3241 793 3282 noxa
809 3221 991 3288 habeamus.
1011 3221 1097 3304 lege!

58 3322 122 3402 post
151 3323 210 3380 bac
237 3319 331 3396 pedes
350 3333 382 3380 et
406 3341 467 3380 non
498 3323 653 3398 navigata
685 3324 786 3382 maria
810 3315 1017 3410 tranrgraeffin
1040 3319 1095 3414 ιβ.

60 3442 81 3483 ι.
107 3439 320 3481 ononovrve.
371 3419 485 3482 Nihilo
506 3419 627 3482 felicior
649 3421 691 3482 est
708 3424 740 3482 in
761 3423 822 3484 hie.
860 3423 974 3490 Altera,
999 3441 1097 3504 qnam
1125 3439 1137 3458 ⁶

60 3525 219 3588 dedimus,
247 3521 353 3590 lectio,
383 3541 462 3602 quae
478 3523 628 3580 omnium
652 3523 807 3582 librorum
827 3527 1012 3584 auclorilate
1036 3521 1096 3582 l'ul·

61 3626 157 3692 citur,
192 3635 279 3682 caret
306 3623 411 3701 inepta
436 3621 488 3682 illa
510 3623 717 3704 macrologia,
756 3638 789 3684 et
814 3643 855 3684 ue
881 3625 936 3704 ipIi
965 3623 1096 3704 quidem

61 3722 266 3805 displicuiliet
290 3721 501 3802 Quintiliano.
540 3743 672 3784 voserva
698 3725 729 3782 in
758 3724 932 3802 appendice
953 3725 997 3784 acl
1016 3725 1047 3782 la.
1070 3723 1094 3786 l.

61 3827 103 3886 ln
121 3829 159 3884 in
184 3841 261 3882 meo
280 3821 315 3880 sn
338 3823 667 3907 ineplamacrologia,
702 3825 796 3886 docet
818 3825 982 3894 lucorum,
1015 3843 1096 3904 quae

62 3929 173 3992 tironi,
202 3923 374 3984 fimilirndo
389 3937 420 3982 et
443 3925 584 4005 exempla
601 3925 729 3986 collecta
748 3927 781 3984 in
801 3939 876 3986 nota
892 3927 930 3985 ad
946 3926 1095 3988 Prooem.

63 4027 139 4088 Cod.
160 4023 341 4084 Mediolon.
357 4023 450 4084 babet
466 4039 496 4083 et
516 4027 694 4104 nonaginta
709 4027 823 4088 near-ia.
853 4045 876 4088 1.
900 4044 1096 4088 onouovrva

61 4129 184 4190 bznata
206 4123 383 4218 prfierion.
432 4127 580 4208 Caplavit
594 4139 705 4188 auctor
722 4125 858 4188 verbum
875 4117 1095 4216 traingnffies.
