2784 4944
312 427 373 493 592
611 409 861 474 nonronu
903 411 1067 470 natta

314 592 365 652 De
384 585 617 672 adspiratione,
651 609 746 671 quam
768 589 821 650 hic
843 591 988 674 praefixit
1007 586 1164 657 Viuetut,
1197 587 1232 648 in
1251 583 1361 670 Rheni}

316 691 439 763 omiltt,
470 693 504 754 in
529 689 634 786 Hfiri
654 692 693 753 ad
713 707 746 764 2,
773 711 804 764 t,
825 703 858 771 8.
1361 702 1362 772 l

394 893 570 978 deinde)
621 895 730 960 Cibin.
753 895 824 957 dein
845 909 921 959 nota
944 895 1132 956 variatione.
1166 891 1240 956 Poll
1253 891 1343 952 Vatia.

319 996 479 1060 Lemanno
487 1019 499 1070 ,·
533 997 618 1082 Lipl.
642 999 728 1061 Gud.
753 999 846 1083 Prag.
870 998 1010 1070 lemnno‚·
1042 993 1184 1062 Vindob.
1203 994 1365 1086 lennt'oco.¹

319 1101 404 1162 Edtl.
432 1117 462 1162 t.
488 1113 520 1178 5.
543 1109 578 1180 4.
605 1111 639 1178 5.
665 1102 697 1163 6.
721 1115 755 1176 7.
781 1113 813 1177 8.
838 1118 872 1180 9.
901 1121 955 1162 to.
978 1118 1034 1162 ιι.
1057 1117 1112 1161 tu.
1139 1110 1193 1176 23.
1218 1107 1271 1176 ι4.
1297 1089 1365 1170 ι5.ἶ

325 1215 381 1275 ι7.
418 1218 471 1280 ι9.
506 1217 565 1264 20.
595 1216 654 1279 23.
678 1201 846 1276 ·Lemano,·
885 1200 1048 1262 Vadianae
1074 1199 1217 1261 Lemana
1239 1210 1270 1258 et
1297 1168 1366 1255 Lol

321 1320 450 1364 ntanno.
503 1303 669 1364 Lemanno
689 1303 856 1386 pleraeque
873 1303 1084 1374 Oliuarianae,
1116 1300 1192 1362 inde
1214 1284 1367 1362 avoffiol

322 1403 513 1466 constantius
534 1423 657 1468 omues.
711 1407 784 1468 vid.
805 1404 897 1488 supra
918 1405 956 1467 ati
978 1405 1051 1466 init.
1072 1403 1195 1486 capitis.
1367 1402 1368 1416 ¹

398 1604 625 1689 integer)
675 1603 770 1670 Parii.
790 1623 823 1670 a.
848 1607 954 1672 Vatic.
980 1617 1014 1687 3.
1043 1607 1155 1669 Havn.
1178 1605 1268 1690 Prag.
1288 1603 1347 1663 iter.

320 1707 383 1768 Sed
407 1708 535 1790 vulgata
559 1709 654 1770 lectio
684 1729 723 1770 ex
750 1710 901 1790 opinione
923 1709 1121 1790 antiquitatis
1150 1723 1233 1768 recte
1256 1703 1347 1772 habet,

321 1809 370 1868 uti
391 1809 486 1868 docet
514 1809 723 1890 explicatione
748 1809 825 1872 lacta
849 1811 972 1872 Plinius
1000 1827 1030 1882 a,
1061 1811 1144 1873 106.
1171 1807 1191 1870 l.
1217 1821 1293 1884 105.
1321 1815 1348 1862 el

321 1911 511 1972 Ammianus
540 1923 595 1987 15.
625 1931 681 1976 tt.
715 1913 769 1993 qui
796 1914 835 1974 de
864 1932 922 1976 eo:
961 1933 1030 1973 eant
1054 1905 1246 1998 (paludem)
1266 1909 1348 1970 inter·

322 2031 428 2070 means
449 2031 605 2096 nusquam
624 2013 716 2098 aquis
735 2004 882 2104 miscetur
904 2013 1050 2076 externis.

395 2233 441 2292 eg
448 2213 517 2274 ”d
525 2215 613 2277 itur
636 2227 676 2276 et
684 2213 703 2296 )
752 2207 800 2280 Τὸ
821 2227 854 2278 et
879 2218 1039 2280 omittunt
1058 2228 1232 2300 praeeunte
1252 2211 1349 2276 Vadit·

318 2331 363 2374 no
389 2329 447 2376 21.
475 2325 531 2393 24.
560 2329 615 2394 25.
642 2317 857 2390 Olivarianae,
895 2319 1054 2389 vinetus,
1084 2319 1253 2388 schottus,
1279 2309 1349 2376 Vol·

320 2413 396 2486 s¹11⁸2
423 2425 484 2494 4ο.
509 2427 570 2498 4ι.
595 2427 656 2504 42.
679 2419 792 2482 invitia
812 2419 901 2483 libris
919 2421 1073 2503 antiquie,
1105 2439 1147 2482 en
1162 2417 1275 2502 quibua
1290 2413 1348 2498 poll

318 2517 499 2580 reductum.

394 2735 545 2784 contra
580 2721 865 2806 occidentem)
916 2725 990 2788 1³0st
1020 2737 1137 2786 contra
1173 2723 1291 2786 addunt
1320 2718 1347 2778 t'n

320 2821 467 2885 Leitlenl.
491 2824 577 2888 chit.
602 2827 686 2890 (iud.
707 2827 805 2888 Vatic.
830 2825 914 2910 Lipl.
937 2828 1029 2911 Prag.
1052 2827 1205 2890 Ciaccon.
1222 2818 1347 2886 vindob.

318 2935 352 2982 et
373 2925 445 2988 edd.
474 2947 502 2988 ι.
523 2927 610 3006 (ol)
636 2941 668 3006 3.
692 2947 727 3011 4.
752 2941 785 3006 5.
814 2930 847 2992 6.
876 2943 909 3003 7.
933 2941 967 3006 8.
989 2946 1025 3006 9.
1052 2948 1106 2990 to.
1138 2949 1193 2990 ιι.
1220 2941 1273 2990 12.
1299 2933 1346 2998 ¹5·

323 3033 381 3092 14.
402 3039 457 3102 15.
480 3029 534 3090 16.
558 3043 610 3104 ¹7·
633 3042 687 3107 18.
710 3049 764 3109 ¹9·
785 3049 840 3093 ιο.
863 3049 920 3091 ar.
939 3047 996 3093 22.
1017 3042 1072 3108 23.
1092 3037 1152 3107 24.
1172 3037 1228 3104 25.
1252 3022 1347 3086 Vadin-

319 3141 391 3193 nae.
419 3127 635 3202 Olivarianae;
661 3131 813 3194 Schottne
834 3132 867 3191 in
890 3130 1068 3203 amicitate,-
1094 3131 1228 3191 Vinetua
1245 3136 1347 3186 contra

319 3225 518 3298 occidentem,
544 3233 592 3291 uti
608 3229 731 3293 Voffius
747 3247 778 3293 et
797 3232 894 3292 ceteri
916 3251 989 3292 cum
1008 3233 1075 3294 aliia
1092 3231 1185 3294 MSS.
1221 3243 1348 3290 Tzocttv·

320 3344 395 3388 cna.
456 3331 568 3391 Forte:
610 3332 734 3394 Contra
774 3331 981 3404 occidentem,
1017 3345 1055 3392 ut
1085 3351 1152 3414 cap.
1181 3347 1213 3407 7.
1246 3339 1347 3390 contra

319 3419 497 3516 Bosporum
533 3433 562 3491 Τ
560 3434 701 3494 ltract’nm
735 3433 817 3494 datae
852 3455 975 3511 parone
1005 3429 1166 3517 (insulae)
1198 3444 1347 3512 parvoque

321 3526 476 3618 alfiantes
491 3523 624 3623 fitutia,
651 3547 681 3595 et
702 3534 876 3618 aliqnando
897 3535 1036 3596 creditae
1053 3534 1216 3617 dictaeque
1231 3545 1346 3592 concur·

319 3649 391 3692 νινε.
428 3651 638 3698 tntccorttva.
689 3637 732 3696 Et
753 3637 832 3698 haec
848 3656 976 3718 quoque
995 3654 1161 3720 perperam
1183 3639 1345 3694 mutarunt.

320 3730 418 3794 Vetus
434 3747 466 3794 et
487 3756 563 3798 vera
583 3737 730 3818 scriptura
747 3736 826 3800 luit:
860 3737 942 3798 Inde
958 3751 1070 3799 contra
1091 3735 1279 3798 occidentem
1299 3723 1345 3789 al>-

319 3831 415 3897 lntns.
448 3857 593 3902 vosatve.
644 3833 745 3900 Poffis
761 3839 824 3901 huc
840 3841 983 3920 exempla
999 3839 1108 3900 similia
1126 3838 1160 3897 in
1174 3853 1289 3894 -oer
1304 3848 1344 3898 ns,

319 3933 366 3993 ad
385 3965 434 3982 --
458 3932 569 4030 versae
589 3938 772 4010 transferre.
806 3960 886 4023 quae
910 3941 1046 4022 plurima
1066 3937 1205 4022 conlegit
1227 3934 1345 3998 Ouden-

318 4035 409 4118 dorp.
431 4039 468 4100 ad
490 4041 635 4110 Frontin.
659 4063 687 4112 t.
709 4051 744 4122 4,
768 4062 823 4106 ιι.
863 4040 1034 4106 Muncker.
1058 4041 1096 4102 ad
1120 4039 1243 4122 Hygini
1261 4035 1343 4097 Poet.

317 4138 440 4205 Allron.
470 4155 501 4222 5,
533 4145 588 4208 16.
623 4145 739 4228 aliique
771 4138 894 4228 paffim.
968 4145 1010 4207 tt
1042 4163 1118 4206 curn
1159 4141 1343 4223 aliquatenus
