2784 4944
319 449 391 532 ,556
627 449 876 510 roucourt
919 449 1082 508 nette

329 648 443 691 verunt
467 627 526 698 esi,
560 625 720 688 credidisse
750 641 890 698 veteres,
922 617 1091 712 aliquando
1121 623 1211 688 soisse
1234 625 1362 689 domum

330 733 448 800 Circes,
471 727 555 812 quod
579 731 686 788 innuit
704 729 780 790 iuste
796 729 966 792 disiinctio.
1003 731 1099 790 Plane
1116 743 1152 788 ut
1167 730 1222 789 lib.
1243 743 1274 808 3.
1291 750 1315 791 e.
1332 747 1362 808 9.

209 829 212 836 ’
329 823 459 923 Insulae
478 829 650 909 Gorgades,
674 829 785 892 doutos
799 829 851 914 (ut
865 828 971 913 oirrut)
985 830 1160 912 aliquando
1178 829 1360 910 Gorgonum.

331 955 355 998 r.
378 951 584 994 ononortra.
648 927 772 994 Voss'ma
797 930 825 992 se
852 929 978 994 absente
1005 933 1083 992 illud
1108 951 1250 1000 comma,
1281 931 1361 1012 quod

330 1051 436 1098 tamen
460 1047 549 1094 antee
581 1031 751 1115 posuerant
775 1031 921 1103 Camere,
948 1034 1123 1102 Vedianue,
1151 1033 1324 1102 olivarius,
1348 1051 1362 1092 a

331 1138 466 1198 librariis
493 1149 613 1196 temere
639 1136 785 1194 additum
816 1133 875 1196 esse
902 1147 1024 1196 monet.
1089 1133 1213 1217 Quodsi
1246 1153 1362 1194 comma

331 1241 480 1307 addatur,
519 1256 556 1296 ex
586 1235 737 1298 Ciaceoni
765 1234 916 1296 sententie
944 1237 1010 1298 fieri
1037 1235 1151 1318 potest.
1211 1236 1272 1298 Sed
1296 1254 1361 1295 omn

333 1359 445 1401 omnes
467 1339 592 1398 codices
615 1339 702 1398 urbia
727 1357 847 1398 nornen
872 1339 905 1397 in
932 1358 953 1396 a
976 1339 1167 1406 terminent,
1201 1337 1362 1420 legendum

332 1442 477 1502 videatur
494 1439 636 1508 Circaea,
659 1439 743 1519 quod
764 1439 881 1522 legitur
895 1439 980 1520 apud
996 1435 1130 1517 Dionys.
1149 1439 1249 1498 Helie.
1260 1450 1292 1518 q,
1307 1451 1358 1514 73.

332 1557 364 1604 et
381 1553 413 1618 8.
438 1553 491 1620 tq.
545 1541 688 1620 Reliquis
710 1538 753 1600 esi
777 1539 911 1610 Circeii,
941 1553 1063 1621 praeter
1085 1539 1290 1608 Ciceronem,
1314 1539 1361 1618 qui

331 1643 564 1708 addttit.12.
594 1659 647 1718 ¹9·
683 1653 736 1715 15,
760 1659 813 1702 to.
838 1655 932 1701 vocat
958 1641 1119 1710 Circaeos,
1154 1661 1218 1722 qno
1240 1627 1360 1700 nomine

331 1745 522 1804 adficiuntur
543 1741 598 1823 ipsi
621 1743 773 1822 oppidani
797 1761 813 1800 a
836 1743 989 1820 Dionysio
1015 1743 1085 1804 Hal.
1110 1754 1146 1818 8.
1174 1755 1229 1820 tq.
1262 1742 1360 1822 quiin

331 1843 468 1922 Polybio
487 1855 519 1918 3,
545 1858 601 1912 22,
629 1861 683 1903 rr.
708 1856 740 1902 ct
759 1851 815 1920 24,
844 1845 897 1906 16.
923 1843 1075 1903 dicuntur
1091 1845 1292 1930 Ktpum'irat.
1318 1843 1361 1900 tt·

331 1947 388 2005 vio
408 1947 440 2012 si,
469 1959 523 2012 te,
549 1941 582 2004 6.
614 1957 646 2002 et
670 1957 723 2014 17,
746 1961 779 2020 7.
815 1943 964 2006 Ciceroni
984 1944 1024 2004 de
1043 1943 1083 2004 N.
1103 1947 1147 2008 Ι).
1167 1960 1198 2020 3,
1226 1963 1276 2022 ¹9·
1301 1945 1361 2004 Cir·

330 2037 470 2134 ceietrses.
523 2044 745 2123 Atnuuquam
764 2043 868 2103 Latini
885 2045 998 2106 urbem
1015 2046 1113 2114 aliter,
1143 2067 1240 2126 qnam
1261 2043 1361 2106 Circeii

330 2144 511 2228 proferunt,
545 2146 580 2204 in
611 2147 729 2225 quibue
752 2145 880 2214 Livius,
913 2147 1054 2214 Plinius,
1094 2149 1143 2206 uti
1166 2167 1222 2227 pro
1250 2143 1361 2208 Circaei

329 2245 412 2308 forte
438 2247 532 2306 etiarn
559 2245 592 2304 in
619 2245 775 2306 Cicerone
799 2247 971 2330 legendum
999 2247 1058 2316 esi,
1092 2261 1125 2308 et
1151 2249 1184 2307 in
1212 2247 1360 2329 posteriori

329 2350 400 2410 loco
420 2348 457 2406 ad
478 2349 570 2408 dttic.
593 2360 647 2423 15,
672 2366 726 2409 to.
745 2344 766 2407 s.
793 2347 932 2429 reposuit
952 2349 1084 2409 Ernesti.
1126 2351 1173 2410 ita
1190 2353 1282 2409 etiam
1300 2346 1360 2407 red·

330 2451 378 2508 dit
399 2449 503 2508 tabula
527 2448 710 2530 Peutinger.
737 2460 768 2524 5.
792 2450 830 2510 E.
865 2469 1005 2532 proquo
1028 2449 1147 2532 Geogr.
1166 2452 1305 2510 siarertn.
1326 2457 1356 2524 4,

331 2563 391 2628 32.
419 2563 451 2625 5,
477 2565 506 2611 2.
531 2545 643 2608 vitiose
659 2550 711 2608 dat
734 2549 895 2612 Cerceisos.
932 2551 1019 2610 Tum
1036 2553 1069 2610 in
1089 2551 1233 2636 sirpunt'o
1255 2567 1357 2609 vocem

328 2645 423 2726 πόλις
458 2649 754 2732 subintelligemsam
784 2649 861 2721 esse,
907 2651 1002 2711 docet
1035 2651 1191 2732 posterior
1226 2649 1357 2728 Dionysii

327 2753 433 2820 locus,
467 2752 521 2810 ubi
543 2749 655 2812 diserte
675 2753 812 2814 additur.
864 2753 1011 2814 Adhaesit
1039 2755 1138 2837 igitur
1161 2747 1201 2817 τὸ
1222 2775 1243 2814 a
1265 2773 1300 2814 ex
1321 2747 1357 2810 se·

328 2854 454 2936 quentis
476 2853 618 2914 nominis
639 2854 740 2934 prima
763 2853 864 2914 litera.

404 3044 724 3144 Aphrodisium)
760 3053 841 3136 Lips.
864 3053 1003 3118 Vindob.
1022 3045 1262 3144 efrondrfiumr
1280 3051 1355 3114 ttet-

328 3155 427 3238 diger.
463 3146 705 3245 aufrodrscum;
749 3156 857 3218 Cibin.
901 3157 985 3217 Gud.
1023 3149 1226 3245 afrodist'run.
1276 3157 1353 3215 Tmn

327 3257 427 3318 Vatic.
453 3269 484 3333 3.
515 3256 599 3316 Gud.
625 3257 807 3318 vindobon.
829 3255 947 3349 hostia,
979 3257 1027 3318 uti
1050 3271 1081 3318 et
1103 3259 1180 3319 alibi
1200 3255 1353 3337 adspiratio

325 3359 487 3438 praemitti
511 3355 602 3428 solet,
637 3359 676 3419 de
698 3379 760 3439 qua
781 3361 847 3420 rid.
874 3363 1027 3420 drntzen.
1052 3361 1088 3418 ad
1114 3359 1220 3420 Aures.
1247 3359 1352 3416 iictor.

327 3457 367 3519 de
384 3459 421 3520 V.
442 3459 467 3518 s.
489 3475 516 3518 c.
534 3471 576 3533 5a
596 3471 625 3518 et
641 3479 719 3539 quoe
740 3462 884 3520 nominat
903 3464 940 3523 tt.
957 3461 1100 3522 Gronov.
1119 3463 1159 3520 ad
1178 3459 1281 3520 sustin.
1300 3467 1350 3536 54·

327 3571 359 3636 5,
384 3571 417 3636 8.
444 3557 500 3618 ubi
515 3555 681 3640 adspiratio
701 3575 821 3643 poteret
841 3559 1040 3634 submoveri;
1066 3562 1153 3622 etde
1170 3561 1351 3643 adpellativo

325 3661 363 3720 ad
389 3659 507 3720 Melam
539 3682 566 3728 r,
592 3679 625 3740 9,
647 3673 681 3739 4.
714 3675 746 3722 et
769 3659 877 3742 passtm
904 3665 989 3723 aiibi.
1053 3663 1128 3724 Sine
1152 3661 1351 3743 adspiratione

324 3758 464 3821 scribunt
490 3761 600 3832 numi,
641 3763 818 3844 dequibus
842 3763 962 3824 diasche
985 3765 1017 3822 in
1046 3763 1121 3824 Lex.
1146 3783 1236 3848 uum.
1260 3763 1297 3821 T.
1321 3771 1348 3836 5.

323 3860 360 3922 P.
381 3880 411 3926 2.
429 3883 460 3944 p.
475 3877 538 3925 221
556 3861 596 3942 sq.
620 3878 652 3923 et
668 3866 701 3922 in
718 3861 975 3946 inscriptionibus
991 3865 1073 3947 apud
1093 3865 1234 3924 Gudium
1252 3875 1305 3936 77,
1323 3879 1347 3920 t.

322 3963 488 4043 aliquoties
510 3964 625 4046 iegitur
645 3963 808 4058 (ssierrsts.
870 3965 920 4028 Cs.
947 3982 980 4028 et
1004 3967 1115 4048 Sponii
1139 3963 1268 4026 dliscess.
1288 3979 1350 4021 ern·

322 4065 405 4126 ditae
422 4067 545 4143 antiqu.
562 4086 591 4146 p.
615 4081 693 4142 175.
734 4067 806 4128 Post
824 4065 915 4150 Prag.
935 4067 1041 4128 tibrim
1049 4089 1062 4139 ‚·
1088 4067 1195 4130 Cibin.
1219 4066 1263 4125 uti
1280 4061 1346 4123 edd.

325 4185 354 4230 r.
374 4183 405 4230 a.
422 4181 455 4246 5.
473 4175 507 4245 4.
526 4177 560 4243 5.
583 4179 616 4227 et
631 4167 708 4230 aliae
721 4167 828 4252 piures
849 4167 1005 4252 Tyberinu
1028 4168 1166 4254 Rehdig.
1190 4163 1344 4227 Thibarim.
