2848 4942
389 423 482 480 ΗΒ.
510 425 548 478 ss.
600 421 692 478 ott.
733 422 813 498 Μ.
1031 452 1035 463 ·
1084 439 1124 502 at

72 597 182 672 captui
200 595 399 662 traduntur.
426 598 524 682 qnod.
536 597 633 656 ctiam
656 615 696 656 er
713 599 837 678 optimo
856 595 977 660 codice
995 601 1121 662 notarit

73 693 207 758 vot'fiu..
254 716 467 762 rzsrttvcnc.
528 698 567 756 ln
589 698 713 780 optimo
727 684 843 759 'codice
868 699 985 781 legitur
1006 703 1122 778 rutperti

73 799 254 860 traduntur.
317 802 405 862 Sane
431 799 621 860 alterutrum
647 797 769 879 irrepsit
799 800 870 870 ves.
907 801 993 880 qnod
1019 805 1120 884 magio

73 900 227 967 existimo.
258 911 457 980 utrumqne.
517 897 635 960 Procul
658 897 758 960 dubio
778 900 821 960 ita
844 899 1000 980 scripserat
1024 903 1119 974 Mela.

74 1004 116 1059 uti
134 1001 307 1061 edendnm
337 1003 537 1064 curavimus.
570 1018 715 1062 vosstvr.
769 999 845 1062 Non
868 1003 976 1072 video,
1002 1022 1056 1064 cur
1079 1006 1118 1066 ad

73 1101 173 1184 glossa
192 1103 259 1162 hoc
275 1101 422 1161 verbum
440 1100 613 1184 ablegetur,
640 1119 713 1160 cum
731 1101 771 1160 ad
791 1121 912 1162 novam
933 1107 1119 1166 narrationis

72 1216 184 1282 partem
214 1202 305 1261 Meso
329 1203 570 1284 progrediatur,
602 1203 637 1262 ni
667 1201 772 1282 plura,
808 1221 888 1282 qnae
918 1203 1054 1288 intelligi
1080 1225 1119 1266 ex

72 1323 147 1364 nexu
169 1303 328 1385 possunt.
358 1305 441 1363 vetis
463 1305 587 1366 eiicere.
635 1301 708 1366 Posi
728 1303 764 1364 in
781 1301 886 1366 Vatic.
904 1317 937 1384 5.
961 1303 1121 1366 docendae

70 1403 160 1468 abesse
182 1417 344 1466 notatum
366 1405 493 1466 inveni.

137 1605 384 1686 vaeneunt)
424 1603 570 1670 vindob.
591 1605 680 1689 Prtg.
695 1605 840 1668 veniunt.
878 1606 961 1670 Edri.
981 1609 1014 1670 6.
1034 1624 1067 1688 7.
1085 1619 1119 1686 8.

69 1723 235 1778 υιηιπιηις
268 1709 430 1786 reliquae.
455 1711 505 1767 uti
526 1707 577 1768 alii
596 1707 730 1776 codices.
754 1719 807 1768 ant
825 1721 970 1776 veneunt.
995 1721 1061 1786 ant,
1084 1711 1118 1770 in

68 1809 178 1889 qnihtte
202 1810 414 1870 recentiores
440 1809 515 1869 edd.
538 1819 704 1870 vaeneunt.
753 1807 815 1868 Sed
835 1808 950 1870 melius
974 1829 1030 1888 per
1050 1809 1120 1870 stm-

68 1911 135 1990 plex
155 1932 172 1970 e
195 1913 230 1970 in
252 1909 520 1990 antepenultima
547 1906 634 1968 scribi
654 1909 782 1968 monuit
804 1905 959 1969 Gesnerne
982 1911 1014 1970 in
1039 1909 1116 1974 thos.

68 2011 104 2071 L.
126 2011 159 2071 t.
178 2011 250 2072 snb.
277 2013 315 2072 h.
343 2031 377 2072 r.
407 2011 579 2090 docuitque
600 2027 638 2068 ex
661 2007 820 2090 lapidibue
840 2007 993 2070 cellarius
1010 2013 1044 2070 in
1061 2011 1120 2072 Or·

70 2111 168 2196 thogr.
186 2114 258 2174 Lat.
285 2133 321 2192 p.
342 2131 389 2170 m.
412 2123 496 2188 379.
547 2113 696 2172 Attamen
714 2111 755 2172 sic
776 2123 809 2172 et
825 2109 925 2194 vulgo
943 2111 1065 2174 vertatis
1086 2125 1119 2174 et

68 2228 195 2298 cognato
215 2212 382 2274 scribunt.

140 2437 186 2476 ex
221 2405 256 2504 s
254 2411 413 2494 pecie)
465 2410 574 2475 Cibin.
601 2411 659 2472 stoc
681 2433 722 2472 ex
741 2401 865 2501 speria
906 2411 997 2496 Prag.
1025 2411 1120 2494 probe

64 2507 284 2606 fomzofiqne;
332 2515 426 2575 idem
452 2533 511 2596 qne
534 2509 690 2584 habeatem
732 2514 842 2576 citon.
873 2513 957 2576 Gnd.
985 2514 1059 2577 edd.
1084 2533 1119 2592 9.

75 2639 128 2679 tt.
150 2631 347 2700 queruntur.
390 2615 440 2674 De
463 2615 688 2674 emendatione
706 2615 770 2674 loci
785 2633 802 2674 a
816 2613 949 2676 Schotto
963 2615 1121 2696 propostto

68 2719 188 2780 dictum
207 2717 256 2778 est
278 2715 389 2798 supra.
425 2711 607 2808 Queruntur
622 2713 694 2774 libri
716 2715 843 2796 quidam
858 2727 937 2776 noto
953 2733 1069 2778 errore.

145 2917 288 2998 Virri)
345 2916 616 2988 Vatin1.viri;
661 2915 845 2978 vindobon.
882 2917 1026 2996 ignotum
1066 2913 1120 3008 ιβ.

69 3021 128 3086 Ed.
159 3035 214 3100 ¹3·
241 3015 490 3080 circumcidant.
541 3015 695 3080 Ceterum
714 3037 730 3078 a
747 3035 827 3080 voce
847 3015 930 3080 Vnt
950 3031 1044 3099 caput
1066 3031 1120 3080 to.

68 3124 180 3206 ncipit
204 3123 365 3182 vinetus.

134 3314 279 3413 simus
315 3317 547 3398 ebrietati)
598 3319 686 3382 Leitl.
708 3319 790 3382 Voss.
811 3333 843 3400 5.
865 3320 957 3404 Ptag.
981 3317 1121 3380 Vindob.

71 3425 154 3486 Gnd.
174 3438 211 3484 et
233 3442 275 3482 ex
305 3419 430 3480 filentio
447 3421 606 3490 Vaticani.
634 3423 744 3482 Vener.
773 3422 879 3482 Horu.
894 3417 1011 3510 fimitis
1032 3415 1121 3480 ebrie·

72 3525 150 3596 tati,
187 3525 244 3583 uti
263 3521 343 3582 edd.
370 3539 400 3582 t.
421 3537 452 3581 2.
472 3533 504 3598 5.
528 3535 562 3600 4.
586 3533 619 3597 5.
641 3519 674 3584 C.
692 3537 724 3594 7.
747 3533 781 3598 8.
799 3539 832 3598 9.
857 3539 910 3584 10.
934 3533 966 3580 et
985 3521 1122 3599 reliquae

71 3627 106 3686 ars
130 3619 288 3686 Voffium
306 3619 437 3710 fintiit's.
489 3623 546 3684 Isse
564 3643 601 3682 ex
624 3623 733 3682 codice
756 3625 891 3704 optimo.
918 3641 1014 3702 qoem
1035 3619 1123 3692 dicit,

73 3727 174 3806 posuit
211 3722 313 3789 turus.
340 3736 373 3782 et
394 3721 432 3782 tic
447 3742 486 3784 ex
502 3727 581 3784 meis
600 3721 681 3804 Lips.
705 3723 813 3784 Cisrin.
838 3721 1010 3804 iiehdiger.
1032 3733 1064 3782 et
1084 3739 1123 3782 ex
1157 3715 1162 3724 ’

77 3827 199 3888 stientio
213 3820 316 3886 Paris.
338 3843 368 3884 ι.
388 3835 421 3884 2.
441 3837 473 3901 5.
498 3821 637 3886 Vossinrn
654 3821 747 3884 secuti
764 3821 833 3882 sunt
847 3823 953 3884 ceteri.
988 3839 1125 3882 'rescat‘-

78 3947 145 3990 cxr..
202 3925 344 4004 Alioqui
369 3923 542 4006 legendum
554 3921 656 4014 florus
677 3921 827 3984 ebrietate
848 3925 869 3984 i.
892 3943 921 3984 e.
933 3917 1034 4012 fimus
1055 3941 1124 3981 cunt

78 4026 239 4088 ebrictate.
299 4023 380 4084 Vide
402 4045 501 4084 avum
521 4029 558 4086 ad
583 4028 720 4087 Senecae
740 4025 881 4088 Troada
899 4045 933 4084 v.
960 4021 1065 4102 1046.
1094 4033 1127 4082 et

82 4129 167 4191 siros
207 4127 330 4188 doctor
366 4125 404 4184 ad
440 4125 618 4188 Nemesioni
650 4127 806 4210 Cyneget.
835 4145 867 4190 v.
897 4133 978 4202 158·
1028 4123 1127 4204 Supra

120 4245 220 4316 Pomp.
248 4240 345 4297 Mese.
368 4239 406 4294 L·
427 4241 464 4296 ss.
773 4225 797 4288 F
