2788 4942
356 453 446 510 Lrn.
475 453 526 506 rrr.
570 453 603 509 c.
632 454 655 506 r.
699 451 723 520 t.
747 463 777 520 5.
1049 470 1087 530 ¹5

58 629 176 712 tignum
200 629 305 691 ntutie
325 641 468 690 erectum
492 625 573 687 nibil
596 626 629 686 in
651 623 681 686 ie
700 627 926 708 repugnantiae
948 627 1087 704 obiiciat.

56 731 153 812 itaque
181 731 256 790 libri
286 730 403 801 velint,
436 729 554 789 retinui
581 747 653 788 cum
678 727 863 790 Reinoldio.
916 731 1020 812 Atque
1045 735 1087 798 ita

55 833 143 892 etiarn
159 831 250 914 supra
265 831 303 892 nd
324 852 352 900 t,
370 833 403 902 6,
424 849 453 893 t.
491 825 613 891 Voffiue
627 827 713 892 hunt:
730 829 836 892 locum
851 833 968 911 repetit
984 846 1017 892 et
1035 855 1086 896 ex·

55 933 160 1014 plicat,
191 933 247 994 etti
265 945 297 994 et
316 933 359 992 ibi
381 931 603 994 munimentum
619 927 735 1010 posuit.
788 932 957 1012 Vtramque
978 946 1087 998 temen

56 1054 161 1096 vocent
190 1034 267 1095 alibi
292 1035 389 1096 etiam
419 1033 532 1093 variari
562 1032 679 1092 docent
708 1030 870 1094 Drakenb.
894 1035 931 1094 ad
959 1036 1030 1100 Liv.
1050 1049 1085 1116 4,

61 1155 110 1204 ro.
133 1138 166 1198 6.
202 1149 236 1196 et
260 1134 470 1216 Oudendorp.
497 1133 535 1194 ad
563 1132 624 1194 lul.
658 1129 745 1196 Coei.
779 1134 819 1194 de
846 1133 883 1196 tt.
909 1135 947 1196 C.
973 1153 1003 1204 α.
1027 1153 1086 1203 21.

56 1237 171 1316 Lipiiue
189 1237 231 1298 erl
251 1237 354 1298 Taciti
375 1237 461 1299 Anu.
481 1253 511 1306 1,
529 1247 563 1314 3.
613 1231 678 1298 Pro
699 1231 880 1327 iurpqfitum
902 1237 1086 1305 Vindobon.

54 1334 237 1432 oppofitttm.

214 1545 244 1622 §.
274 1553 308 1620 5.
345 1539 517 1622 Baetis)
565 1541 653 1602 Libri
676 1539 774 1612 Betis,
798 1541 919 1614 Bethir,
941 1543 1086 1616 Boethis,

57 1641 156 1703 Boetir
174 1641 302 1726 (Ltpt.)
335 1645 384 1705 uti
412 1641 500 1726 iupre
525 1643 603 1705 dixi.
654 1643 706 1704 Sic
729 1640 923 1733 tracorrerrfi,
950 1643 1086 1730 (Prag.)

58 1741 259 1836 tmacherrst,
293 1745 474 1824 (Vindob.)
496 1739 692 1832 tareorrerrfi,
727 1739 944 1828 (Rehdiger.)
968 1759 1088 1808 teraco-

58 1841 150 1936 rmfi,
177 1843 292 1934 (Paris.
311 1841 362 1932 tt.)
385 1841 606 1936 terraconensi.
634 1854 689 1930 (ex
705 1846 800 1908 editie
821 1845 963 1929 plerique
981 1844 1087 1934 olim.)

121 2046 352 2131 grandem)
409 2047 502 2110 Abest
528 2069 544 2110 a
571 2049 669 2111 Vetie.
692 2059 724 2127 5.
757 2046 850 2134 Preg.
877 2063 909 2111 et
934 2047 1029 2114 Parii.
1053 2065 1086 2114 α.

59 2145 121 2209 Post
142 2147 230 2232 Lips.
260 2151 346 2212 Gud.
378 2147 486 2212 Cibin.
512 2151 652 2212 Vatienn.
682 2149 793 2211 Venet.
822 2151 913 2234 Prag.
937 2151 1087 2217 Ciaccon.

61 2245 142 2312 MSS.
169 2251 317 2313 meliorie
345 2265 439 2314 notae
466 2251 549 2334 apud
578 2251 615 2312 Δ.
639 2250 843 2312 Gronoviuru
873 2265 905 2313 et
928 2253 1001 2315 edd.
1030 2265 1086 2330 15.

65 2365 113 2424 17.
138 2369 195 2414 eo.
213 2365 271 2430 5⁰.
295 2365 352 2430 32.
371 2365 428 2431 57.
441 2343 551 2440 fecit,·
576 2353 609 2412 in
631 2352 697 2413 aliie
717 2351 833 2434 legitur
846 2345 950 2442 facit.
1004 2355 1087 2436 Apte

62 2449 192 2514 inlustrat
203 2453 391 2516 Gronoviue
407 2457 545 2534 priorem
562 2453 735 2515 lectionem
753 2453 845 2514 snnili
863 2455 934 2516 loco
950 2469 983 2524 Ω,
1003 2471 1034 2524 tt,
1051 2473 1086 2534 9.

63 2551 95 2612 de
113 2553 304 2634 Strymone:
331 2551 384 2614 ubi
399 2575 462 2614 non
483 2553 574 2634 louge
590 2575 610 2613 a
626 2553 708 2614 mari
722 2553 823 2616 lacurn
836 2547 934 2644 fecit,
959 2557 1086 2626 rrrar’ore,

61 2672 145 2733 quam
166 2667 300 2716 verterat
324 2653 432 2725 alveo,
462 2656 608 2735 erumpit.
670 2657 827 2736 Equidem
854 2655 894 2716 iic
921 2657 993 2718 dare
1018 2675 1087 2718 nort

64 2753 207 2818 dubitavi.
261 2757 313 2818 stc
335 2753 399 2816 tere
427 2769 458 2834 5,
482 2773 514 2820 2.
532 2753 555 2818 f.
581 2756 621 2817 de
640 2756 776 2818 ereno:
805 2753 857 2816 uba·
879 2779 1008 2836 corrrprrs
1030 2759 1087 2818 im·

63 2854 166 2932 plevir.
199 2855 298 2919 Fleuo
322 2856 463 2930 dicitrin-
498 2857 577 2918 itern
603 2857 677 2918 alibi
707 2860 740 2918 iu
770 2859 884 2918 eodem
915 2872 970 2918 aut
994 2859 1087 2918 suuili

64 2975 154 3028 nexu,
180 2958 221 3020 ad
237 2971 419 3040 temporum
439 2977 545 3019 veram
561 2961 718 3019 rationem
742 2971 773 3019 et
796 2955 888 3018 usurn
908 2979 1086 3021 accommo-

64 3053 166 3122 datiue.
219 3057 292 3120 Post
320 3057 400 3120 Vols.
430 3077 460 3122 t.
493 3055 584 3150 quast
621 3081 660 3119 ex
695 3079 779 3120 novo
795 3049 943 3148 seminus
976 3062 1085 3123 oritur.

65 3155 163 3229 Forte,
200 3161 306 3240 inquit
326 3161 365 3222 Δ.
386 3159 585 3232 Gronovius,
618 3161 721 3222 voluit
741 3160 899 3222 librarius:
933 3157 1024 3252 quast
1048 3184 1088 3224 ex

64 3275 136 3319 novo
157 3251 252 3347 fonte
272 3261 411 3342 geruinus
431 3264 543 3330 oritur.
596 3261 684 3344 Quid
702 3263 839 3324 voluerit
860 3277 913 3322 aut
928 3263 1086 3334 debuerit,

66 3355 272 3424 docetCibin.
290 3365 324 3422 iu
345 3379 430 3443 quo:
463 3357 555 3452 quast
574 3383 614 3422 ex
636 3384 719 3424 novo
733 3353 836 3452 fonte
855 3366 1007 3444 geruinus.
1048 3367 1086 3426 in

64 3469 218 3544 utramque
250 3463 423 3525 lectionem
455 3463 609 3546 disputari
640 3461 744 3546 poffit.
807 3465 945 3526 Praetuli
979 3479 1086 3528 tamen

66 3577 135 3631 uno,
165 3565 253 3644 quod
283 3564 517 3646 obpositionem
550 3561 611 3628 roi
636 3567 780 3644 gentium
803 3565 909 3626 reddit
934 3564 1086 3629 efficacio-

65 3676 138 3732 rem,
168 3677 199 3726 et
221 3665 262 3726 iic
283 3661 374 3755 quast
400 3667 438 3728 ad
456 3656 588 3756 fontem
617 3667 749 3750 propius
770 3669 920 3750 pertinet.
973 3669 1084 3732 Venet.

66 3763 156 3824 omitit
177 3767 327 3830 exoritur.

122 3957 332 4054 simplici)
382 3969 520 4034 vindob.
544 3967 755 4062 exflmplicr';
789 3971 960 4054 Rehdiger.
972 3959 1085 4062 fingo
1137 3959 1148 3986 ‘

66 4058 232 4243 mptus.
270 4071 343 4136 Pon
365 4071 455 4157 Prag.
469 4067 639 4159 flectitun
665 4073 773 4136 Cibin.
795 4091 959 4156 eorumque
979 4093 1084 4154 parua
