2788 4942
309 451 350 534 7⁶
603 453 851 513 aoMt’oNtt
894 447 1055 514 Macte

309 629 423 702 tactor:
447 624 492 690 ad
509 623 708 721 pcfircmam.
742 630 875 712 Reliqua
893 627 1049 714 superent.
1075 649 1248 695 ecflomt.
1282 627 1327 692 Aa

307 731 495 824 postremam
511 727 580 815 -)
640 733 764 792 Totum
794 732 882 794 hunc
916 733 1023 796 locum
1050 733 1092 794 fic
1123 735 1194 818 lego
1219 751 1252 792 ec
1275 731 1328 792 die·

309 852 438 918 pungo:
473 832 525 895 Aa
545 830 733 928 pcssremum
750 835 860 914 magni
875 825 963 924 freti
973 831 1111 926 fimitis,
1137 856 1199 896 noa
1218 833 1328 894 maiora

309 949 438 999 tantum
468 935 599 1016 navigia
631 935 763 1006 cotetae,
796 937 1019 998 verumetiam
1045 959 1128 1000 more
1148 935 1250 1018 pelagi
1265 924 1328 1026 sae·

308 1038 428 1099 viantis
450 1026 634 1128 exsurgens,
667 1038 773 1098 iactat
798 1037 964 1108 atrociter.
999 1040 1105 1122 utiquc
1118 1035 1153 1128 st
1181 1037 1245 1098 alio
1265 1049 1338 1096 φημ’

310 1151 441 1201 tacete.
471 1157 669 1200 etaattdve.
721 1137 889 1208 Nouerca,
913 1141 998 1220 qood
1016 1134 1056 1204 τὸ
1074 1141 1176 1222 magis
1196 1139 1232 1200 ab
1252 1137 1329 1200 libris

309 1240 461 1302 omnibus
477 1259 543 1302 non
562 1239 680 1310 solum,
712 1237 761 1300 sed
777 1255 810 1300 et
824 1239 934 1303 crebro
953 1243 1079 1326 linguae
1097 1241 1153 1302 usu
1173 1241 1328 1323 probatum

309 1345 497 1404 offenderet.
558 1344 610 1403 Fit
638 1337 732 1423 poffit
759 1343 868 1423 utique
889 1342 1005 1412 abeil'e.
1038 1341 1088 1404 fed
1112 1347 1183 1425 quio
1207 1342 1328 1404 modum

308 1444 422 1505 talibus
439 1442 571 1505 statuet?
622 1443 706 1505 Cum
723 1441 884 1504 tamenab
907 1444 994 1506 iibrie
1013 1443 1207 1515 sustineatur.
1231 1437 1268 1506 τὸ
1282 1461 1328 1502 aec

307 1547 405 1608 artius
423 1565 495 1604 cttnt
516 1544 777 1626 praecedentibus
799 1545 963 1616 cohaeret,
989 1559 1022 1608 et
1038 1545 1121 1608 bene
1137 1545 1241 1608 habet.
1276 1547 1328 1606 Dc·

305 1651 402 1728 nique
417 1647 536 1708 accedit
553 1651 585 1706 in
602 1649 658 1706 hec
673 1659 759 1726 parte
776 1647 959 1710 emendatio
973 1649 1152 1710 Burmanni
1168 1649 1205 1708 ed
1223 1649 1326 1708 Lucan.

308 1764 339 1829 5,
358 1761 439 1828 255.
467 1749 523 1830 qui
539 1769 597 1832 pro
615 1745 725 1810 obvias
739 1748 830 1808 malit
845 1746 958 1812 obviis.
1008 1750 1124 1832 Neque
1141 1751 1204 1812 hoc
1223 1745 1325 1810 neceffe

305 1852 358 1913 est.
409 1851 492 1912 Cum
518 1851 604 1910 enim
633 1851 710 1910 haec
735 1869 800 1910 vox
823 1851 985 1932 duplicent
1013 1849 1129 1914 inferat
1151 1849 1323 1935 respectum·

303 1953 466 2016 lubentius
487 1951 538 2014 hic
559 1954 592 2012 in
615 1949 718 2014 fronte
733 1951 773 2014 de
787 1951 948 2016 Garumna
969 1951 1079 2020 feram.

467 2157 496 2232 §.
525 2156 558 2218 6.
611 2153 793 2238 Aneros)
848 2154 1021 2240 Rehdiger.
1057 2159 1213 2232 attehros;
1245 2155 1321 2237 Preg.

301 2274 428 2325 atteras,
452 2257 501 2316 uti
523 2257 688 2318 Boccetius
710 2259 749 2318 de
768 2257 955 2318 fluminibus
972 2256 993 2319 i.
1012 2279 1043 2320 v.
1066 2258 1242 2322 Garumna.
1276 2255 1323 2320 Ct-

301 2357 377 2442 pitis
397 2372 451 2420 ια.
476 2355 711 2420 distinctionem
738 2359 790 2420 hic
811 2355 956 2441 adposuit
977 2361 1126 2426 Viaetue.

377 2526 495 2609 aqac's
519 2526 640 2607 incr.)
670 2525 753 2608 Lips.
778 2527 892 2610 altonis
907 2519 1163 2619 increscentibus3
1189 2530 1321 2594 Cieccon.

302 2630 397 2710 aquis
412 2621 723 2720 t'ucrebt·cscctttidus;
746 2629 919 2714 Rehdiger.
935 2632 1029 2714 aquis
1049 2623 1320 2723 increbescantt'dtts.

301 2729 375 2791 Post
396 2729 544 2792 Ciaccon.
567 2729 702 2799 accolae,
726 2730 866 2792 Vindob.
888 2730 968 2791 adeo
989 2731 1095 2802 incole,
1122 2747 1156 2794 et
1177 2733 1257 2794 Gud.
1277 2748 1321 2790 aa·

301 2833 436 2902 timont,
470 2833 509 2892 de
528 2853 587 2913 qua
606 2833 780 2892 variatione
802 2833 899 2892 etiam
920 2851 993 2892 cum
1010 2831 1140 2924 aestimo
1162 2834 1229 2896 vid.
1251 2847 1321 2912 queo

299 2947 421 3016 praeter
438 2931 610 2995 Gesnerutn
630 2933 661 2992 in
679 2930 821 2996 thesauro
840 2933 875 2994 L.
895 2932 931 2996 L.
954 2947 1104 2995 notarunt
1120 2935 1319 3014 Oudendorp·

299 3037 338 3098 ed
361 3036 419 3098 iul.
438 3033 523 3098 Caes.
539 3036 578 3095 de
594 3033 629 3094 B.
645 3033 683 3094 G.
705 3052 735 3103 a,
759 3050 812 3110 17.
847 3033 1009 3095 Drakenb.
1028 3035 1065 3096 ati
1082 3035 1154 3097 Liv.
1174 3049 1230 3114 54,
1250 3051 1277 3104 2,
1291 3044 1320 3110 5.

299 3151 333 3198 et
357 3137 394 3197 ab
418 3136 480 3196 hoc
501 3136 659 3196 nominati
678 3136 793 3216 plures.
846 3135 978 3198 Accolae
1000 3133 1092 3198 facile
1114 3137 1268 3207 adrideat‚
1291 3133 1322 3194 ni

295 3235 487 3304 narrationis*
505 3237 624 3298 iumma
643 3251 676 3298 et
697 3239 746 3298 vis
771 3237 880 3302 obstet.

373 3409 471 3492 quia
500 3405 609 3488 cam)
661 3407 746 3468 Gud.
773 3405 865 3491 Preg.
887 3405 1073 3488 quodcum.
1111 3407 1186 3469 Post
1205 3405 1322 3491 gravior

299 3511 447 3575 obiicitur
464 3510 610 3570 lectionis
633 3509 805 3570 diversitas.
857 3505 996 3569 Vindob.
1022 3507 1116 3569 Parii.
1138 3523 1170 3588 3.
1197 3523 1225 3569 et
1246 3505 1319 3568 forte

298 3635 355 3696 per
373 3613 531 3674 sitentium
553 3611 722 3671 conlatoris
744 3611 855 3671 Venet.
873 3629 948 3670 cum
964 3609 1037 3672 edd.
1052 3611 1202 3671 omnibus
1220 3607 1319 3670 videa·

297 3715 403 3777 carad
420 3713 589 3775 Schottum
611 3725 643 3771 et
666 3707 822 3779 Vofftuot,
856 3711 941 3770 unde
963 3709 1133 3772 videantur
1156 3709 1318 3792 repositum

297 3820 385 3887 exiit,
404 3813 612 3896 probantibus
628 3813 756 3892 reliquie
770 3812 933 3872 codicibus
949 3825 981 3870 et
997 3810 1059 3894 ipse
1074 3810 1177 3875 senius
1194 3811 1316 3872 ratione.

298 3919 453 3984 Notatum
471 3927 577 3976 tamen
599 3915 687 3975 idem
709 3914 819 3974 inveni
837 3915 875 3973 ex
895 3911 945 3974 ed.
964 3925 997 3992 5.

370 4085 571 4152 editiora,
599 4084 693 4166 ott-is
704 4082 723 4163 )
774 4083 871 4143 Vatic.
889 4101 919 4146 1.
940 4081 1049 4146 Cibin.
1069 4081 1203 4144 editiora
1217 4078 1314 4162 aquitt

296 4187 379 4277 Lips.
401 4185 552 4250 edictiora
574 4187 663 4270 quin
703 4183 788 4248 Gud.
816 4183 912 4249 Petis.
935 4203 965 4250 t.
997 4186 1168 4272 Rehdiger.
1191 4182 1314 4244 editiora
