2848 4942
294 399 335 464 50
596 381 837 444 aoneoun
874 383 1037 441 nabau

296 561 388 624 dedit
410 555 458 652 fit
489 556 584 652 Ister.
620 558 704 640 qnod
735 559 858 621 maniit.
910 559 1041 620 Tenent
1069 560 1166 622 etiam
1197 559 1356 622 eundem

298 665 447 726 ordinem
470 663 612 743 plerique
634 662 688 720 alii
709 661 862 730 Codices.
892 674 1016 730 tentum
1032 663 1143 742 aliqui,
1169 675 1205 722 ut
1229 663 1355 724 Cibin.

298 765 400 858 infler,
428 765 529 824 velut
554 759 636 844 Lipi.
662 763 836 846 Rehdiger.
858 761 970 854 hyster.
1025 763 1146 832 Graeci,
1173 765 1260 844 qnod
1283 783 1356 824 no·

299 863 471 932 ussimum.
497 857 634 946 Ἴστρος.
694 865 734 925 m
761 865 801 924 de
827 863 1035 945 adspiratione
1064 867 1097 924 in
1122 867 1245 928 Latinis
1270 883 1356 926 non

299 967 442 1031 condant
456 967 654 1048 eruditorum
672 963 859 1032 sententiae.
885 965 1006 1048 qnippe
1024 987 1118 1047 quam
1139 967 1231 1026 multi
1253 985 1356 1048 prae-

300 1075 419 1154 figunt,
448 1067 668 1129 addicentibus
691 1067 743 1127 hic
765 1081 892 1148 proauo
915 1066 1016 1130 studio
1040 1068 1212 1130 codicibus.
1265 1068 1355 1130 vid.

301 1173 511 1250 Oudendorp.
527 1171 566 1230 ad
583 1169 700 1230 Lucan.
723 1186 753 1239 a,
774 1181 832 1244 50.
862 1182 894 1244 3,
916 1183 998 1232 202.
1039 1173 1204 1231 staveren.
1220 1169 1258 1230 ed
1276 1167 1357 1230 Ne-

299 1287 366 1356 pot.
393 1272 528 1334 nulum.
553 1291 579 1331 c.
601 1283 632 1350 3.
652 1272 697 1332 iu.
742 1273 779 1332 A.
798 1271 942 1331 Gronov.
966 1271 1004 1332 ad
1029 1270 1136 1332 lustin.
1157 1287 1190 1348 2,
1215 1283 1247 1348 5,
1280 1289 1351 1333 10.

300 1376 484 1436 Berneccer.
509 1372 545 1432 ad
566 1385 622 1449 32.
648 1387 680 1444 3,
713 1383 763 1446 ¹5-
801 1372 926 1452 aliique.
980 1373 1030 1434 Sic
1053 1371 1198 1464 ilfirnm
1223 1371 1351 1432 urbam

299 1479 443 1558 plerique
467 1473 591 1536 codices
618 1488 746 1534 tuentur
767 1473 799 1531 in
822 1474 981 1554 Eutropio
1000 1475 1033 1543 6,
1062 1495 1114 1534 en.
1132 1471 1153 1534 s.
1178 1485 1210 1549 8.
1264 1471 1349 1534 Post

301 1578 388 1640 Gnd.
412 1575 534 1636 omittit
555 1575 627 1656 qui,·
656 1573 795 1634 Vindnb.
816 1595 909 1644 auare,
935 1587 966 1635 et
988 1575 1039 1636 ed.
1063 1593 1117 1638 ιι.
1143 1575 1218 1636 iam.
1270 1573 1345 1635 Pro

300 1691 428 1740 caretum
454 1697 494 1736 ex
518 1675 676 1752 vadium,
712 1675 767 1754 qni
792 1675 882 1735 dedit
907 1669 969 1746 ιῖῖι,
1003 1675 1076 1738 edd.
1102 1690 1161 1753 50.
1194 1689 1251 1754 52.
1277 1688 1348 1750 37.

298 1793 415 1840 tamen.
466 1778 496 1836 Τ
498 1795 553 1836 uin
575 1776 665 1858 I'rug.
691 1777 788 1836 Vatic.
814 1791 845 1854 3.
872 1775 1022 1838 decidunt
1049 1778 1216 1838 enauimus.
1257 1775 1350 1858 Qui·

298 1881 382 1948 dam,
406 1891 442 1938 ut
458 1875 544 1944 solet.
565 1877 683 1966 bastin.
723 1864 884 1958 'Denique
898 1877 1026 1959 bic‘pro
1047 1874 1280 1956 navigabilibus
1302 1895 1351 1938 ex

298 1981 407 2042 codice
431 1976 616 2040 veteresne
639 1977 825 2041 Ciacconinc
847 1991 937 2040 noun
957 1977 1158 2060 itavigabdis.

470 2184 499 2258 §.
532 2198 567 2260 9.
627 2171 890 2270 Essedones)
941 2171 1350 2270 Rebdiger.Prag.Ese·

297 2282 412 2354 danem
437 2281 577 2343 Vindob.
595 2273 767 2368 effationem
792 2283 898 2346 Cibin.
919 2277 1111 2372 Ceſjedouas.
1150 2284 1221 2345 Vid.
1237 2279 1348 2364 snpra.

295 2387 323 2446 A
340 2403 420 2446 voce
442 2383 674 2464 [tigernacb.
697 2386 811 2466 incipit
835 2387 979 2447 Vinctus.

371 2583 634 2666 parentium)
685 2586 793 2650 Cibin.
816 2585 899 2668 Lipi.
923 2587 1007 2648 Gud.
1031 2585 1218 2648 vindobon.
1242 2587 1345 2670 Prag.

294 2687 468 2772 Rehdiger.
489 2689 615 2767 aliique,
642 2708 721 2767 quoa
738 2689 869 2748 adhibui
886 2709 959 2748 cuin
975 2688 1048 2750 edd.
1069 2687 1220 2750 omnibus
1239 2691 1346 2748 eiiam

294 2790 515 2850 Reinoldianie
532 2791 571 2848 ad
587 2789 826 2850 Gronovianani
846 2801 906 2868 44.
932 2803 1119 2867 pareutuuu
1146 2791 1221 2849 inde
1243 2789 1281 2848 ab
1298 2808 1344 2850 ea

294 2893 382 2954 enim
403 2893 569 2950 invectum
593 2889 635 2950 est
658 2893 837 2970 parentium
858 2911 896 2950 ex
922 2891 1056 2951 Medinl.
1080 2888 1161 2949 Voii.
1184 2903 1219 2966 4.
1260 2891 1342 2951 vid.

295 2992 407 3052 dehac
424 2989 525 3050 farina
546 2991 584 3049 ad
607 3011 634 3059 ι,
659 3003 691 3068 8,
717 3007 749 3065 7.
803 2993 854 3052 Sic
877 2989 956 3050 inira
980 3005 1000 3068 5
1026 2991 1115 3051 MSS.
1142 2990 1257 3050 habere
1280 2989 1343 3050 ob-

211 3086 214 3094 ’
293 3091 429 3152 servavit
454 3091 707 3153 A.Gron0vi1u.
759 3093 918 3174 Equidem
943 3112 1018 3152 cum
1047 3092 1207 3174 plerisque
1230 3091 1342 3152 ethic

292 3205 326 3253 et
349 3193 425 3252 alibi
449 3191 522 3252 dedi
550 3203 731 3270 parentum.

368 3393 482 3453 coitu
515 3382 818 3477 familiarium)
866 3395 929 3458 Pro
952 3395 1041 3458 coitu
1065 3417 1105 3458 ex
1126 3397 1256 3476 antiquo
1281 3413 1340 3456 co-

292 3494 363 3554 dice
382 3496 571 3554 Ciacconiue
590 3507 680 3553 notat
702 3507 811 3568 cocum
837 3496 944 3558 Cibin.
967 3511 1071 3577 coytu.
1127 3498 1212 3556 Hinc
1234 3497 1339 3567 idem,

292 3593 376 3676 Lipi.
401 3596 486 3655 (iud.
512 3593 605 3654 Parii.
633 3617 660 3658 ι.
683 3613 713 3658 c.
734 3610 767 3672 3.
793 3597 921 3658 Bunnn.
943 3597 1116 3680 liehdiger.
1141 3599 1222 3680 l'rag
1257 3598 1337 3656 Vin-

292 3696 413 3756 dobon.
436 3696 567 3776 aliique.
604 3710 737 3758 nomme
759 3699 811 3758 hiu
834 3699 1082 3778 Oudendorpio.
1110 3689 1331 3787 familiarum.

291 3797 461 3858 Editioneu
492 3816 605 3858 omues
630 3789 865 3885 familiarium,
902 3799 988 3879 qnod
1016 3812 1048 3859 et
1077 3797 1218 3858 habuiiie
1249 3813 1334 3877 puio

288 3899 367 3958 ulios
384 3898 517 3958 aliorum
540 3899 664 3960 codices
688 3914 779 3960 etex
799 3902 879 3961 meis
902 3902 1040 3980 reliquus
1063 3919 1138 3960 cum
1156 3900 1231 3960 edd.
1254 3917 1334 3958 con·

287 3999 378 4058 latos.
434 3999 565 4058 Videtur
597 4001 692 4058 etiam
720 4001 772 4060 hic
801 3998 1041 4082 praeferendum
1068 4021 1134 4060 non
1168 4019 1207 4060 ex
1241 4019 1331 4060 nexu

287 4099 399 4169 solum,
420 4096 472 4160 [ed
489 4100 575 4181 qnod
588 4102 693 4170 reddit
709 4101 913 4165 Herodotum
922 4113 957 4182 4,
975 4103 1032 4166 26.
1052 4101 1082 4166 ai
1101 4097 1330 4189 προσήκοντες.
