2826 4936
391 487 483 542 tra.
513 488 566 541 nr.
611 487 644 543 c.
673 489 725 546 vr.
768 488 794 558 t
821 509 847 546 ι.
1080 501 1139 566 ¹55

101 655 290 752 tempestate
311 679 470 732 numeratu
502 659 692 722 ciacconius
715 661 832 724 adfert:
859 683 1014 724 nnnorum
1038 685 1142 726 nume·

103 781 169 824 rus.
202 779 408 823 azecttvcrra.
442 765 604 823 Annonem
620 765 706 844 queis
719 777 827 825 manet
847 763 1014 852 nanterus)
1054 763 1141 828 Falso

102 861 181 924 haec
200 879 327 946 quoque
348 861 443 925 verba
463 861 648 946 Pomponio
672 863 899 928 obtruduntur.
941 885 1141 932 etra'rrtnve.

103 961 252 1046 Suspicor
273 962 422 1049 gioffema
445 961 523 1035 effe,
556 979 627 1026 ete
649 969 793 1050 margine
817 966 879 1028 huc
900 967 1066 1052 irrepstffe3
1109 981 1143 1030 et

102 1077 205 1134 recte.
239 1065 297 1128 nili
322 1085 375 1128 me
397 1085 487 1136 amo,
521 1079 576 1128 aut
600 1066 782 1128 humaniter
811 1065 910 1130 fallor.
961 1087 1141 1132 ectro‘rave.

105 1165 199 1230 eben
219 1187 285 1228 vox
307 1187 453 1228 numerus
473 1167 507 1228 in
529 1167 686 1249 plerisque
709 1169 870 1231 veteribus
891 1169 989 1232 iibria.
1042 1171 1142 1234 Recte

104 1287 183 1329 vero
200 1267 311 1336 abeffe.
330 1286 439 1339 nemo,
456 1269 510 1350 qui
525 1268 638 1330 Latine
653 1271 749 1341 norit,
767 1267 967 1334 diffitebitur.
994 1291 1142 1336 voeetva.

103 1369 196 1430 Hanc
216 1369 404 1451 periodum,
437 1389 533 1451 quam
558 1367 632 1431 falso
659 1373 779 1434 auctori
805 1371 935 1432 obtrudi
960 1373 1144 1436 autumabat
1179 1407 1190 1420 ι

104 1469 288 1542 Pinianus.
328 1483 422 1553 atque
448 1491 487 1533 ex
513 1469 695 1556 gloiiemate
723 1486 824 1533 ortam
851 1471 911 1534 effe
935 1469 1144 1557 suspicabatur

104 1571 274 1642 Schottue,
299 1571 486 1656 Pomponio
508 1569 620 1634 adserit
643 1586 736 1655 atque
757 1573 881 1636 erudite
902 1573 1032 1636 illustrat
1055 1577 1143 1638 Arne

104 1672 162 1734 lib.
189 1688 221 1736 2.
255 1671 389 1736 Obiere.
411 1693 478 1756 cap.
507 1693 561 1736 to.
586 1695 619 1756 p.
647 1687 728 1752 285.
764 1669 806 1764 [s.
833 1669 937 1760 Μ]
990 1675 1144 1738 Ceterum

103 1792 221 1836 vocem
242 1795 386 1836 numerus
406 1775 555 1860 ignorant
577 1789 649 1836 octo
668 1775 759 1838 MSS.
778 1791 812 1837 et
832 1777 883 1838 eri.
907 1775 1037 1840 Mediol.
1061 1797 1145 1839 earn·

104 1895 169 1958 que
185 1873 275 1938 facile
296 1874 396 1938 abeffe
413 1874 499 1958 poffe
519 1874 664 1937 censebat
682 1877 942 1959 Oudendorpiue.
966 1899 1084 1960 nempe
1107 1891 1145 1940 ut

105 1975 210 2039 senine
236 1977 331 2040 huiue
357 1977 420 2038 loci
446 1976 498 2049 {it;
532 1977 687 2060 principia
713 1997 870 2041 annonam
895 1975 1027 2040 suntab
1052 1981 1145 2042 Iliaca

105 2078 308 2159 tempestat03
332 2079 403 2161 quie
419 2091 527 2140 manet
543 2075 582 2140 ic.
598 2079 766 2160 templum.
795 2099 827 2143 Α.
848 2099 1052 2142 cnonorrea.
1095 2082 1142 2144 lo.

106 2179 201 2241 Fiet.
221 2179 406 2242 Gronovius
424 2197 452 2241 c.
474 2179 495 2241 1.
518 2179 704 2250 contendit,
734 2199 851 2251 annue.
877 2181 968 2262 queia
991 2201 1145 2245 numeru·

106 2295 250 2352 maneat,
283 2279 360 2353 effe,
397 2281 511 2363 quiin
537 2281 736 2362 temporibue
768 2281 884 2344 deduci
914 2301 949 2344 ac
985 2284 1146 2346 numerari

104 2375 244 2466 poffint,
269 2385 324 2465 qui
340 2381 501 2444 annalium
525 2383 712 2444 memoriam
731 2401 798 2444 non
820 2383 988 2454 excedant,
1015 2399 1049 2446 et
1068 2385 1145 2446 hinc

105 2485 270 2545 numerari
297 2497 330 2546 et
359 2482 512 2573 adsignari
538 2484 629 2545 annia
655 2479 792 2566 poffint;
829 2499 922 2566 atque
951 2485 1038 2548 idem
1062 2485 1145 2548 velle

106 2583 232 2648 Melam
252 2603 282 2658 a,
299 2603 333 2666 9.
350 2597 383 2664 8.
406 2583 457 2646 hie
477 2583 601 2646 verbio:
627 2583 733 2664 Supra
752 2583 899 2646 tredecim
915 2585 1032 2647 milium
1048 2605 1147 2648 atauo-

109 2707 180 2748 rum
196 2699 318 2748 aetates
335 2685 427 2746 cercis
445 2681 612 2746 annalibus
633 2676 786 2777 referunt.
831 2687 911 2748 Eine
928 2699 1035 2748 tamen
1052 2687 1146 2758 filine.

107 2789 165 2872 qni
185 2789 281 2870 patrie
300 2787 544 2870 explicationem
563 2783 665 2848 adfert
687 2799 720 2848 et
741 2785 881 2849 inlustrat
900 2789 937 2848 ad
961 2789 1082 2850 Arrian.
1106 2789 1147 2850 rie

110 2891 226 2972 experi.
249 2889 338 2952 Alex.
363 2887 411 2950 M.
431 2905 461 2958 o.
489 2887 545 2952 16.
567 2907 600 2970 p.
617 2901 676 2970 37.
703 2889 746 2949 ita
769 2891 899 2970 repetit:
932 2907 1013 2970 quoe
1036 2901 1146 2950 manet

107 3009 280 3062 numerus,
305 3009 379 3052 cum
405 3001 493 3073 peter
513 2987 597 3072 legat
616 2989 719 3070 queis,
750 2989 809 3049 nist
832 2989 912 3050 illud
932 2989 974 3050 eii
994 3007 1032 3050 ex
1053 2989 1147 3052 vitio.

110 3093 274 3174 Equidem
296 3091 423 3160 iocum,
449 3089 568 3150 minori
591 3087 689 3152 inciso
706 3089 772 3172 post
796 3083 836 3154 ai
858 3111 1011 3152 urrunnun
1035 3091 1147 3174 posito,

112 3193 154 3253 fic
178 3194 318 3275 explico:
361 3193 527 3254 Annorum
553 3191 726 3274 principia,
757 3211 836 3274 quae
862 3193 1003 3254 numeria
1034 3189 1148 3254 adferri

109 3293 241 3378 poliunt
259 3309 293 3356 et
314 3293 434 3363 notari,
462 3291 500 3352 ab
516 3293 656 3354 Troiano
679 3291 765 3354 bello
787 3285 964 3366 ducuntu'r;
996 3295 1077 3356 ultra
1101 3293 1150 3354 iu·

110 3409 195 3457 certa
214 3393 284 3456 sunt
305 3395 429 3464 omnia,
461 3393 483 3456 i.
503 3411 532 3454 e.
550 3393 710 3474 tempium
728 3393 771 3456 est
790 3395 886 3480 longe
904 3391 1149 3457 vetustiffimum

110 3499 244 3579 eiusque
264 3495 430 3560 exstructio
452 3495 531 3554 ultra
546 3495 723 3554 Troianum
747 3495 867 3557 bellurn
882 3507 1015 3557 remota.
1051 3495 1151 3576 Equi·

113 3599 189 3661 dem
213 3619 359 3658 uumerus
381 3595 568 3658 [errandum
590 3597 700 3677 utique
722 3595 832 3658 censeo
857 3616 923 3658 non
946 3593 1064 3667 sotum,
1098 3593 1149 3656 ied

112 3702 283 3782 etreliqua
299 3699 479 3760 aPintiano
499 3710 532 3758 et
552 3695 687 3760 Schotto
711 3695 846 3760 conioffa
868 3717 906 3760 ex
927 3711 1074 3758 veterum
1090 3695 1149 3758 iilo

112 3801 321 3884 computandi
341 3817 523 3861 morerere
545 3795 690 3882 agnosco.
743 3797 894 3860 Ceterum
919 3799 1068 3869 Vinetue,
1096 3797 1151 3878 qui

112 3923 131 3964 a
149 3921 230 3964 voce
251 3897 403 3962 uurro'rrun
422 3919 487 3982 cap.
510 3910 567 3976 25.
588 3899 734 3967 inchoat.
766 3899 834 3982 post
855 3919 999 3960 nanterus
1017 3901 1151 3960 interro·

114 4007 210 4090 gandi
236 4007 355 4088 iignum
379 4003 489 4086 ponit,
523 4001 610 4081 quod
633 3999 690 4063 ino
711 4019 801 4062 more
826 4001 859 4060 in
874 4013 943 4061 toto
972 3999 1056 4062 Mela
1080 3995 1154 4061 iacit

113 4109 253 4170 Soonue.
305 4107 350 4166 lta
368 4118 475 4164 tamen
491 4101 561 4162 hic:
595 4101 758 4164 Annorum
776 4100 858 4162 unde
878 4101 1035 4180 principia
1047 4091 1154 4192 suut?

115 4207 214 4306 pateis
239 4219 346 4268 manet
369 4223 532 4274 aureterus,
566 4200 607 4265 ab
628 4203 734 4264 Iliaco
758 4201 960 4296 ternpesiater
998 4215 1093 4284 atque
1118 4203 1153 4262 in
