2752 4944
356 439 444 500 ΗΒ.
472 443 509 498 11.
553 441 661 500 ent.
704 439 783 512 ιδ.
993 457 1087 540 ἰιι

54 615 257 688 Gronovius.
293 627 327 680 et
348 615 424 678 hinc
447 617 480 678 in
503 617 615 680 ceteric
641 615 734 684 abest.
786 611 911 683 Voffiur
930 619 1036 702 ploret
1056 635 1091 684 et

52 720 200 782 meliores
224 739 297 782 earn
320 721 467 782 voculam
487 717 652 804 agnoscere
675 722 709 782 in
738 723 912 804 appendice
934 723 1089 794 adfirmet.

54 823 228 883 reluctante
250 823 289 883 A.
306 821 485 884 Gronorio.
536 822 571 885 st
588 841 626 882 ex
648 823 847 884 contritorum
866 823 988 886 lilentio
1010 827 1089 886 certi

54 923 162 1004 aliquid
189 924 331 1001 elicitur,
356 935 440 984 certe
456 923 636 984 hubucnrnt
651 925 746 986 etiem
762 923 957 996 Parisrenicn
982 925 1088 992 Hero.

54 1027 254 1086 etVenerue.
293 1043 499 1088 rzccuucue,
548 1023 1001 1110 Particulcadexpungendr.
1034 1031 1088 1092 Sic

53 1145 111 1208 cap.
135 1143 170 1198 7.
200 1125 243 1188 de
266 1124 437 1206 Pachyno:
488 1127 672 1208 Pachynum
692 1139 843 1198 vocatur.
876 1127 961 1212 quod
993 1129 1088 1190 Grae·

54 1230 128 1287 ciam
151 1219 303 1317 spectat.
345 1247 549 1290 cruccontve.
607 1229 681 1292 Scio
710 1227 749 1289 lte
771 1229 826 1289 lib.
856 1243 887 1308 3.
920 1250 947 1292 c.
975 1245 1008 1304 7.
1042 1227 1093 1292 acl

54 1328 220 1388 ,lleridiecn
236 1320 404 1420 spectans,
429 1344 462 1392 et
475 1329 618 1391 iimiliter
632 1330 716 1392 alibi.
755 1330 817 1392 Seri
836 1331 898 1391 hoc
914 1331 984 1392 ioco
1000 1353 1086 1414 prae·

53 1431 247 1510 politionem
277 1443 391 1492 neuter
415 1431 506 1494 MSS.
531 1429 727 1514 agnoscebat.
779 1432 822 1492 Et
845 1431 883 1492 lic
908 1429 1009 1493 forsan
1033 1435 1087 1494 elii

54 1535 171 1594 corticea
195 1549 340 1612 quoque,
368 1545 405 1592 ut
427 1533 629 1594 nuncetiam
652 1533 692 1594 de
716 1533 810 1594 tertio
826 1533 959 1594 Medioi.
985 1535 1087 1596 testari

53 1633 182 1712 polium.
255 1634 350 1694 Certe
377 1653 444 1695 non
468 1636 593 1720 gravior
619 1653 707 1694 nunc
727 1633 814 1696 enula
837 1631 900 1694 fnit
928 1632 1086 1698 inferendi

53 1754 132 1805 erm,
175 1753 278 1815 qnam
305 1734 361 1798 iib.
391 1755 421 1798 t.
451 1755 477 1798 c.
498 1747 533 1817 4.
572 1747 674 1795 totum
694 1735 799 1806 latur,
823 1734 910 1818 quod
930 1737 1086 1799 meridiem

47 1827 169 1924 spectat
186 1837 338 1916 usquein
353 1833 447 1926 Afioe
467 1835 604 1928 confinia
622 1829 787 1926 poffident.
841 1837 912 1899 Lib.
934 1859 962 1900 r.
986 1851 1085 1918 c.15.

54 1937 160 1997 Etiam
180 1958 253 2020 qna
266 1927 398 2026 spectat
420 1939 580 2002 orientem.
619 1939 690 2000 Lib.
708 1955 740 2001 Ω.
764 1958 789 1999 c.
809 1939 843 2002 6.
873 1937 947 2031 Qua
957 1931 1085 2030 septen·

53 2041 180 2098 trionem
202 2029 350 2128 spectat.
403 2039 475 2102 Lib.
496 2059 527 2103 2.
551 2059 577 2102 c.
602 2055 636 2114 7.
673 2041 854 2122 Pachynum
881 2041 967 2122 quod
992 2041 1086 2104 Grae·
1115 2083 1119 2096 .

55 2143 125 2200 uam
148 2131 301 2232 spectat.
373 2141 445 2204 Lib.
468 2155 501 2219 3.
536 2161 563 2203 c.
596 2161 624 2202 r.
668 2127 743 2236 Qua
777 2161 861 2202 mare
887 2141 1084 2204 Atlanticum

49 2233 181 2329 spectat.
241 2239 312 2301 Lib.
332 2253 364 2320 3.
387 2262 413 2304 c.
433 2239 465 2306 6.
502 2239 576 2336 Qua
597 2263 747 2302 occanum
762 2233 903 2334 spectat.
955 2243 1025 2306 Lib.
1049 2259 1083 2320 3.

55 2362 77 2402 c.
97 2359 128 2418 7.
168 2343 285 2402 Terrae
297 2333 478 2432 spectantis
503 2343 672 2405 Orientem.
726 2341 850 2414 Nescio,
876 2345 953 2426 quid
977 2341 1083 2407 Voffio

55 2447 214 2514 reciderit,
252 2445 326 2522 qui,
360 2463 459 2525 quum
484 2443 601 2506 citeffet
635 2443 691 2508 lib.
718 2463 749 2507 η.
780 2463 806 2508 c.
831 2460 864 2525 3.
904 2447 947 2506 In
976 2467 1011 2506 eo
1040 2443 1086 2507 acl

48 2535 293 2633 fipmtmorccrn
317 2534 466 2634 spectare
496 2546 592 2607 litora
632 2547 806 2626 incipiunt,
847 2557 880 2610 et
913 2547 1085 2609 monuiffet

53 2649 225 2731 legendum
243 2635 490 2735 fiprterrtriorres,
518 2662 623 2708 temen
641 2649 693 2708 etii
715 2649 837 2708 curavit
857 2649 889 2708 iu
907 2668 942 2706 eo
957 2639 1084 2738 septen·

51 2755 162 2810 triones
182 2741 339 2840 finctore
363 2747 459 2808 litora
486 2751 643 2828 incipiunt
673 2747 735 2810 fine
761 2749 822 2809 nlla
843 2751 1030 2810 auctoritate
1051 2763 1085 2812 et

48 2855 261 2936 negligenter.
327 2849 417 2931 Quin
446 2851 541 2910 etiem
572 2851 638 2933 pari
665 2862 698 2908 ct
727 2869 798 2910 cura
827 2863 860 2911 et
889 2851 1021 2911 veritate
1049 2852 1084 2910 in

47 2955 188 3014 eiusdem
215 2950 362 3012 editione
385 2951 501 3034 iegitur
523 2951 576 3012 lib.
595 2965 626 3031 3.
651 2969 677 3012 c.
696 2965 728 3028 8.
766 2951 869 3030 Tigris
891 2952 941 3012 ita
963 2941 1084 3042 descen·

48 3053 113 3117 deus
139 3058 177 3115 in
197 3053 299 3112 litora
314 3063 470 3128 permeat,
504 3073 602 3133 quum
626 3071 739 3114 omuce
755 3053 914 3114 editionet
937 3051 986 3114 hie
1005 3050 1084 3114 iule-

46 3173 107 3216 rant
128 3153 290 3218 voculam
313 3173 424 3234 usque.
450 3173 545 3236 quarn
562 3153 599 3213 ab
621 3153 724 3214 tribue
745 3153 1083 3216 eberneicurtem

46 3275 71 3316 et
85 3259 237 3343 agnitam
261 3251 333 3321 icio,
363 3273 423 3315 nec
446 3253 595 3316 dubitans
611 3255 650 3316 de
675 3255 804 3316 aliarum
827 3255 1083 3317 membranarum

45 3357 209 3427 consensu,
233 3373 305 3415 eam
319 3353 423 3416 rursu·
438 3355 585 3437 appoini;
618 3343 757 3416 maxime
778 3375 877 3438 quum
897 3357 935 3417 tic
956 3377 1083 3440 quoquc

45 3461 189 3542 l-quzrnr
233 3457 309 3538 plue
346 3459 415 3517 vice
454 3457 585 3540 simplici
631 3457 761 3519 Auctor.
812 3477 835 3520 r.
874 3475 1082 3520 onerorrrc.

45 3563 121 3622 Cum
138 3575 322 3638 utrumque
337 3573 458 3618 rectum
477 3557 524 3628 fit,
543 3549 694 3648 spectare
715 3560 861 3618 orientem
884 3573 916 3620 et
934 3551 1083 3649 spectare

46 3664 79 3720 cl
97 3666 269 3730 orientem,
297 3673 328 3718 ct
345 3679 412 3719 non
431 3659 633 3720 hoctanturn
651 3659 734 3729 locu,
763 3657 811 3720 led
831 3673 864 3722 et
881 3657 990 3741 pallitn
1008 3659 1082 3720 alibi

47 3763 224 3840 pumiscue
250 3763 283 3820 in
308 3760 395 3822 iibrir
417 3775 549 3842 utraque
572 3775 713 3820 occurrat
735 3759 900 3843 scripture,
937 3763 1082 3822 contenti

48 3865 161 3926 {imus
188 3883 261 3924 carn
283 3861 402 3942 ubique
427 3859 511 3941 sequi
534 3863 722 3930 lectionem,
756 3881 848 3942 quarn
871 3867 903 3922 in
926 3864 1081 3942 aritiquio·

48 3971 124 4029 :seue
141 3979 176 4028 et
199 3965 304 4046 magis
320 3963 497 4025 erneudutic
520 3965 705 4024 invenimus
725 3963 965 4044 exemplaribus.
1018 3963 1080 4024 Scri

51 4071 92 4127 tre
110 4069 215 4129 nimie
242 4063 370 4126 festinus
393 4065 520 4125 invenie
544 4061 748 4124 auferendum
771 4063 833 4126 boc
853 4047 1081 4125 loco'effirmat

51 4171 328 4254 prccpoiitioncm,
369 4166 456 4248 quod
486 4185 556 4228 cem
585 4167 651 4228 dno
685 4163 776 4230 MSS.
805 4185 872 4228 non
900 4163 1078 4250 agnoscunt.
