2794 4954
405 399 496 484 m.
528 399 566 457 lt.
609 399 641 458 c.
669 402 692 456 1.
734 399 759 470 t.
781 409 812 475 4.
851 447 853 452 .
1014 459 1019 468 ,
1092 419 1133 484 33

81 571 269 657 promittat.
294 589 400 632 unum
417 584 543 632 tanturn
563 573 684 635 reddat.
720 573 810 634 Vidit
832 572 894 636 hoc
910 575 1004 638 etlam
1020 582 1131 664 magni

80 677 132 734 vir
155 675 272 735 iudicii
294 673 515 736 Ferdinandus
540 674 716 736 Pintianus.
769 674 927 738 Viderunt
950 679 1046 742 etiam
1070 683 1127 752 illi,

81 779 137 858 qui
168 789 246 836 ante
283 775 405 855 aliquot
438 771 541 836 secula
572 775 692 837 Melam
724 773 989 868 transcripserunt.
1042 782 1127 866 Qua·

78 890 215 960 propter
249 878 367 938 extrito
399 878 548 956 proxime
578 875 735 957 sequentis
767 878 909 939 fluminis
941 879 1126 966 Panticapes

76 981 232 1047 nomine,
261 978 441 1058 Hypacarin
457 974 633 1060 reposuere.
659 992 831 1062 totumque
847 977 953 1040 locum
969 981 1012 1042 ita
1028 983 1125 1068 diges-

76 1077 209 1140 serunt:
263 1078 353 1138 Nam
373 1079 487 1140 Gerros
508 1079 590 1138 inter
610 1075 776 1169 Bafilidas
796 1091 829 1140 et
850 1079 1021 1143 Nomadas
1043 1086 1124 1150 avol-

74 1183 187 1252 uitur,
224 1191 259 1239 et
281 1178 468 1260 Hypacarir
492 1179 663 1240 Nomadas
691 1180 889 1262 Georgorque
913 1180 1122 1272 dsserminat.
1211 1179 1214 1184 Δ

74 1281 189 1342 Silone
220 1279 334 1341 denda
352 1271 450 1370 suut,
484 1301 566 1363 quas
596 1281 754 1342 maximos
781 1282 841 1342 har
870 1294 972 1342 terrac
993 1275 1122 1372 ferunt.
1199 1365 1200 1368 Ἴ

75 1381 181 1442 Terra
200 1395 271 1442 turn
295 1381 387 1461 louge
403 1379 542 1474 dfieuta
560 1381 709 1443 excedens
730 1383 817 1444 terrui
832 1380 939 1442 radica
958 1385 1048 1446 litori
1067 1387 1123 1448 ad·

71 1485 231 1544 nectitur.
266 1475 359 1567 [vid.
370 1483 500 1576 pollad
520 1503 638 1545 nomen
653 1474 880 1567 Panticapen]
915 1485 976 1546 Sed
1000 1500 1121 1568 praeter

70 1585 231 1646 ordinem
249 1582 518 1667 Gengraphicuru‚
544 1587 598 1666 qui
616 1599 703 1646 totus
719 1585 771 1644 hic
787 1583 931 1645 turbatus
947 1583 999 1664 est,
1026 1607 1122 1672 quern

68 1706 142 1747 non
172 1685 321 1746 offendat
339 1686 561 1766 intempestiva
583 1686 634 1746 illa
656 1687 805 1768 repetitio
828 1685 976 1747 vocabuli
997 1693 1122 1754 terrac?

69 1785 230 1848 Omnino
252 1785 343 1846 aliter
363 1784 480 1867 scripfit
495 1787 591 1850 Melo.
630 1785 683 1848 Sic
705 1789 810 1868 itaque
832 1785 987 1849 existimo.
1027 1789 1118 1872 Quae

66 1889 234 1948 omnium
257 1883 324 1946 sere
349 1887 494 1948 hiatuum
516 1889 549 1949 in
574 1889 712 1968 antiquis
734 1885 936 1970 scriptoribus
960 1887 1045 1950 mula
1066 1891 1119 1962 est,

64 1989 216 2050 eandem
239 2006 369 2068 quoqne
386 1989 438 2050 hic
453 1987 558 2056 fuille.
588 1987 756 2050 occursum
773 2007 890 2068 nempe
908 1989 1042 2050 duarum
1062 2013 1118 2054 vo·

65 2110 151 2150 cum
173 2089 342 2151 similium.
394 2088 480 2152 Cum
501 2092 605 2170 itaque
620 2089 783 2151 Nomadas
796 2087 845 2149 bis
860 2088 912 2148 hic
928 2091 1118 2165 nominaret,

62 2189 198 2252 iactum
219 2189 279 2258 eli,
311 2202 348 2248 ut
370 2203 403 2252 et
424 2191 484 2253 hcc
509 2190 721 2260 vocabulum,
758 2203 791 2252 et
812 2203 969 2271 praeterea
995 2211 1117 2257 nomen
1146 2263 1148 2270 ¹

62 2294 180 2353 amnis
205 2291 261 2351 lric
283 2292 447 2354 exciderit.
508 2293 555 2353 lta
576 2293 665 2353 enim
691 2292 779 2372 prius
809 2289 987 2373 legebatur:
1026 2293 1116 2356 Nam

65 2395 195 2456 Gerros
220 2393 305 2453 incer
322 2389 488 2481 Bafilidar
512 2405 544 2453 et
565 2391 745 2462 Nomadas,
773 2391 959 2471 Hypacaris
978 2395 1117 2470 pcrNo·

60 2494 189 2558 madar
210 2492 405 2556 devolvitur.
444 2495 552 2578 Quam
573 2494 745 2554 lectionem
762 2505 800 2552 ut
816 2511 923 2554 veram
940 2513 1007 2554 non
1018 2495 1117 2560 ,dubi-

62 2600 140 2658 tavi
162 2593 316 2655 inserere.
380 2595 467 2656 Adeo
490 2609 597 2656 autern
620 2574 780 2654 vetustum
805 2595 839 2654 in
863 2592 947 2658 Mela
968 2594 1011 2655 eli
1034 2595 1117 2658 illud

60 2697 251 2765 mendum,
279 2707 317 2754 ut
332 2695 395 2754 iam
413 2693 515 2758 leculo
531 2696 628 2756 Plinii
644 2693 812 2756 obtinuille
828 2708 951 2776 putem.
1003 2697 1118 2778 Quum

61 2805 162 2862 enirn
191 2797 326 2857 alterius
357 2797 498 2857 fluminis
521 2815 641 2858 nomen
663 2797 726 2856 hoc
753 2796 826 2857 loco
857 2793 958 2855 denllc
981 2796 1115 2868 videret,

61 2901 244 2982 Hypanim
274 2895 452 2968 substituit,
486 2899 599 2980 inligni
626 2915 747 2966 errore,
783 2913 857 2954 cum
879 2895 1024 2975 Hypanis
1049 2915 1116 2959 non
1172 2911 1176 2920 '

62 3004 139 3069 illo.
167 3018 238 3080 quo
264 2997 393 3068 Genus,
420 2995 470 3060 led
494 3019 570 3062 vero
593 2997 661 3066 isto,
692 3015 756 3077 quo
779 2994 1008 3074 Borysthenes.
1035 2995 1114 3059 ostio

62 3105 100 3164 in
126 3104 280 3165 Pontum
304 3097 426 3160 ellluat.
476 3100 543 3182 Qui
559 3119 637 3160 vero
660 3099 694 3156 in
710 3098 816 3158 Plinio
836 3095 897 3157 hoc
919 3097 989 3158 loco
1007 3097 1115 3182 Hypa-

63 3207 154 3266 σιτία
186 3219 249 3286 pro
274 3201 403 3280 Hypani
429 3198 634 3268 substituunt,
670 3199 765 3260 etiam
791 3197 838 3256 illi
863 3211 985 3276 errant,
1018 3199 1114 3262 buius

64 3309 156 3368 enim
179 3307 248 3364 iam
269 3302 473 3361 mentionem
489 3299 574 3371 fecit,
598 3320 674 3361 cum
690 3300 824 3380 Pacyriu
840 3298 997 3368 nominat,
1017 3319 1114 3380 quem

64 3411 99 3468 in
117 3404 321 3490 Ilypacart'n
344 3399 534 3462 mutandum
550 3401 620 3470 elle,
639 3398 731 3490 lupra
753 3399 935 3461 docuimus.
971 3419 1113 3464 vossrvs.

66 3511 153 3571 llaec
184 3503 288 3568 verba
311 3523 329 3564 a
355 3504 434 3564 viris
455 3503 557 3564 doctis
579 3503 702 3570 addita.
737 3498 788 3561 led
812 3501 921 3582 ignota
951 3501 1115 3564 codicibus

67 3612 222 3692 antiquis,
258 3606 395 3666 videtur
415 3602 548 3665 noluille
568 3617 676 3665 auctor
693 3600 828 3672 addere,
862 3599 940 3660 dum
961 3601 1114 3664 lectorem

71 3713 176 3794 lpcntc
201 3710 350 3793 cogitare
377 3706 465 3775 vult,
499 3725 574 3766 cum
597 3704 688 3765 Gerri
717 3703 812 3762 unius
832 3701 968 3784 longum
989 3701 1114 3764 curium

70 3815 220 3886 describit,
250 3807 454 3892 Hypncnrr'n
477 3821 510 3868 et
529 3806 604 3866 orirl
621 3818 653 3865 et
674 3803 812 3863 defluere
831 3821 870 3862 ex
890 3820 929 3861 co
949 3802 1031 3870 loco,
1057 3804 1113 3885 qui
1148 3883 1152 3891 ι

71 3934 139 3980 recta
153 3907 430 3994 enmdeserobar
445 3909 483 3967 ad
498 3907 616 3975 locum,
642 3905 700 3965 ubi
718 3903 830 3964 incidit
849 3905 882 3962 in
900 3902 1048 3972 llerrurn,
1075 3916 1113 3964 ut

66 4043 118 4084 non
137 4014 346 4084 iudicaverit
365 4008 528 4070 uecellum
545 4006 622 4076 ella,
649 4007 689 4065 de
710 4006 778 4065 eius
795 4001 884 4063 curln
905 4004 1022 4084 aliquid
1047 4024 1113 4085 pur·

62 4129 200 4190 oculatim
224 4121 362 4182 dicere.
420 4110 534 4172 Simile
557 4106 738 4188 exemplum
759 4103 802 4164 est
821 4103 876 4166 lib.
893 4117 928 4182 5.
952 4123 979 4166 c.
997 4117 1030 4181 5.
1056 4104 1113 4165 ubi

89 4249 180 4322 Pomp.
206 4236 320 4299 Mela.
351 4229 393 4284 L.
417 4228 454 4280 ll.
758 4203 784 4266 C
