2868 4942
322 433 384 506 ιρι
618 419 866 480 rouronrr
908 420 1077 477 natta

204 613 207 626 ·
322 593 535 662 scribendam
557 593 600 657 esl
620 595 760 678 dioryge.
813 597 884 657 Vox
899 616 934 656 ea
952 609 985 656 et
1002 595 1120 656 Graeca
1137 595 1201 664 est,
1229 607 1265 656 et
1286 590 1362 655 sami

322 699 407 760 liaria
436 697 604 768 Straboni,
644 696 733 759 sollae
758 709 791 758 et
822 698 929 759 alveos
952 695 1154 760 manufactos
1180 697 1359 780 fignificana

324 819 512 862 atataanve·
573 799 684 862 Scribo
703 799 867 880 diomede,
898 817 965 859 non
988 799 1128 880 dioryge.
1184 798 1360 878 Dioryclror

322 904 410 964 enim
433 899 624 972 inflectitur,
650 920 717 963 nort
733 900 883 981 diorygos
900 920 938 962 ex
959 900 1110 960 omnibus
1126 903 1294 984 gregatim
1312 913 1362 958 tau

322 1003 474 1084 antiquie.
516 1022 611 1082 quam
647 1001 878 1064 recentioribus
906 1001 1138 1064 Grammaticis.
1193 1003 1364 1064 siceum

323 1105 511 1168 Herodotus
537 1105 571 1162 in
597 1103 769 1183 Polymnia
794 1097 849 1188 [7‚
877 1095 980 1188 117.]
1007 1118 1040 1166 et
1063 1105 1133 1165 aliia
1161 1103 1273 1165 libris.
1320 1103 1364 1164 Sit

323 1205 530 1288 Thucydides
545 1207 578 1265 in
601 1209 718 1286 primo.
746 1201 792 1292 [c.
818 1224 897 1284 109.
921 1203 960 1266 cs.
981 1217 1015 1283 4,
1038 1201 1141 1290 ¹09·]
1179 1207 1238 1266 Sic
1259 1203 1363 1266 Strabo

322 1309 357 1368 in
378 1307 562 1370 undecimo.
590 1301 643 1392 [p.
665 1319 750 1388 341.
773 1305 795 1369 s.
819 1318 904 1386 495.
934 1319 967 1368 et
988 1301 1121 1392 paffitn]
1161 1309 1220 1368 Sic
1244 1325 1363 1367 omnes.

318 1407 431 1472 Sicubi
460 1418 538 1470 rlero
572 1428 642 1489 apua
681 1407 786 1490 ipsum
812 1408 1001 1471 Strabonem
1032 1409 1178 1468 aliumve
1207 1421 1364 1468 auctorem

318 1511 411 1572 taliter
429 1507 577 1592 scriptum
594 1511 667 1572 inve
695 1512 767 1578 itur.
793 1530 955 1592 perperam
976 1507 1206 1591 scriptumest.
1247 1511 1290 1569 Vt
1306 1527 1363 1568 non

322 1631 433 1695 parurn
458 1609 656 1674 incessendos
679 1613 715 1672 lit
738 1610 945 1681 Hermolaus,
978 1612 1029 1671 vir
1048 1611 1170 1672 Graece
1201 1632 1240 1672 ac
1260 1612 1364 1670 Latine

317 1716 411 1776 iuxta
440 1713 570 1783 doctus,
601 1715 658 1794 qni
684 1715 718 1774 in
741 1714 1096 1794 quartuvPlioianarnm
1123 1713 1363 1796 castigationum

322 1811 416 1903 [cap.
434 1831 465 1877 α.
484 1812 505 1874 s.
528 1807 576 1898 t.]
606 1815 735 1898 diaryge
757 1801 836 1898 legit
853 1816 896 1874 :in
923 1805 1107 1895 Pomponio
1142 1829 1260 1875 contra
1286 1833 1363 1895 prae·

320 1929 413 1998 cepta
437 1915 548 1976 Graeci
571 1913 724 1978 sermonis
747 1917 796 1977 et.
807 1915 898 1976 usura
923 1930 1102 1976 auctorum.
1161 1934 1360 1976 arnrraars.

322 2019 362 2080 V.
380 2017 418 2079 C.
442 2017 521 2100 legit
540 2015 673 2097 diorege.
723 2017 776 2076 Est
793 2011 888 2078 etiarn
911 2017 1002 2077 Dira
1022 2017 1135 2078 civitas
1158 2021 1194 2078 in
1224 2017 1363 2101 angustiis

324 2117 407 2178 stnus
425 2118 546 2178 Arabici
562 2115 712 2181 Straboni
733 2118 1047 2181 memoratnlib.16.
1070 2119 1228 2200 [pa529.
1241 2118 1261 2179 [.
1275 2121 1362 2198 769.]

324 2237 540 2281 ctacconrvs.
590 2219 756 2300 Dioryclte
781 2221 893 2303 legunt
917 2221 1044 2280 eruditi.
1096 2221 1163 2282 Sed
1194 2221 1362 2288 sciendum.

322 2319 490 2380 innumera
519 2318 666 2381 Graeciae
692 2319 846 2383 vocabola
869 2323 946 2382 illud
973 2322 1047 2402 pati,
1078 2334 1127 2392 ut,
1160 2342 1242 2382 cum
1266 2325 1363 2383 latina
1417 2367 1418 2378 a

322 2422 420 2490 finnt,
451 2441 480 2504 χ
502 2422 535 2480 in
555 2445 577 2501 g
597 2434 733 2482 mutent.
787 2424 867 2484 Vide
895 2422 1042 2504 scriptum
1066 2423 1362 2487 demutationibus

320 2524 483 2584 {terarum
500 2523 672 2602 praefixum
689 2524 904 2608 etymologico
921 2525 1067 2606 parentis.
1094 2544 1253 2588 vossrvs.
1292 2527 1361 2588 Dio·

320 2621 414 2707 tyelta
430 2624 500 2684 vult
516 2627 612 2684 etiarn
626 2624 773 2686 Barthiua
794 2628 825 2686 in
842 2623 1009 2687 adversam.
1034 2645 1044 2683 t
1052 2639 1085 2701 5,
1108 2625 1142 2689 6.
1185 2629 1224 2687 ln
1245 2629 1361 2690 Graecia

321 2726 453 2807 quidem
473 2743 575 2810 μετχ
598 2745 664 2788 non
680 2746 737 2808 per
758 2747 780 2809 γ
800 2725 997 2788 scribendum
1014 2725 1073 2787 elle
1092 2725 1209 2788 diserte
1234 2743 1364 2791 monent
1417 2729 1418 2740 ¹

320 2827 522 2906 Phrynichus
537 2849 568 2910 p.
582 2839 642 2907 98.
669 2843 701 2889 et
718 2829 859 2890 Thomas
871 2827 1017 2912 Magister
1033 2827 1064 2890 h.
1083 2849 1116 2890 v.
1140 2830 1253 2911 itaque
1273 2831 1365 2893 [olent

322 2921 668 3012 praeter'Herodotum
686 2929 784 2990 Attici
802 2931 994 3010 illorumque
1009 2931 1145 3000 aemuli,
1173 2933 1286 2993 veluti
1308 2937 1363 2994 De·

321 3029 519 3098 mudhena,
552 3029 774 3111 Thucydideo,
807 3030 1057 3118 Theophrastus,
1092 3032 1269 3103 Arrianus,
1305 3039 1365 3098 Ari·

321 3129 432 3200 stidea,
467 3130 629 3195 Libaniue.
682 3133 728 3192 lta
759 3133 947 3193 Plutarchus
976 3134 1009 3191 in
1047 3133 1186 3214 Agesilao
1214 3155 1288 3217 cap.
1311 3153 1363 3216 59.

320 3230 464 3292 Zosimus
484 3243 515 3308 5,
538 3243 593 3309 24„
647 3235 685 3294 ln
706 3233 783 3302 aliis,
811 3233 912 3295 veluti
928 3233 1092 3304 Strabone,
1120 3235 1282 3306 Diodoro,
1308 3241 1363 3300 Po

318 3331 425 3412 tybio‚
452 3331 601 3394 Pausania
622 3335 721 3418 vulgo
742 3355 798 3415 per
818 3357 841 3418 γ
863 3335 1007 3404 effertur,
1041 3356 1100 3396 nec
1120 3338 1212 3397 aliter
1232 3339 1362 3402 exbibet

321 3433 442 3502 Suidas,
467 3431 520 3494 etsr
544 3429 687 3521 διωρυχὴ
706 3435 842 3500 subiicit.
880 3437 940 3498 Sed
958 3438 1036 3497 etin
1055 3438 1115 3496 illia
1136 3439 1261 3498 variant
1280 3442 1361 3510 libri.
1417 3479 1418 3510 r

320 3537 412 3596 cuius
435 3536 577 3617 exempla
597 3535 829 3598 subministrant
848 3537 961 3600 Strabo
979 3557 1003 3598 c.
1029 3537 1049 3598 l.
1089 3539 1225 3600 Diodor.
1248 3561 1279 3611 t,
1303 3557 1359 3622 57.

321 3637 375 3698 vel
391 3637 446 3718 ipsa
462 3638 600 3701 editores
615 3659 725 3720 parum
746 3641 800 3699 libi
820 3639 971 3710 constant,
994 3651 1030 3698 ut
1044 3639 1360 3724 Schweiglraeuserus

321 3739 356 3798 in
376 3737 525 3818 Polybio.
577 3741 680 3822 Atque
704 3740 779 3802 hinc
795 3757 962 3821 utramque
985 3739 1165 3821 scripturam
1182 3743 1305 3805 indicat
1325 3749 1359 3808 in
1417 3827 1418 3830 Ἴ

319 3839 439 3900 Lexico
468 3840 522 3902 Gr.
549 3842 775 3906 Schneiderua.
829 3846 865 3904 ln
896 3841 1010 3902 tabulis
1037 3843 1233 3908 Heracleenl.
1254 3867 1359 3930 pere

319 3941 463 4022 adparet,
489 3943 577 4022 quod
595 3947 636 4004 ita
654 3945 784 4026 expedit
800 3943 985 4006 tttazochtus
1008 3963 1040 4024 p.
1060 3955 1141 4022 198.
1163 3957 1202 4004 ut
1223 3943 1356 4034 ἀρχαῖοι

320 4043 404 4123 apud
425 4041 645 4120 Phrynichutn
666 4048 702 4104 ad
720 4061 842 4108 veteres
860 4047 980 4107 Atticos
1001 4042 1161 4106 reseratur.
1214 4049 1276 4108 Sed
1301 4051 1355 4111 alia

319 4155 353 4205 ct
368 4141 458 4228 plura
475 4143 564 4206 dabit
582 4147 616 4207 in
639 4149 748 4230 primia
766 4145 978 4212 Hernsterhus.
1000 4149 1038 4209 ad
1054 4146 1216 4210 'rhomam
1235 4149 1352 4236 Magis.
