2894 4948
298 383 362 466 54⁶
601 390 845 451 ronrourr
882 390 1047 448 unsar

297 565 332 627 in
352 565 470 648 campis
487 563 603 628 versari
625 563 742 638 solent,
775 565 895 628 horum
915 569 948 628 in
972 567 1082 649 primis
1102 566 1182 628 dicti
1203 561 1347 626 southa·

296 667 433 750 bitique.
484 669 531 730 lta
547 669 596 730 vis
616 673 745 752 propria
765 671 853 730 vocis
874 661 972 761 causa
989 667 1144 739 servatur,
1172 688 1255 750 quae
1276 667 1346 728 sim·

295 770 420 852 pliciter
445 771 597 852 nudeque
628 791 696 832 nort
725 771 811 832 valet
835 789 902 840 res,
941 770 994 832 sed
1017 773 1165 832 adiuncta
1193 771 1345 839 notione,

296 893 377 954 quae
401 889 441 932 ex
466 869 600 932 solemni
623 872 692 934 eius
720 871 779 932 usu
801 867 970 934 arceffittrr.
1034 874 1097 934 Pro
1115 871 1218 964 fidem
1245 872 1343 950 cepit,

295 975 382 1056 quod
403 973 522 1034 habent
544 973 763 1045 Gronoviani,
798 995 837 1037 err
853 977 939 1036 erreis
956 975 1129 1058 Prehdiger.
1154 972 1241 1054 Lips.
1264 974 1346 1034 dant

286 1073 388 1170 fidem
402 1065 519 1165 facir,·
549 1075 641 1159 Prag.
661 1076 769 1138 llarn.
788 1073 890 1167 fidem
902 1068 1003 1166 fecit.
1054 1077 1225 1138 Editiones
1244 1077 1278 1139 6.
1307 1091 1341 1151 7.

296 1191 331 1256 8.
353 1197 408 1242 to.
432 1179 485 1240 16.
509 1189 563 1254 rg.
582 1191 641 1241 22.
661 1179 816 1240 Vadianae
830 1175 931 1270 fidem
947 1179 1061 1256 coepit.
1098 1179 1194 1258 Cepit
1208 1177 1342 1238 moveri

292 1299 361 1342 non
385 1278 499 1350 debet,
527 1280 617 1340 cuius
630 1279 725 1364 glossa
746 1280 789 1342 est
803 1271 907 1370 fecit.
950 1281 1020 1342 Vox
1042 1279 1176 1373 vestigio
1195 1299 1211 1340 a
1230 1279 1344 1342 Cibin.

293 1380 425 1445 exsulat.
464 1381 492 1442 tt
510 1379 616 1444 verbis
637 1381 726 1444 Hinc
745 1381 853 1463 opinio
872 1383 981 1465 capitia
998 1393 1058 1460 5⁰·
1080 1383 1213 1443 initium
1237 1380 1284 1444 est
1309 1381 1344 1443 iu

291 1484 344 1548 ecl.
373 1483 491 1546 Vineti.

368 1689 382 1748 i
389 1709 410 1749 n
436 1685 565 1769 diem)
616 1685 766 1751 Ciaccon.
793 1708 849 1768 per
876 1686 977 1762 diem5
1005 1689 1120 1751 Venet.
1145 1685 1338 1751 vindobon.

290 1790 465 1874 slehdiger.
488 1789 596 1852 omissa
622 1790 739 1852 lineola
764 1792 800 1850 irr
817 1789 878 1852 die.
930 1792 1017 1851 Turn
1047 1791 1199 1854 Ciaccon.
1232 1789 1341 1883 castra

289 1894 467 1954 redundare
484 1893 593 1954 minus
607 1891 690 1953 bene
710 1904 811 1972 putat.
850 1891 950 1953 Porro
967 1893 1139 1954 lectionem
1156 1893 1266 1974 magis
1283 1894 1341 1954 sru-

288 1995 393 2054 nranir
418 2007 585 2055 memorat.
637 1993 765 2054 Deinde
792 1991 873 2054 Vols.
897 2013 927 2055 1.
954 1993 1061 2056 (libin.
1088 2007 1121 2056 et
1145 1995 1201 2056 ed.
1228 1994 1339 2056 Viueti

286 2095 399 2179 legunt
434 2092 623 2185 sistendam&
660 2092 769 2156 Cibin.
800 2093 978 2158 arcessuntur
1000 2095 1113 2159 omisso
1139 2115 1212 2180 que.
1267 2096 1339 2158 Atta

284 2197 407 2258 'leviora
432 2194 517 2259 sunt.

452 2403 482 2479 §.
512 2413 547 2476 7.
598 2389 773 2490 rursus)
824 2399 920 2462 Deell
945 2401 980 2461 in
1005 2398 1114 2463 Cibin.
1156 2397 1338 2482 Sequentia

284 2501 383 2565 verba
405 2522 460 2562 nec
487 2503 551 2562 ium
580 2499 661 2562 dites
688 2523 726 2564 ex
750 2499 811 2563 suis
835 2501 959 2565 MSStis
982 2499 1123 2562 referunt
1147 2498 1281 2564 Voffius
1301 2516 1336 2563 et

283 2604 528 2672 A.Gron0vius,
543 2623 603 2663 nec
616 2601 705 2664 aliter
721 2605 753 2663 in
771 2605 850 2666 meis
866 2601 1166 2667 adsuerunt-idem
1184 2605 1275 2665 valet
1290 2605 1333 2667 de

284 2705 482 2768 editionibus
503 2704 633 2766 vetustis
651 2719 682 2766 et
700 2705 849 2786 deinceps
871 2703 1074 2786 sequentibus
1088 2705 1127 2765 ad
1142 2705 1333 2766 olivarium

283 2808 318 2868 irr
332 2808 384 2870 ed.
403 2817 461 2884 25.
487 2808 544 2887 qui
558 2806 670 2866 maluit
687 2806 759 2868 dare
777 2827 832 2866 nec
845 2818 913 2868 ram
930 2806 1024 2877 dites,
1052 2826 1127 2866 cum
1144 2809 1179 2867 in
1196 2809 1250 2870 etl.
1273 2815 1333 2890 24.

282 2927 377 2989 quam
392 2921 534 2989 repetere
549 2907 625 2968 alias
642 2906 733 2978 solet,
756 2909 880 2992 legatur
893 2929 949 2968 uec
966 2908 1030 2968 iam
1046 2907 1138 2969 dites.
1192 2910 1335 2971 Secutae

282 3007 355 3072 sunt
384 3011 551 3090 pleraeque
576 3008 795 3078 Olivarianae‚
821 3011 912 3089 (tram
938 3009 1058 3090 aliquae
1082 3011 1228 3070 retinent
1252 3010 1332 3080 iam,

280 3113 329 3172 uti
346 3109 464 3172 sactum
480 3130 496 3170 a
510 3110 673 3192 Stephano
691 3124 723 3172 et
741 3113 774 3170 in
794 3111 1019 3192 antiquitatum
1036 3130 1118 3172 varr.
1137 3111 1332 3173 auctoribus

280 3233 313 3295 p.
333 3213 437 3290 577.)
465 3223 498 3272 et
520 3231 559 3272 ert
580 3212 725 3273 Vadianis
745 3222 803 3289 gu.
826 3225 883 3290 32.
909 3223 968 3290 34.
988 3226 1046 3290 37.
1066 3231 1141 3272 curn
1167 3211 1332 3286 Schotto;

280 3316 315 3374 in
331 3315 399 3375 aliis
415 3311 457 3374 est
472 3333 528 3373 nec
547 3313 625 3374 ianr.
653 3331 853 3374 rzscrtvctta.
894 3313 1005 3382 Forte,
1029 3334 1085 3373 nec
1104 3325 1215 3374 tannen
1231 3312 1329 3378 dues.

280 3433 492 3476 crsccourvs.
546 3413 736 3476 Perizonius
758 3414 893 3498 margini
916 3427 1065 3495 paternae
1091 3414 1251 3476 editionis
1277 3415 1332 3476 acl·

279 3513 453 3600 scripserat:
488 3515 562 3596 „Ex
578 3510 722 3576 Volsrana
739 3516 883 3578 editione
899 3517 1017 3576 vitium
1040 3517 1329 3599 typographicum.

277 3621 326 3682 at.
343 3616 449 3680 tam.“
474 3631 508 3678 et
526 3617 557 3676 in
577 3613 720 3677 Volitana
747 3619 797 3680 ed.
819 3618 906 3678 idern
924 3618 1061 3678 correxit
1076 3630 1143 3676 tam
1165 3636 1227 3699 pro
1248 3619 1327 3689 iarn,

277 3937 315 3985 ut
333 3923 367 3983 in
383 3918 599 4004 progrellrorre
614 3921 652 3980 ad
670 3921 939 4003 comparationem
955 3921 1218 4003 praecedentium
1235 3922 1324 3985 loco·

275 4043 361 4095 lum·
383 4023 567 4092 hminum,
589 4041 706 4092 rerum,
733 4021 908 4104 dequibus
927 4023 1062 4084 omnino
1080 4019 1182 4082 sermo
1199 4023 1324 4085 institu-
1426 4093 1427 4126 ,

275 4141 331 4192 tus
346 4139 422 4199 erat,
446 4121 608 4197 reseratur,
630 4121 733 4186 veluti
756 4141 787 4196 α,
806 4135 840 4206 4,
860 4139 895 4201 7.
939 4121 991 4186 cf.
1009 4124 1049 4185 ad
1070 4123 1274 4207 Eutropium
1291 4143 1322 4199 2,
1426 4133 1427 4148 ¹

277 3721 442 3804 quomodo
463 3719 635 3780 ediderunt
649 3719 805 3788 Sanctius,
831 3719 1014 3801 Stephanus
1031 3731 1065 3779 et
1083 3718 1252 3789 schottus,
1279 3740 1328 3782 re·
1426 3721 1427 3794 J

277 3820 456 3885 nitentibus
473 3820 566 3881 tttss.
595 3839 627 3882 s.
645 3837 853 3882 cuouovtrs.
894 3819 968 3880 Iam
984 3815 1094 3901 passtm
1110 3821 1153 3879 ita
1169 3823 1324 3892 occurrit,
