<?xml version="1.0" encoding="UTF-8"?>
<!DOCTYPE html PUBLIC "-//W3C//DTD XHTML 1.0 Transitional//EN"
    "http://www.w3.org/TR/xhtml1/DTD/xhtml1-transitional.dtd">
<html xmlns="http://www.w3.org/1999/xhtml" xml:lang="en" lang="en">
 <head>
  <title>
</title>
<meta http-equiv="Content-Type" content="text/html;charset=utf-8" />
  <meta name='ocr-system' content='tesseract 3.04.00' />
  <meta name='ocr-capabilities' content='ocr_page ocr_carea ocr_par ocr_line ocrx_word'/>
</head>
<body>
  <div class='ocr_page' id='page_1' title='image "./pomponiimelaede05melagoog_0968.png"; bbox 0 0 2880 4940; ppageno 0'>
   <div class='ocr_carea' id='block_1_1' title="bbox 308 373 1052 456">
    <p class='ocr_par' dir='ltr' id='par_1_1' title="bbox 308 373 1052 456">
     <span class='ocr_line' id='line_1_1' title="bbox 308 373 1052 456; baseline 0.004 -24"><span class='ocrx_word' id='word_1_1' title='bbox 308 387 371 456; x_wconf 70' lang='lat'>³4⁰</span> <span class='ocrx_word' id='word_1_2' title='bbox 606 375 845 435; x_wconf 83' lang='grc'><strong>1011101111</strong></span> <span class='ocrx_word' id='word_1_3' title='bbox 887 373 1052 434; x_wconf 74' lang='lat' dir='ltr'>uecta</span> 
     </span>
    </p>
   </div>
   <div class='ocr_carea' id='block_1_2' title="bbox 306 549 1429 2362">
    <p class='ocr_par' dir='ltr' id='par_1_2' title="bbox 306 549 1429 2362">
     <span class='ocr_line' id='line_1_2' title="bbox 313 549 1354 638; baseline -0.003 -21"><span class='ocrx_word' id='word_1_4' title='bbox 313 555 401 616; x_wconf 78' lang='lat' dir='ltr'>doto</span> <span class='ocrx_word' id='word_1_5' title='bbox 414 563 450 616; x_wconf 90' lang='lat' dir='ltr'>et</span> <span class='ocrx_word' id='word_1_6' title='bbox 468 569 543 638; x_wconf 75' lang='lat' dir='ltr'>rege</span> <span class='ocrx_word' id='word_1_7' title='bbox 560 549 691 612; x_wconf 90' lang='lat' dir='ltr'>tradunt</span> <span class='ocrx_word' id='word_1_8' title='bbox 709 551 797 615; x_wconf 85' lang='lat' dir='ltr'>baec.</span> <span class='ocrx_word' id='word_1_9' title='bbox 828 571 1018 615; x_wconf 77' lang='lat' dir='ltr'>cannatae.</span> <span class='ocrx_word' id='word_1_10' title='bbox 1056 551 1143 615; x_wconf 89' lang='lat' dir='ltr'>Cum</span> <span class='ocrx_word' id='word_1_11' title='bbox 1159 549 1199 610; x_wconf 89' lang='lat' dir='ltr'>hi</span> <span class='ocrx_word' id='word_1_12' title='bbox 1215 563 1354 614; x_wconf 76' lang='lat' dir='ltr'>auctores</span> 
     </span>
     <span class='ocr_line' id='line_1_3' title="bbox 314 651 1353 738; baseline -0.006 -20"><span class='ocrx_word' id='word_1_13' title='bbox 314 655 449 718; x_wconf 87' lang='lat' dir='ltr'>lcribant</span> <span class='ocrx_word' id='word_1_14' title='bbox 468 675 525 738; x_wconf 88' lang='lat' dir='ltr'>per</span> <span class='ocrx_word' id='word_1_15' title='bbox 539 675 577 724; x_wconf 83' lang='lat' dir='ltr'>u.</span> <span class='ocrx_word' id='word_1_16' title='bbox 602 651 659 714; x_wconf 81' lang='lat' dir='ltr'>etfi</span> <span class='ocrx_word' id='word_1_17' title='bbox 681 656 778 716; x_wconf 88' lang='lat' dir='ltr'>etiam</span> <span class='ocrx_word' id='word_1_18' title='bbox 799 675 856 736; x_wconf 85' lang='lat' dir='ltr'>per</span> <span class='ocrx_word' id='word_1_19' title='bbox 874 677 896 737; x_wconf 75' lang='lat' dir='ltr'>y</span> <span class='ocrx_word' id='word_1_20' title='bbox 917 655 990 716; x_wconf 84' lang='lat' dir='ltr'>libri</span> <span class='ocrx_word' id='word_1_21' title='bbox 1010 656 1140 736; x_wconf 86' lang='lat' dir='ltr'>quidam</span> <span class='ocrx_word' id='word_1_22' title='bbox 1158 652 1353 722; x_wconf 80' lang='lat' dir='ltr'>Pliniani6,</span> 
     </span>
     <span class='ocr_line' id='line_1_4' title="bbox 317 752 1355 840; baseline -0.003 -22"><span class='ocrx_word' id='word_1_23' title='bbox 317 755 414 840; x_wconf 58' lang='lat'>351.</span> <span class='ocrx_word' id='word_1_24' title='bbox 433 771 492 835; x_wconf 82' lang='lat'>30.</span> <span class='ocrx_word' id='word_1_25' title='bbox 526 755 613 836; x_wconf 91' lang='lat' dir='ltr'>quod</span> <span class='ocrx_word' id='word_1_26' title='bbox 635 755 751 817; x_wconf 84' lang='lat' dir='ltr'>eodem</span> <span class='ocrx_word' id='word_1_27' title='bbox 776 757 876 826; x_wconf 87' lang='lat' dir='ltr'>redit,</span> <span class='ocrx_word' id='word_1_28' title='bbox 901 758 1019 817; x_wconf 88' lang='lat' dir='ltr'>retinui</span> <span class='ocrx_word' id='word_1_29' title='bbox 1043 757 1131 816; x_wconf 88' lang='lat' dir='ltr'>illam</span> <span class='ocrx_word' id='word_1_30' title='bbox 1157 752 1355 836; x_wconf 80' lang='lat' dir='ltr'>scripturam.</span> 
     </span>
     <span class='ocr_line' id='line_1_5' title="bbox 313 857 1358 944; baseline -0.004 -24"><span class='ocrx_word' id='word_1_31' title='bbox 313 879 407 944; x_wconf 87' lang='lat' dir='ltr'>quam</span> <span class='ocrx_word' id='word_1_32' title='bbox 429 859 524 918; x_wconf 90' lang='lat' dir='ltr'>unice</span> <span class='ocrx_word' id='word_1_33' title='bbox 546 857 626 918; x_wconf 88' lang='lat' dir='ltr'>adeo</span> <span class='ocrx_word' id='word_1_34' title='bbox 650 875 760 918; x_wconf 77' lang='lat' dir='ltr'>veram</span> <span class='ocrx_word' id='word_1_35' title='bbox 787 871 821 919; x_wconf 88' lang='lat' dir='ltr'>et</span> <span class='ocrx_word' id='word_1_36' title='bbox 841 858 894 918; x_wconf 89' lang='lat' dir='ltr'>hic</span> <span class='ocrx_word' id='word_1_37' title='bbox 915 875 949 920; x_wconf 92' lang='lat' dir='ltr'>et</span> <span class='ocrx_word' id='word_1_38' title='bbox 974 860 1008 918; x_wconf 93' lang='lat' dir='ltr'>in</span> <span class='ocrx_word' id='word_1_39' title='bbox 1031 857 1140 920; x_wconf 84' lang='lat' dir='ltr'><strong>Plinio</strong></span> <span class='ocrx_word' id='word_1_40' title='bbox 1167 859 1358 938; x_wconf 76' lang='lat' dir='ltr'><strong>pronuntiat</strong></span> 
     </span>
     <span class='ocr_line' id='line_1_6' title="bbox 312 945 1429 1042; baseline -0.006 -17"><span class='ocrx_word' id='word_1_41' title='bbox 312 960 477 1026; x_wconf 83' lang='lat' dir='ltr'>Salmalioa</span> <span class='ocrx_word' id='word_1_42' title='bbox 491 959 530 1020; x_wconf 89' lang='lat' dir='ltr'>ad</span> <span class='ocrx_word' id='word_1_43' title='bbox 547 957 649 1020; x_wconf 88' lang='lat' dir='ltr'>Solio.</span> <span class='ocrx_word' id='word_1_44' title='bbox 667 978 701 1040; x_wconf 87' lang='lat' dir='ltr'>p.</span> <span class='ocrx_word' id='word_1_45' title='bbox 721 979 766 1022; x_wconf 85' lang='lat' dir='ltr'>m.</span> <span class='ocrx_word' id='word_1_46' title='bbox 783 970 868 1036; x_wconf 78' lang='lat'>877.</span> <span class='ocrx_word' id='word_1_47' title='bbox 891 975 924 1020; x_wconf 87' lang='lat' dir='ltr'>et</span> <span class='ocrx_word' id='word_1_48' title='bbox 945 959 1060 1042; x_wconf 84' lang='lat' dir='ltr'>probat</span> <span class='ocrx_word' id='word_1_49' title='bbox 1080 955 1206 1019; x_wconf 81' lang='lat' dir='ltr'>Ludolf</span> <span class='ocrx_word' id='word_1_50' title='bbox 1226 959 1262 1018; x_wconf 90' lang='lat' dir='ltr'>in</span> <span class='ocrx_word' id='word_1_51' title='bbox 1288 957 1355 1020; x_wconf 83' lang='lat' dir='ltr'>hill.</span> <span class='ocrx_word' id='word_1_52' title='bbox 1428 945 1429 958; x_wconf 45' lang='lat'>¹</span> 
     </span>
     <span class='ocr_line' id='line_1_7' title="bbox 313 1059 1355 1144; baseline -0.007 -19"><span class='ocrx_word' id='word_1_53' title='bbox 313 1063 465 1144; x_wconf 79' lang='lat' dir='ltr'>dethiop.</span> <span class='ocrx_word' id='word_1_54' title='bbox 485 1075 517 1130; x_wconf 75' lang='grc' dir='ltr'>Ω,</span> <span class='ocrx_word' id='word_1_55' title='bbox 538 1079 569 1124; x_wconf 97' lang='grc'>1.</span> <span class='ocrx_word' id='word_1_56' title='bbox 586 1061 631 1122; x_wconf 89' lang='lat' dir='ltr'>in.</span> <span class='ocrx_word' id='word_1_57' title='bbox 670 1059 737 1143; x_wconf 87' lang='lat' dir='ltr'>lpla</span> <span class='ocrx_word' id='word_1_58' title='bbox 754 1081 832 1122; x_wconf 82' lang='lat' dir='ltr'>vero</span> <span class='ocrx_word' id='word_1_59' title='bbox 851 1063 1033 1122; x_wconf 75' lang='lat' dir='ltr'>emendatio</span> <span class='ocrx_word' id='word_1_60' title='bbox 1051 1081 1092 1122; x_wconf 86' lang='lat' dir='ltr'>ert</span> <span class='ocrx_word' id='word_1_61' title='bbox 1110 1061 1222 1120; x_wconf 85' lang='lat' dir='ltr'><strong>Plinio</strong></span> <span class='ocrx_word' id='word_1_62' title='bbox 1243 1059 1355 1120; x_wconf 85' lang='lat' dir='ltr'>stabili·</span> 
     </span>
     <span class='ocr_line' id='line_1_8' title="bbox 313 1162 1354 1244; baseline -0.005 -18"><span class='ocrx_word' id='word_1_63' title='bbox 313 1179 378 1226; x_wconf 90' lang='lat' dir='ltr'>tur.</span> <span class='ocrx_word' id='word_1_64' title='bbox 426 1163 521 1226; x_wconf 80' lang='lat' dir='ltr'>Forte</span> <span class='ocrx_word' id='word_1_65' title='bbox 549 1163 637 1224; x_wconf 86' lang='lat' dir='ltr'>idem</span> <span class='ocrx_word' id='word_1_66' title='bbox 668 1183 788 1224; x_wconf 88' lang='lat' dir='ltr'>nomen</span> <span class='ocrx_word' id='word_1_67' title='bbox 821 1177 1006 1244; x_wconf 86' lang='lat' dir='ltr'>corruptum</span> <span class='ocrx_word' id='word_1_68' title='bbox 1031 1163 1108 1224; x_wconf 90' lang='lat' dir='ltr'>latet</span> <span class='ocrx_word' id='word_1_69' title='bbox 1134 1165 1168 1222; x_wconf 92' lang='lat' dir='ltr'>in</span> <span class='ocrx_word' id='word_1_70' title='bbox 1193 1162 1354 1224; x_wconf 80' lang='lat' dir='ltr'>Cicerone</span> 
     </span>
     <span class='ocr_line' id='line_1_9' title="bbox 312 1263 1356 1350; baseline -0.006 -20"><span class='ocrx_word' id='word_1_71' title='bbox 312 1265 401 1350; x_wconf 84' lang='lat' dir='ltr'>epill.</span> <span class='ocrx_word' id='word_1_72' title='bbox 422 1265 461 1327; x_wconf 87' lang='lat' dir='ltr'>atl</span> <span class='ocrx_word' id='word_1_73' title='bbox 484 1265 550 1326; x_wconf 80' lang='lat' dir='ltr'>dir.</span> <span class='ocrx_word' id='word_1_74' title='bbox 571 1279 603 1334; x_wconf 73' lang='grc' dir='ltr'>Ω,</span> <span class='ocrx_word' id='word_1_75' title='bbox 625 1280 681 1328; x_wconf 77' lang='grc'><strong>19..</strong></span> <span class='ocrx_word' id='word_1_76' title='bbox 716 1265 865 1326; x_wconf 81' lang='lat' dir='ltr'>Proxima</span> <span class='ocrx_word' id='word_1_77' title='bbox 887 1263 983 1324; x_wconf 85' lang='lat' dir='ltr'>verba</span> <span class='ocrx_word' id='word_1_78' title='bbox 1003 1265 1208 1324; x_wconf 73' lang='lat' dir='ltr'><strong>Burmannus</strong></span> <span class='ocrx_word' id='word_1_79' title='bbox 1224 1263 1265 1322; x_wconf 86' lang='lat' dir='ltr'>ad</span> <span class='ocrx_word' id='word_1_80' title='bbox 1280 1265 1356 1325; x_wconf 88' lang='lat' dir='ltr'>Sue·</span> 
     </span>
     <span class='ocr_line' id='line_1_10' title="bbox 314 1355 1354 1452; baseline -0.005 -22"><span class='ocrx_word' id='word_1_81' title='bbox 314 1369 398 1430; x_wconf 87' lang='lat' dir='ltr'>tottii</span> <span class='ocrx_word' id='word_1_82' title='bbox 417 1367 519 1450; x_wconf 84' lang='lat' dir='ltr'>Calig.</span> <span class='ocrx_word' id='word_1_83' title='bbox 540 1385 567 1428; x_wconf 83' lang='lat' dir='ltr'>c.</span> <span class='ocrx_word' id='word_1_84' title='bbox 583 1375 644 1444; x_wconf 73' lang='lat'>48.</span> <span class='ocrx_word' id='word_1_85' title='bbox 668 1364 707 1426; x_wconf 81' lang='lat' dir='ltr'>fic</span> <span class='ocrx_word' id='word_1_86' title='bbox 727 1365 908 1427; x_wconf 73' lang='lat' dir='ltr'>constituite</span> <span class='ocrx_word' id='word_1_87' title='bbox 934 1365 1132 1428; x_wconf 75' lang='lat' dir='ltr'>Alexandria</span> <span class='ocrx_word' id='word_1_88' title='bbox 1150 1355 1354 1452; x_wconf 76' lang='lat' dir='ltr'>profugeret.</span> 
     </span>
     <span class='ocr_line' id='line_1_11' title="bbox 312 1465 1354 1550; baseline -0.009 -16"><span class='ocrx_word' id='word_1_89' title='bbox 312 1471 355 1534; x_wconf 80' lang='lat' dir='ltr'>dt</span> <span class='ocrx_word' id='word_1_90' title='bbox 376 1469 462 1530; x_wconf 87' lang='lat' dir='ltr'>nulla</span> <span class='ocrx_word' id='word_1_91' title='bbox 482 1487 562 1550; x_wconf 83' lang='lat' dir='ltr'>opua</span> <span class='ocrx_word' id='word_1_92' title='bbox 582 1466 626 1528; x_wconf 79' lang='lat' dir='ltr'>est</span> <span class='ocrx_word' id='word_1_93' title='bbox 647 1468 837 1532; x_wconf 88' lang='lat' dir='ltr'>mutatione.</span> <span class='ocrx_word' id='word_1_94' title='bbox 887 1469 935 1529; x_wconf 92' lang='lat' dir='ltr'>lta</span> <span class='ocrx_word' id='word_1_95' title='bbox 954 1481 988 1529; x_wconf 85' lang='lat' dir='ltr'>et</span> <span class='ocrx_word' id='word_1_96' title='bbox 1007 1467 1132 1530; x_wconf 75' lang='lat' dir='ltr'>Pttntu</span> <span class='ocrx_word' id='word_1_97' title='bbox 1146 1465 1215 1528; x_wconf 85' lang='lat' dir='ltr'>cl.</span> <span class='ocrx_word' id='word_1_98' title='bbox 1238 1465 1354 1548; x_wconf 73' lang='lat' dir='ltr'>simpli</span> 
     </span>
     <span class='ocr_line' id='line_1_12' title="bbox 312 1560 1353 1659; baseline -0.003 -26"><span class='ocrx_word' id='word_1_99' title='bbox 312 1576 391 1634; x_wconf 86' lang='lat' dir='ltr'>citer</span> <span class='ocrx_word' id='word_1_100' title='bbox 407 1591 475 1630; x_wconf 82' lang='lat' dir='ltr'>cnm</span> <span class='ocrx_word' id='word_1_101' title='bbox 492 1569 673 1630; x_wconf 66' lang='lat' dir='ltr'>taenarum</span> <span class='ocrx_word' id='word_1_102' title='bbox 688 1589 787 1650; x_wconf 73' lang='lat' dir='ltr'>regem</span> <span class='ocrx_word' id='word_1_103' title='bbox 801 1560 946 1659; x_wconf 62' lang='lat' dir='ltr'>fingeret.</span> <span class='ocrx_word' id='word_1_104' title='bbox 979 1569 1187 1631; x_wconf 79' lang='lat' dir='ltr'>Alexandriae</span> <span class='ocrx_word' id='word_1_105' title='bbox 1205 1587 1263 1628; x_wconf 84' lang='lat' dir='ltr'>rex</span> <span class='ocrx_word' id='word_1_106' title='bbox 1285 1569 1308 1630; x_wconf 88' lang='lat' dir='ltr'>i.</span> <span class='ocrx_word' id='word_1_107' title='bbox 1324 1588 1353 1630; x_wconf 87' lang='lat' dir='ltr'>e.</span> 
     </span>
     <span class='ocr_line' id='line_1_13' title="bbox 312 1669 1352 1758; baseline -0.008 -22"><span class='ocrx_word' id='word_1_108' title='bbox 312 1673 469 1758; x_wconf 75' lang='lat' dir='ltr'>Aegypti,</span> <span class='ocrx_word' id='word_1_109' title='bbox 500 1685 538 1732; x_wconf 88' lang='lat' dir='ltr'>ut</span> <span class='ocrx_word' id='word_1_110' title='bbox 566 1669 706 1730; x_wconf 81' lang='lat' dir='ltr'>reductio</span> <span class='ocrx_word' id='word_1_111' title='bbox 730 1672 813 1750; x_wconf 77' lang='lat' dir='ltr'>regis</span> <span class='ocrx_word' id='word_1_112' title='bbox 839 1670 1051 1732; x_wconf 78' lang='lat' dir='ltr'>Alexandrini</span> <span class='ocrx_word' id='word_1_113' title='bbox 1073 1671 1159 1754; x_wconf 90' lang='lat' dir='ltr'>apud</span> <span class='ocrx_word' id='word_1_114' title='bbox 1185 1669 1293 1730; x_wconf 83' lang='lat' dir='ltr'>Cicer.</span> <span class='ocrx_word' id='word_1_115' title='bbox 1313 1669 1352 1728; x_wconf 85' lang='lat' dir='ltr'>atl</span> 
     </span>
     <span class='ocr_line' id='line_1_14' title="bbox 311 1767 1352 1856; baseline -0.008 -19"><span class='ocrx_word' id='word_1_116' title='bbox 311 1773 428 1838; x_wconf 79' lang='lat' dir='ltr'>divers.</span> <span class='ocrx_word' id='word_1_117' title='bbox 452 1794 479 1844; x_wconf 91' lang='lat' dir='ltr'>t,</span> <span class='ocrx_word' id='word_1_118' title='bbox 503 1787 537 1848; x_wconf 84' lang='lat'>7.</span> <span class='ocrx_word' id='word_1_119' title='bbox 575 1767 627 1834; x_wconf 85' lang='lat' dir='ltr'>Ci.</span> <span class='ocrx_word' id='word_1_120' title='bbox 650 1773 690 1832; x_wconf 92' lang='lat' dir='ltr'>ad</span> <span class='ocrx_word' id='word_1_121' title='bbox 709 1773 897 1854; x_wconf 75' lang='lat' dir='ltr'>Ampelium</span> <span class='ocrx_word' id='word_1_122' title='bbox 913 1792 979 1856; x_wconf 85' lang='lat' dir='ltr'>cap.</span> <span class='ocrx_word' id='word_1_123' title='bbox 998 1785 1058 1851; x_wconf 78' lang='lat'>35.</span> <span class='ocrx_word' id='word_1_124' title='bbox 1097 1773 1267 1834; x_wconf 86' lang='lat' dir='ltr'>Praeterea</span> <span class='ocrx_word' id='word_1_125' title='bbox 1292 1772 1352 1830; x_wconf 87' lang='lat' dir='ltr'>Lu-</span> 
     </span>
     <span class='ocr_line' id='line_1_15' title="bbox 311 1864 1350 1964; baseline -0.006 -26"><span class='ocrx_word' id='word_1_126' title='bbox 311 1875 384 1940; x_wconf 86' lang='lat' dir='ltr'>doli</span> <span class='ocrx_word' id='word_1_127' title='bbox 397 1897 425 1938; x_wconf 90' lang='lat' dir='ltr'>c.</span> <span class='ocrx_word' id='word_1_128' title='bbox 442 1875 463 1936; x_wconf 91' lang='lat' dir='ltr'>l.</span> <span class='ocrx_word' id='word_1_129' title='bbox 488 1871 624 1934; x_wconf 85' lang='lat' dir='ltr'>malebat</span> <span class='ocrx_word' id='word_1_130' title='bbox 637 1864 780 1964; x_wconf 72' lang='lat' dir='ltr'>fugerit,</span> <span class='ocrx_word' id='word_1_131' title='bbox 807 1871 947 1938; x_wconf 82' lang='lat' dir='ltr'>offenlu&#39;a</span> <span class='ocrx_word' id='word_1_132' title='bbox 964 1872 1048 1938; x_wconf 78' lang='lat' dir='ltr'>forte</span> <span class='ocrx_word' id='word_1_133' title='bbox 1064 1874 1229 1942; x_wconf 62' lang='lat' dir='ltr'>structura,</span> <span class='ocrx_word' id='word_1_134' title='bbox 1254 1891 1350 1954; x_wconf 87' lang='lat' dir='ltr'>quant</span> 
     </span>
     <span class='ocr_line' id='line_1_16' title="bbox 309 1973 1351 2055; baseline -0.005 -16"><span class='ocrx_word' id='word_1_135' title='bbox 309 1992 418 2040; x_wconf 87' lang='lat' dir='ltr'>tamen</span> <span class='ocrx_word' id='word_1_136' title='bbox 442 1975 618 2036; x_wconf 80' lang='lat' dir='ltr'>vindicavit</span> <span class='ocrx_word' id='word_1_137' title='bbox 638 1974 792 2038; x_wconf 70' lang='lat' dir='ltr'>Graecina</span> <span class='ocrx_word' id='word_1_138' title='bbox 811 1977 851 2038; x_wconf 92' lang='lat' dir='ltr'>ad</span> <span class='ocrx_word' id='word_1_139' title='bbox 874 1976 1022 2038; x_wconf 90' lang='lat' dir='ltr'>Ciceron.</span> <span class='ocrx_word' id='word_1_140' title='bbox 1044 1976 1085 2038; x_wconf 78' lang='lat' dir='ltr'>ati</span> <span class='ocrx_word' id='word_1_141' title='bbox 1106 1977 1208 2038; x_wconf 78' lang='lat' dir='ltr'>Attio.</span> <span class='ocrx_word' id='word_1_142' title='bbox 1231 1975 1266 2034; x_wconf 89' lang='lat' dir='ltr'>in</span> <span class='ocrx_word' id='word_1_143' title='bbox 1286 1973 1351 2055; x_wconf 86' lang='lat' dir='ltr'>epi·</span> 
     </span>
     <span class='ocr_line' id='line_1_17' title="bbox 309 2067 1351 2166; baseline -0.009 -24"><span class='ocrx_word' id='word_1_144' title='bbox 309 2079 385 2142; x_wconf 88' lang='lat' dir='ltr'>liola</span> <span class='ocrx_word' id='word_1_145' title='bbox 401 2078 535 2140; x_wconf 78' lang='lat' dir='ltr'>Antonii</span> <span class='ocrx_word' id='word_1_146' title='bbox 556 2095 609 2144; x_wconf 84' lang='lat' dir='ltr'>to.</span> <span class='ocrx_word' id='word_1_147' title='bbox 635 2087 669 2153; x_wconf 82' lang='grc'>8.</span> <span class='ocrx_word' id='word_1_148' title='bbox 715 2077 759 2138; x_wconf 89' lang='lat' dir='ltr'>Et</span> <span class='ocrx_word' id='word_1_149' title='bbox 776 2077 816 2140; x_wconf 90' lang='lat' dir='ltr'>lic</span> <span class='ocrx_word' id='word_1_150' title='bbox 835 2075 964 2141; x_wconf 73' lang='lat' dir='ltr'>Curtius</span> <span class='ocrx_word' id='word_1_151' title='bbox 983 2097 1038 2146; x_wconf 87' lang='lat' dir='ltr'>to.</span> <span class='ocrx_word' id='word_1_152' title='bbox 1057 2093 1090 2148; x_wconf 86' lang='lat' dir='ltr'>tt,</span> <span class='ocrx_word' id='word_1_153' title='bbox 1111 2093 1171 2142; x_wconf 86' lang='lat'>20.</span> <span class='ocrx_word' id='word_1_154' title='bbox 1196 2076 1251 2136; x_wconf 71' lang='lat' dir='ltr'>tte</span> <span class='ocrx_word' id='word_1_155' title='bbox 1263 2067 1351 2166; x_wconf 74' lang='lat' dir='ltr'>[et-ni</span> 
     </span>
     <span class='ocr_line' id='line_1_18' title="bbox 306 2171 1349 2269; baseline -0.002 -29"><span class='ocrx_word' id='word_1_156' title='bbox 306 2179 442 2264; x_wconf 79' lang='lat' dir='ltr'>quidem,</span> <span class='ocrx_word' id='word_1_157' title='bbox 467 2179 581 2258; x_wconf 80' lang='lat' dir='ltr'>inquit,</span> <span class='ocrx_word' id='word_1_158' title='bbox 609 2198 673 2238; x_wconf 85' lang='lat' dir='ltr'>uno</span> <span class='ocrx_word' id='word_1_159' title='bbox 691 2199 784 2259; x_wconf 78' lang='lat' dir='ltr'>grege</span> <span class='ocrx_word' id='word_1_160' title='bbox 804 2171 996 2269; x_wconf 78' lang='lat' dir='ltr'>profugiunt</span> <span class='ocrx_word' id='word_1_161' title='bbox 1016 2177 1176 2241; x_wconf 67' lang='lat' dir='ltr'>domnos.</span> <span class='ocrx_word' id='word_1_162' title='bbox 1220 2177 1296 2240; x_wconf 82' lang='lat' dir='ltr'>Pott</span> <span class='ocrx_word' id='word_1_163' title='bbox 1314 2178 1349 2238; x_wconf 87' lang='lat' dir='ltr'>in</span> 
     </span>
     <span class='ocr_line' id='line_1_19' title="bbox 308 2279 1116 2362; baseline 0 -18"><span class='ocrx_word' id='word_1_164' title='bbox 308 2279 448 2344; x_wconf 88' lang='lat' dir='ltr'>Vindob.</span> <span class='ocrx_word' id='word_1_165' title='bbox 470 2279 658 2342; x_wconf 83' lang='lat' dir='ltr'>exciderunt</span> <span class='ocrx_word' id='word_1_166' title='bbox 681 2280 795 2342; x_wconf 83' lang='lat' dir='ltr'>verba:</span> <span class='ocrx_word' id='word_1_167' title='bbox 820 2303 878 2362; x_wconf 83' lang='lat' dir='ltr'>per</span> <span class='ocrx_word' id='word_1_168' title='bbox 895 2281 956 2342; x_wconf 81' lang='lat' dir='ltr'>lanc</span> <span class='ocrx_word' id='word_1_169' title='bbox 974 2280 1116 2362; x_wconf 79' lang='lat' dir='ltr'>pelagus.</span> 
     </span>
    </p>
   </div>
   <div class='ocr_carea' id='block_1_3' title="bbox 304 2481 1429 3074">
    <p class='ocr_par' dir='ltr' id='par_1_3' title="bbox 304 2481 1429 3074">
     <span class='ocr_line' id='line_1_20' title="bbox 381 2481 1348 2569; baseline 0.002 -25"><span class='ocrx_word' id='word_1_170' title='bbox 381 2481 631 2566; x_wconf 83' lang='lat' dir='ltr'>pervectus)</span> <span class='ocrx_word' id='word_1_171' title='bbox 669 2482 778 2546; x_wconf 90' lang='lat' dir='ltr'>Cibin.</span> <span class='ocrx_word' id='word_1_172' title='bbox 794 2497 955 2566; x_wconf 71' lang='lat' dir='ltr'>prouectas,</span> <span class='ocrx_word' id='word_1_173' title='bbox 977 2499 1016 2544; x_wconf 89' lang='lat' dir='ltr'>ut</span> <span class='ocrx_word' id='word_1_174' title='bbox 1031 2483 1125 2569; x_wconf 85' lang='lat' dir='ltr'>Prag.</span> <span class='ocrx_word' id='word_1_175' title='bbox 1143 2498 1180 2547; x_wconf 88' lang='lat' dir='ltr'>et</span> <span class='ocrx_word' id='word_1_176' title='bbox 1194 2485 1232 2556; x_wconf 81' lang='lat' dir='ltr'>is,</span> <span class='ocrx_word' id='word_1_177' title='bbox 1251 2503 1348 2566; x_wconf 86' lang='lat' dir='ltr'>quem</span> 
     </span>
     <span class='ocr_line' id='line_1_21' title="bbox 306 2583 1350 2670; baseline 0.001 -21"><span class='ocrx_word' id='word_1_178' title='bbox 306 2585 482 2670; x_wconf 74' lang='lat' dir='ltr'>inspexerat</span> <span class='ocrx_word' id='word_1_179' title='bbox 507 2585 771 2668; x_wconf 84' lang='lat' dir='ltr'>Oudendorpiua.</span> <span class='ocrx_word' id='word_1_180' title='bbox 807 2584 889 2669; x_wconf 86' lang='lat' dir='ltr'>(vid.</span> <span class='ocrx_word' id='word_1_181' title='bbox 904 2589 944 2647; x_wconf 91' lang='lat' dir='ltr'>ad</span> <span class='ocrx_word' id='word_1_182' title='bbox 963 2583 1051 2650; x_wconf 84' lang='lat' dir='ltr'>Cael.</span> <span class='ocrx_word' id='word_1_183' title='bbox 1072 2587 1113 2646; x_wconf 90' lang='lat' dir='ltr'>de</span> <span class='ocrx_word' id='word_1_184' title='bbox 1134 2587 1175 2648; x_wconf 89' lang='lat' dir='ltr'>B.</span> <span class='ocrx_word' id='word_1_185' title='bbox 1191 2587 1233 2650; x_wconf 89' lang='lat' dir='ltr'>C.</span> <span class='ocrx_word' id='word_1_186' title='bbox 1252 2603 1285 2656; x_wconf 69' lang='lat' dir='ltr'>a.</span> <span class='ocrx_word' id='word_1_187' title='bbox 1303 2583 1350 2666; x_wconf 80' lang='lat'>5.)</span> 
     </span>
     <span class='ocr_line' id='line_1_22' title="bbox 306 2687 1350 2770; baseline 0.001 -20"><span class='ocrx_word' id='word_1_188' title='bbox 306 2691 477 2768; x_wconf 84' lang='lat' dir='ltr'>Vtriuaque</span> <span class='ocrx_word' id='word_1_189' title='bbox 500 2687 670 2770; x_wconf 75' lang='lat' dir='ltr'>particulae</span> <span class='ocrx_word' id='word_1_190' title='bbox 695 2688 729 2748; x_wconf 91' lang='lat' dir='ltr'>iu</span> <span class='ocrx_word' id='word_1_191' title='bbox 753 2688 934 2769; x_wconf 82' lang='lat' dir='ltr'>compofitia</span> <span class='ocrx_word' id='word_1_192' title='bbox 958 2689 1173 2750; x_wconf 67' lang='lat' dir='ltr'>commutatio</span> <span class='ocrx_word' id='word_1_193' title='bbox 1196 2687 1350 2770; x_wconf 77' lang='lat' dir='ltr'>frequens</span> 
     </span>
     <span class='ocr_line' id='line_1_23' title="bbox 304 2787 1352 2873; baseline 0.001 -21"><span class='ocrx_word' id='word_1_194' title='bbox 304 2791 367 2864; x_wconf 65' lang='grc' dir='ltr'>σῆς</span> <span class='ocrx_word' id='word_1_195' title='bbox 400 2791 533 2850; x_wconf 74' lang='lat' dir='ltr'>dilectus</span> <span class='ocrx_word' id='word_1_196' title='bbox 548 2809 564 2848; x_wconf 90' lang='lat' dir='ltr'>a</span> <span class='ocrx_word' id='word_1_197' title='bbox 581 2789 701 2850; x_wconf 86' lang='lat' dir='ltr'>iudicio</span> <span class='ocrx_word' id='word_1_198' title='bbox 721 2789 857 2870; x_wconf 84' lang='lat' dir='ltr'>pendet,</span> <span class='ocrx_word' id='word_1_199' title='bbox 885 2790 971 2871; x_wconf 91' lang='lat' dir='ltr'>quod</span> <span class='ocrx_word' id='word_1_200' title='bbox 988 2787 1061 2850; x_wconf 80' lang='lat' dir='ltr'>uiue</span> <span class='ocrx_word' id='word_1_201' title='bbox 1081 2791 1166 2873; x_wconf 82' lang='lat' dir='ltr'>regit</span> <span class='ocrx_word' id='word_1_202' title='bbox 1186 2807 1352 2853; x_wconf 73' lang='grc'><strong>1111111111.</strong></span> 
     </span>
     <span class='ocr_line' id='line_1_24' title="bbox 306 2887 1354 2974; baseline 0 -20"><span class='ocrx_word' id='word_1_203' title='bbox 306 2893 370 2954; x_wconf 84' lang='lat' dir='ltr'>Hic</span> <span class='ocrx_word' id='word_1_204' title='bbox 390 2887 700 2974; x_wconf 32' lang='lat' dir='ltr'>praeferendum-eli</span> <span class='ocrx_word' id='word_1_205' title='bbox 721 2903 888 2971; x_wconf 81' lang='lat' dir='ltr'>pervectus</span> <span class='ocrx_word' id='word_1_206' title='bbox 911 2905 1070 2972; x_wconf 81' lang='lat' dir='ltr'>tamquam</span> <span class='ocrx_word' id='word_1_207' title='bbox 1093 2890 1258 2954; x_wconf 74' lang='lat' dir='ltr'>efficacius</span> <span class='ocrx_word' id='word_1_208' title='bbox 1279 2907 1315 2954; x_wconf 85' lang='lat' dir='ltr'>et</span> <span class='ocrx_word' id='word_1_209' title='bbox 1335 2913 1354 2954; x_wconf 88' lang='lat' dir='ltr'>a</span> 
     </span>
     <span class='ocr_line' id='line_1_25' title="bbox 306 2992 1429 3074; baseline 0.004 -19"><span class='ocrx_word' id='word_1_210' title='bbox 306 2993 431 3056; x_wconf 71' lang='lat' dir='ltr'>rossus</span> <span class='ocrx_word' id='word_1_211' title='bbox 460 2993 529 3053; x_wconf 84' lang='lat' dir='ltr'>aliia</span> <span class='ocrx_word' id='word_1_212' title='bbox 554 3007 715 3072; x_wconf 78' lang='lat' dir='ltr'>praeterea</span> <span class='ocrx_word' id='word_1_213' title='bbox 746 2992 927 3074; x_wconf 87' lang='lat' dir='ltr'>probatum.</span> <span class='ocrx_word' id='word_1_214' title='bbox 972 2995 1060 3054; x_wconf 89' lang='lat' dir='ltr'>Turu</span> <span class='ocrx_word' id='word_1_215' title='bbox 1086 2993 1214 3055; x_wconf 76' lang='lat' dir='ltr'>Plinius</span> <span class='ocrx_word' id='word_1_216' title='bbox 1234 3009 1269 3062; x_wconf 71' lang='grc' dir='ltr'>α.</span> <span class='ocrx_word' id='word_1_217' title='bbox 1291 2993 1352 3072; x_wconf 86' lang='grc'>67.</span> <span class='ocrx_word' id='word_1_218' title='bbox 1428 3033 1429 3038; x_wconf 43' lang='lat'>1</span> 
     </span>
    </p>
   </div>
   <div class='ocr_carea' id='block_1_4' title="bbox 303 3093 1429 3160">
    <p class='ocr_par' dir='ltr' id='par_1_4' title="bbox 303 3093 1429 3160">
     <span class='ocr_line' id='line_1_26' title="bbox 303 3093 1429 3160; baseline 0.004 -5"><span class='ocrx_word' id='word_1_219' title='bbox 303 3095 339 3156; x_wconf 92' lang='lat' dir='ltr'>in</span> <span class='ocrx_word' id='word_1_220' title='bbox 358 3093 417 3154; x_wconf 90' lang='lat' dir='ltr'>hac</span> <span class='ocrx_word' id='word_1_221' title='bbox 439 3095 619 3154; x_wconf 87' lang='lat' dir='ltr'>narratione</span> <span class='ocrx_word' id='word_1_222' title='bbox 640 3093 757 3154; x_wconf 89' lang='lat' dir='ltr'>eodem</span> <span class='ocrx_word' id='word_1_223' title='bbox 773 3095 875 3154; x_wconf 90' lang='lat' dir='ltr'>utitur</span> <span class='ocrx_word' id='word_1_224' title='bbox 889 3093 990 3156; x_wconf 85' lang='lat' dir='ltr'>verbo</span> <span class='ocrx_word' id='word_1_225' title='bbox 1009 3097 1044 3154; x_wconf 91' lang='lat' dir='ltr'>in</span> <span class='ocrx_word' id='word_1_226' title='bbox 1067 3095 1172 3156; x_wconf 90' lang='lat' dir='ltr'>amico</span> <span class='ocrx_word' id='word_1_227' title='bbox 1189 3095 1353 3159; x_wconf 85' lang='lat' dir='ltr'>librorum</span> <span class='ocrx_word' id='word_1_228' title='bbox 1428 3139 1429 3160; x_wconf 59' lang='lat' dir='ltr'>r</span> 
     </span>
    </p>
   </div>
   <div class='ocr_carea' id='block_1_5' title="bbox 302 3193 1429 3989">
    <p class='ocr_par' dir='ltr' id='par_1_5' title="bbox 302 3193 1429 3989">
     <span class='ocr_line' id='line_1_27' title="bbox 304 3193 1353 3276; baseline -0.002 -18"><span class='ocrx_word' id='word_1_229' title='bbox 304 3193 466 3258; x_wconf 84' lang='lat' dir='ltr'>conlenlu.</span> <span class='ocrx_word' id='word_1_230' title='bbox 518 3195 571 3256; x_wconf 88' lang='lat' dir='ltr'>Sic</span> <span class='ocrx_word' id='word_1_231' title='bbox 591 3195 678 3254; x_wconf 87' lang='lat' dir='ltr'>idem</span> <span class='ocrx_word' id='word_1_232' title='bbox 701 3193 883 3276; x_wconf 84' lang='lat' dir='ltr'>praeferunt</span> <span class='ocrx_word' id='word_1_233' title='bbox 905 3195 978 3256; x_wconf 92' lang='lat' dir='ltr'>libri</span> <span class='ocrx_word' id='word_1_234' title='bbox 1002 3197 1037 3258; x_wconf 90' lang='lat' dir='ltr'>in</span> <span class='ocrx_word' id='word_1_235' title='bbox 1060 3195 1193 3258; x_wconf 81' lang='lat' dir='ltr'>Caesare</span> <span class='ocrx_word' id='word_1_236' title='bbox 1215 3217 1247 3260; x_wconf 86' lang='lat' dir='ltr'>c.</span> <span class='ocrx_word' id='word_1_237' title='bbox 1272 3199 1296 3262; x_wconf 90' lang='lat' dir='ltr'>l.</span> <span class='ocrx_word' id='word_1_238' title='bbox 1322 3211 1353 3260; x_wconf 91' lang='lat' dir='ltr'>et</span> 
     </span>
     <span class='ocr_line' id='line_1_28' title="bbox 304 3293 1351 3382; baseline 0.001 -22"><span class='ocrx_word' id='word_1_239' title='bbox 304 3297 418 3360; x_wconf 87' lang='lat' dir='ltr'>Orofio</span> <span class='ocrx_word' id='word_1_240' title='bbox 441 3293 494 3366; x_wconf 88' lang='lat' dir='ltr'>t6‚</span> <span class='ocrx_word' id='word_1_241' title='bbox 522 3313 579 3375; x_wconf 88' lang='grc'>19.</span> <span class='ocrx_word' id='word_1_242' title='bbox 599 3293 621 3358; x_wconf 84' lang='lat' dir='ltr'>i.</span> <span class='ocrx_word' id='word_1_243' title='bbox 653 3293 771 3358; x_wconf 85' lang='lat' dir='ltr'>obici.</span> <span class='ocrx_word' id='word_1_244' title='bbox 795 3297 1006 3379; x_wconf 85' lang='lat' dir='ltr'>Oudendorp.</span> <span class='ocrx_word' id='word_1_245' title='bbox 1035 3313 1069 3359; x_wconf 89' lang='lat' dir='ltr'>et</span> <span class='ocrx_word' id='word_1_246' title='bbox 1096 3298 1351 3382; x_wconf 81' lang='lat' dir='ltr'>Harercampua.</span> 
     </span>
     <span class='ocr_line' id='line_1_29' title="bbox 304 3394 1349 3489; baseline 0.001 -28"><span class='ocrx_word' id='word_1_247' title='bbox 304 3401 343 3462; x_wconf 92' lang='lat' dir='ltr'>ln</span> <span class='ocrx_word' id='word_1_248' title='bbox 365 3398 472 3460; x_wconf 86' lang='lat' dir='ltr'>Plinio</span> <span class='ocrx_word' id='word_1_249' title='bbox 501 3395 633 3478; x_wconf 88' lang='lat' dir='ltr'>quidem</span> <span class='ocrx_word' id='word_1_250' title='bbox 656 3399 804 3458; x_wconf 80' lang='lat' dir='ltr'>rideatur</span> <span class='ocrx_word' id='word_1_251' title='bbox 828 3399 907 3460; x_wconf 91' lang='lat' dir='ltr'>olim</span> <span class='ocrx_word' id='word_1_252' title='bbox 932 3397 1022 3460; x_wconf 84' lang='lat' dir='ltr'>l&#39;uiile</span> <span class='ocrx_word' id='word_1_253' title='bbox 1044 3399 1141 3460; x_wconf 87' lang='lat' dir='ltr'>etiam</span> <span class='ocrx_word' id='word_1_254' title='bbox 1165 3394 1349 3489; x_wconf 79' lang='lat' dir='ltr'>profectus.</span> 
     </span>
     <span class='ocr_line' id='line_1_30' title="bbox 302 3498 1347 3581; baseline 0.002 -19"><span class='ocrx_word' id='word_1_255' title='bbox 302 3499 426 3562; x_wconf 83' lang='lat' dir='ltr'>fitecte</span> <span class='ocrx_word' id='word_1_256' title='bbox 445 3498 536 3558; x_wconf 90' lang='lat' dir='ltr'>illum</span> <span class='ocrx_word' id='word_1_257' title='bbox 563 3498 671 3558; x_wconf 90' lang='lat' dir='ltr'>locum</span> <span class='ocrx_word' id='word_1_258' title='bbox 694 3499 836 3560; x_wconf 90' lang='lat' dir='ltr'>reddidit</span> <span class='ocrx_word' id='word_1_259' title='bbox 863 3503 985 3563; x_wconf 79' lang='lat' dir='ltr'>Aeneas</span> <span class='ocrx_word' id='word_1_260' title='bbox 1004 3501 1134 3581; x_wconf 79' lang='lat' dir='ltr'>Sylvius</span> <span class='ocrx_word' id='word_1_261' title='bbox 1158 3503 1194 3560; x_wconf 91' lang='lat' dir='ltr'>in</span> <span class='ocrx_word' id='word_1_262' title='bbox 1218 3503 1347 3564; x_wconf 82' lang='lat' dir='ltr'>historia</span> 
     </span>
     <span class='ocr_line' id='line_1_31' title="bbox 302 3599 1344 3686; baseline 0.002 -24"><span class='ocrx_word' id='word_1_263' title='bbox 302 3621 410 3664; x_wconf 88' lang='lat' dir='ltr'>rerum</span> <span class='ocrx_word' id='word_1_264' title='bbox 439 3599 560 3682; x_wconf 86' lang='lat' dir='ltr'>ubique</span> <span class='ocrx_word' id='word_1_265' title='bbox 592 3599 749 3686; x_wconf 77' lang='lat' dir='ltr'>gestarum</span> <span class='ocrx_word' id='word_1_266' title='bbox 775 3599 797 3664; x_wconf 85' lang='lat' dir='ltr'>l.</span> <span class='ocrx_word' id='word_1_267' title='bbox 822 3602 863 3663; x_wconf 89' lang='lat' dir='ltr'>de</span> <span class='ocrx_word' id='word_1_268' title='bbox 887 3603 955 3664; x_wconf 78' lang='lat' dir='ltr'>tfia</span> <span class='ocrx_word' id='word_1_269' title='bbox 985 3621 1018 3684; x_wconf 87' lang='lat' dir='ltr'>p.</span> <span class='ocrx_word' id='word_1_270' title='bbox 1045 3614 1129 3681; x_wconf 74' lang='lat'>283.</span> <span class='ocrx_word' id='word_1_271' title='bbox 1153 3603 1229 3681; x_wconf 82' lang='lat' dir='ltr'>(ed.</span> <span class='ocrx_word' id='word_1_272' title='bbox 1254 3603 1344 3664; x_wconf 87' lang='lat' dir='ltr'>Balil.</span> 
     </span>
     <span class='ocr_line' id='line_1_32' title="bbox 309 3699 1345 3788; baseline 0 -24"><span class='ocrx_word' id='word_1_273' title='bbox 309 3705 436 3781; x_wconf 81' lang='grc'><strong>1551.)</strong></span> <span class='ocrx_word' id='word_1_274' title='bbox 461 3715 495 3763; x_wconf 88' lang='lat' dir='ltr'>et</span> <span class='ocrx_word' id='word_1_275' title='bbox 517 3699 608 3762; x_wconf 84' lang='lat' dir='ltr'>facile</span> <span class='ocrx_word' id='word_1_276' title='bbox 631 3701 709 3762; x_wconf 84' lang='lat' dir='ltr'>haec</span> <span class='ocrx_word' id='word_1_277' title='bbox 736 3702 833 3766; x_wconf 84' lang='lat' dir='ltr'>rerba</span> <span class='ocrx_word' id='word_1_278' title='bbox 858 3705 1050 3765; x_wconf 86' lang='lat' dir='ltr'>commutari</span> <span class='ocrx_word' id='word_1_279' title='bbox 1074 3702 1222 3786; x_wconf 83' lang='lat' dir='ltr'>poliunt,</span> <span class='ocrx_word' id='word_1_280' title='bbox 1259 3705 1345 3788; x_wconf 83' lang='lat' dir='ltr'>quod</span> 
     </span>
     <span class='ocr_line' id='line_1_33' title="bbox 302 3801 1344 3886; baseline 0.004 -20"><span class='ocrx_word' id='word_1_281' title='bbox 302 3819 336 3866; x_wconf 85' lang='lat' dir='ltr'>et</span> <span class='ocrx_word' id='word_1_282' title='bbox 356 3803 512 3886; x_wconf 76' lang='lat' dir='ltr'>exemplis</span> <span class='ocrx_word' id='word_1_283' title='bbox 531 3804 644 3865; x_wconf 86' lang='lat' dir='ltr'>docuit</span> <span class='ocrx_word' id='word_1_284' title='bbox 665 3801 908 3880; x_wconf 84' lang='lat' dir='ltr'>Drakenborch.</span> <span class='ocrx_word' id='word_1_285' title='bbox 926 3808 966 3867; x_wconf 88' lang='lat' dir='ltr'>ad</span> <span class='ocrx_word' id='word_1_286' title='bbox 984 3805 1185 3876; x_wconf 75' lang='lat' dir='ltr'>Liv.21,2‚</span> <span class='ocrx_word' id='word_1_287' title='bbox 1203 3815 1241 3886; x_wconf 78' lang='lat'>4.</span> <span class='ocrx_word' id='word_1_288' title='bbox 1282 3805 1344 3870; x_wconf 82' lang='lat' dir='ltr'>Sed</span> 
     </span>
     <span class='ocr_line' id='line_1_34' title="bbox 303 3887 1429 3989; baseline 0 -21"><span class='ocrx_word' id='word_1_289' title='bbox 303 3919 336 3968; x_wconf 90' lang='lat' dir='ltr'>et</span> <span class='ocrx_word' id='word_1_290' title='bbox 355 3905 443 3968; x_wconf 87' lang='lat' dir='ltr'>idem</span> <span class='ocrx_word' id='word_1_291' title='bbox 464 3925 504 3966; x_wconf 83' lang='lat' dir='ltr'>ex</span> <span class='ocrx_word' id='word_1_292' title='bbox 528 3905 635 3966; x_wconf 84' lang='lat' dir='ltr'>Plinio</span> <span class='ocrx_word' id='word_1_293' title='bbox 655 3903 752 3966; x_wconf 84' lang='lat' dir='ltr'>reiert</span> <span class='ocrx_word' id='word_1_294' title='bbox 774 3905 956 3989; x_wconf 78' lang='lat' dir='ltr'>Lotltyntm</span> <span class='ocrx_word' id='word_1_295' title='bbox 978 3921 1011 3969; x_wconf 92' lang='lat' dir='ltr'>et</span> <span class='ocrx_word' id='word_1_296' title='bbox 1029 3887 1212 3970; x_wconf 69' lang='lat' dir='ltr'>Eudoxias.</span> <span class='ocrx_word' id='word_1_297' title='bbox 1266 3909 1345 3968; x_wconf 87' lang='lat' dir='ltr'>Pro·</span> <span class='ocrx_word' id='word_1_298' title='bbox 1428 3983 1429 3986; x_wconf 8' lang='grc' dir='ltr'><strong>Ἴ</strong></span> 
     </span>
    </p>
   </div>
   <div class='ocr_carea' id='block_1_6' title="bbox 293 3997 1343 4200">
    <p class='ocr_par' dir='ltr' id='par_1_6' title="bbox 293 3997 1343 4200">
     <span class='ocr_line' id='line_1_35' title="bbox 293 3997 1343 4097; baseline 0.001 -29"><span class='ocrx_word' id='word_1_299' title='bbox 293 3997 410 4097; x_wconf 83' lang='lat' dir='ltr'>fectus</span> <span class='ocrx_word' id='word_1_300' title='bbox 437 4021 544 4068; x_wconf 88' lang='lat' dir='ltr'>tamen</span> <span class='ocrx_word' id='word_1_301' title='bbox 572 4006 650 4089; x_wconf 79' lang='lat' dir='ltr'>legit</span> <span class='ocrx_word' id='word_1_302' title='bbox 672 4008 769 4067; x_wconf 89' lang='lat' dir='ltr'>etiam</span> <span class='ocrx_word' id='word_1_303' title='bbox 794 4008 918 4070; x_wconf 82' lang='lat' dir='ltr'>Ludoll</span> <span class='ocrx_word' id='word_1_304' title='bbox 933 4029 961 4072; x_wconf 90' lang='lat' dir='ltr'>c.</span> <span class='ocrx_word' id='word_1_305' title='bbox 985 4009 1006 4071; x_wconf 93' lang='lat' dir='ltr'>l.</span> <span class='ocrx_word' id='word_1_306' title='bbox 1038 4009 1096 4070; x_wconf 91' lang='lat' dir='ltr'>ubi</span> <span class='ocrx_word' id='word_1_307' title='bbox 1122 4009 1212 4071; x_wconf 88' lang='lat' dir='ltr'>hunc</span> <span class='ocrx_word' id='word_1_308' title='bbox 1235 4009 1343 4071; x_wconf 88' lang='lat' dir='ltr'>locum</span> 
     </span>
     <span class='ocr_line' id='line_1_36' title="bbox 299 4107 1343 4200; baseline 0.003 -32"><span class='ocrx_word' id='word_1_309' title='bbox 299 4107 405 4174; x_wconf 79' lang='lat' dir='ltr'>refert.</span> <span class='ocrx_word' id='word_1_310' title='bbox 456 4107 526 4170; x_wconf 87' lang='lat' dir='ltr'>Nec</span> <span class='ocrx_word' id='word_1_311' title='bbox 546 4108 637 4170; x_wconf 85' lang='lat' dir='ltr'>aliter</span> <span class='ocrx_word' id='word_1_312' title='bbox 656 4108 811 4175; x_wconf 82' lang='lat' dir='ltr'>Schottuc</span> <span class='ocrx_word' id='word_1_313' title='bbox 833 4112 870 4173; x_wconf 89' lang='lat' dir='ltr'>in</span> <span class='ocrx_word' id='word_1_314' title='bbox 891 4110 1078 4200; x_wconf 73' lang='lat' dir='ltr'>fragmentis</span> <span class='ocrx_word' id='word_1_315' title='bbox 1099 4111 1256 4196; x_wconf 68' lang='lat' dir='ltr'>Nepotis.</span> <span class='ocrx_word' id='word_1_316' title='bbox 1288 4111 1343 4174; x_wconf 85' lang='lat' dir='ltr'>obi</span> 
     </span>
    </p>
   </div>
   <div class='ocr_carea' id='block_1_7' title="bbox 0 0 1444 4940">
    <p class='ocr_par' dir='ltr' id='par_1_7' title="bbox 0 0 1444 4940">
     <span class='ocr_line' id='line_1_37' title="bbox 0 0 1444 4940; baseline 0 3"><span class='ocrx_word' id='word_1_317' title='bbox 0 0 1444 4940; x_wconf 95' lang='lat' dir='ltr'> </span> 
     </span>
    </p>
   </div>
  </div>
 </body>
</html>
