2880 4940
378 419 469 477 cru.
500 419 554 474 nr.
597 417 704 476 c.1x.
745 415 771 486 a.
795 429 824 486 3.
1058 425 1121 492 529

79 586 220 658 ’Adsivov
238 594 388 656 meminit
411 611 537 675 quoqne
557 613 594 654 ex
615 591 721 652 Plinio
741 589 880 653 Solinus.
921 589 1124 654 Ptolemaeus

84 695 147 776 [6‚
165 700 218 777 7.]
240 699 317 758 alnas
333 695 472 758 recenset
495 695 598 758 Ariani
619 692 749 762 insulas,
781 689 830 752 seri
855 705 1021 776 utramque
1043 697 1125 756 intra

84 797 242 883 angustias
257 799 340 860 srnus
359 799 501 860 collocat.
554 799 672 856 Verum
689 795 778 854 illum
799 813 916 866 enare,
944 811 1070 879 apparet
1086 815 1126 857 ex

87 901 155 962 hoc
180 901 274 961 lubae
297 901 387 970 loco,
421 913 452 960 et
475 919 514 961 ex
536 899 632 980 ipsius
654 899 701 959 rei
724 895 867 958 veritate.
928 897 1012 983 Quis
1037 899 1126 960 enim

90 1002 239 1062 dubitare
257 995 353 1084 poffit
371 1004 404 1062 in
427 1001 600 1084 pollemus,
625 1001 702 1081 quin
718 999 818 1060 Adani
840 997 938 1060 insula
960 1001 996 1062 lit
1010 999 1127 1062 samosa

89 1105 146 1164 illa
167 1100 349 1185 peninsula,
382 1124 478 1185 quam
501 1104 605 1188 vulgo
625 1099 715 1164 Aden
741 1101 959 1181 appellamus?
1009 1103 1127 1163 Verum

90 1204 253 1285 essequod
270 1205 421 1275 dicimus,
443 1205 571 1268 docebit
586 1221 715 1284 quoque
732 1216 843 1262 auctor
854 1203 983 1285 Pasiph,
1005 1199 1055 1291 [p.
1071 1212 1127 1286 ¹4·

88 1299 215 1391 Euat]
241 1308 296 1387 qui
318 1306 357 1366 ah
378 1305 526 1390 angustiis
542 1305 605 1368 illis
621 1304 787 1387 praedictis
809 1322 910 1385 usqne
930 1307 966 1366 acl
985 1307 1129 1368 Arabiam

90 1405 219 1474 felicem
249 1409 456 1490 Emporium,
490 1427 585 1489 qnam
615 1405 706 1468 Aden
739 1423 827 1466 nunc
856 1409 963 1468 vocari
991 1407 1129 1490 superins

91 1509 304 1578 ostendimus,
330 1523 476 1571 numerat
497 1509 588 1570 startia
608 1507 697 1568 mille
712 1505 864 1576 ducenta,
890 1527 969 1589 (puae
986 1509 1130 1571 mensura

91 1629 169 1672 cum
201 1611 253 1672 illa
283 1609 380 1674 lubae
411 1612 565 1673 convenit
598 1627 692 1690 quarn
723 1603 926 1673 exactissime.
977 1612 1131 1691 Apertum

91 1731 175 1772 vero
199 1731 284 1774 mare
303 1713 475 1795 appellavit
497 1712 591 1782 luha,
617 1711 771 1791 quidquid
794 1709 837 1770 esi
857 1711 937 1773 ultra
961 1712 1061 1774 Ariani
1084 1714 1131 1774 in·

11 1867 12 1894 1
93 1811 194 1874 sulam
215 1827 248 1876 et
272 1813 453 1896 oppositum
471 1817 501 1876 ei
522 1816 555 1874 in
573 1811 744 1892 Aethiopia
768 1809 958 1890 Mosylicum
979 1835 1132 1896 promnn·

11 1985 13 2002 ,
92 1916 230 1977 torium.
290 1917 340 1978 Eo
362 1917 450 1978 enim
471 1935 571 1997 usque
594 1913 676 1974 srnrss
697 1912 848 1976 Arabicus
867 1915 1066 1985 extenditur.
1099 1929 1133 1977 et

92 2017 258 2097 aliquanto
275 2017 372 2078 etiarn
385 2019 513 2102 longius
529 2019 617 2076 iuxta
631 2015 720 2084 alios,
741 2028 778 2074 ut
797 2013 938 2096 supersus
952 2017 1132 2081 docuimus.

11 2181 12 2208 ἦ
93 2119 216 2178 Verum
236 2117 314 2180 haec
334 2119 374 2180 de
394 2119 443 2180 his
466 2119 568 2180 Melae
584 2129 617 2178 et
632 2117 729 2177 Plinii
745 2117 851 2178 verbis
867 2119 949 2179 elicta
970 2117 1133 2190 sufficiant,

95 2239 177 2300 quae
198 2219 272 2281 ideo
295 2219 458 2282 lubentius
480 2219 726 2287 admonuimus,
759 2219 830 2298 quia
852 2219 934 2282 valle
958 2221 1133 2283 admodum

11 2303 15 2416 ἰ
96 2323 139 2382 sle
160 2321 310 2384 hocloco
325 2319 447 2384 disserit
462 2319 626 2384 Salmasius
641 2333 674 2380 et
690 2317 902 2402 prodigiosam
918 2323 1024 2384 Plinio
1040 2323 1136 2384 caeci·

11 2487 13 2496 ,
94 2435 197 2484 tatem
212 2435 245 2482 et
258 2423 332 2506 plus
346 2443 441 2504 qnam
453 2422 644 2502 barbaricam
664 2418 815 2481 inscitiam
829 2418 961 2506 assrngic.
987 2443 1133 2485 vossins.

11 2503 14 2592 f
97 2525 204 2607 Aegre
224 2525 380 2604 prolixam
401 2525 484 2586 hanc
506 2518 605 2584 Vollii
625 2535 736 2583 notam
757 2525 887 2604 repetii.
920 2538 951 2586 et
974 2525 1059 2605 qnod
1083 2525 1135 2586 ali·

97 2639 255 2708 ‹puatenus
276 2645 350 2688 cum
370 2624 496 2688 censura
513 2624 607 2686 nollri
628 2625 692 2685 loci
713 2623 904 2686 cohaereret.
941 2625 1064 2686 Eurum
1083 2625 1136 2687 vel

97 2728 247 2810 neglecto
279 2728 426 2790 codicum
452 2727 570 2788 auxilio
597 2725 639 2786 ita
665 2725 836 2786 commode
862 2723 991 2786 defendi
1022 2725 1134 2806 potest.

11 2817 12 2824 ἵ
100 2828 231 2909 Nempe
258 2828 279 2886 ss
306 2829 410 2890 noller
435 2827 536 2890 verbo
566 2839 700 2886 ceterum
733 2845 799 2886 non
825 2823 1074 2910 progressionem
1098 2827 1136 2888 ab

99 2931 224 2991 oriorrre
243 2930 276 2988 in
298 2929 440 2992 occasum
464 2930 599 2996 indicat.
635 2925 684 2988 secl
709 2929 844 2988 omnino
865 2947 903 2988 ex
927 2928 1138 3009 superioribus

100 3033 228 3092 vicinae
244 3031 308 3094 oris
322 3031 441 3112 aliquid
457 3029 597 3096 subiicit,
623 3028 710 3089 unde
731 3029 862 3089 demum
884 3029 920 3088 arl
938 3031 1138 3091 occidentem

11 3197 13 3212 ,
102 3131 264 3215 procedat.
315 3131 456 3194 Adslruit
475 3131 538 3192 hoc
557 3129 687 3193 Solinus
705 3149 772 3212 cap.
791 3143 847 3209 55.
866 3128 888 3192 s.
903 3145 961 3208 30.
988 3133 1139 3210 quicum

11 3221 12 3230 ¹
101 3233 216 3296 eadem
240 3233 280 3294 do
302 3229 454 3316 superiori
478 3233 562 3303 lacn,
597 3229 718 3291 Melam
740 3229 895 3300 reserens,
926 3231 1065 3301 dixisset.
1098 3237 1141 3293 ita

11 3403 15 3432 r
102 3335 225 3418 pergit:
264 3331 360 3396 Ultra
379 3334 437 3395 hos
458 3323 597 3424 desertae
619 3333 870 3415 inluunanaeqne
883 3323 1074 3424 solitudines
1097 3333 1142 3395 ad

102 3457 201 3518 arsque
222 3432 373 3496 Arabicas
386 3431 491 3526 fimes.
542 3431 672 3494 Deinde
692 3435 725 3495 in
746 3434 867 3496 ultimis
895 3434 1034 3496 Orientis
1057 3455 1142 3496 mon·

11 3531 12 3540 ¹
98 3527 226 3634 [trefae
249 3538 389 3616 gentium
401 3527 522 3625 socies.
574 3535 660 3594 Hinc
682 3533 806 3596 subiicit
827 3551 982 3617 essonae
1005 3537 1038 3596 in
1057 3535 1142 3597 Mela

11 3635 13 3640 ’
107 3641 259 3718 deinceps
278 3638 437 3721 leguntur.
472 3639 518 3696 lta
532 3637 628 3696 etiam
644 3635 767 3698 Plinius
784 3637 816 3706 6.
839 3649 896 3715 55.
913 3635 934 3698 s.
951 3651 1006 3714 50.
1029 3635 1142 3699 diserte

105 3741 161 3802 illa
182 3739 354 3799 hominum
373 3736 509 3800 monstra
527 3735 568 3798 nb
590 3735 730 3798 Orientis
750 3749 844 3819 parte
864 3739 979 3799 intima
1000 3751 1033 3800 et
1052 3751 1143 3800 antea

11 3835 13 3844 ’
105 3843 144 3904 in
160 3840 414 3902 extremitatibus
432 3839 619 3920 Aethiopiae
640 3840 745 3920 ponit.
785 3839 883 3922 Quod
901 3853 938 3899 ut
954 3838 1145 3900 luculentius

11 3917 13 3940 A
105 3943 301 4012 declaretur,
338 3939 462 4002 cursum
495 3939 675 4000 institutum
708 3939 859 4000 brevibus
892 3940 986 4002 lineis
1019 3941 1143 4002 ducam.

11 4037 12 4044 ἵ
105 4045 283 4107 Exorditur
298 4061 315 4102 a
332 4042 460 4114 Meroe,
485 4057 518 4102 et
537 4041 612 4102 hinc
626 4041 829 4122 Aethiopiam
852 4037 909 4100 sub
930 4042 1075 4126 Aegypto
1094 4042 1146 4102 de·

105 4146 223 4210 scribit.
275 4145 356 4210 lude
379 4163 417 4208 ea
443 4143 576 4216 delibat,
610 4162 689 4227 quae
715 4141 823 4206 versus
855 4141 1023 4206 Orientem
1049 4143 1147 4206 obiici
