2792 4940
318 421 374 484 130
610 403 859 466 rourortrt
898 403 1064 464 uotae

189 569 193 578 ’
270 641 274 654 ,
319 603 358 646 ex
376 579 443 666 rpso
466 578 652 646 Ptolemaeo
676 577 838 642 manifeste
854 579 962 664 colligi
983 579 1101 663 potest,
1134 579 1195 644 effe
1212 580 1373 666 stagnum

319 686 421 746 maria.
466 683 527 742 Vbr
545 703 633 744 eurrn
651 683 689 744 de
706 680 800 742 Neffo
821 695 854 742 et
870 681 978 744 Hebro
996 683 1070 766 agit,
1095 675 1150 770 [
1119 715 1150 762 5
1174 704 1229 744 tt.
1241 677 1253 770 ]
1285 684 1375 744 haec

319 786 431 846 habet:
473 767 516 846 uia
539 771 669 874 μεταξύ
651 803 762 854 untur
787 779 866 870 πρός
891 805 932 870 rp
921 779 1112 867 θαλάσση
1134 779 1272 872 λίμνη
1261 777 1372 863 εστὶν,

321 879 389 974 ἥτις
425 879 576 948 καλεῖται
605 877 750 958 Broroair
775 880 883 971 λίμνη.
935 885 1104 946 Rectius
1094 899 1200 966 rtaque
1234 886 1270 946 in
1300 883 1372 944 [uio

319 988 521 1050 Ptoiernaieis
543 985 655 1048 tabulie
676 984 772 1070 stagni
795 985 888 1046 buius
913 981 1049 1047 formam
1073 983 1218 1068 expreffit
1239 987 1372 1070 Regio·

320 1101 503 1150 montanus.
554 1087 665 1151 Simile
689 1085 731 1147 est
752 1086 815 1147 hoc
836 1085 978 1170 stagnum
1002 1090 1196 1148 Venetorum
1214 1099 1249 1148 et
1271 1106 1371 1168 prae·

320 1191 413 1271 cipue
432 1189 600 1250 Volcarum
622 1187 752 1272 ssaguia;
787 1207 860 1248 nam
884 1200 917 1247 et
937 1185 1043 1248 bisunt
1060 1187 1113 1256 est.
1139 1202 1172 1249 et
1187 1187 1225 1248 ab
1241 1189 1370 1250 iisdem

322 1288 386 1353 fere
404 1291 533 1352 marinis
554 1288 768 1370 frequentatur
788 1287 941 1370 piscibus.
969 1303 1002 1348 et
1018 1287 1175 1370 postremo
1195 1289 1273 1349 huic
1290 1307 1368 1350 non

322 1389 424 1454 forma
442 1404 576 1459 tentum,
595 1388 644 1450 ieri
661 1403 693 1451 et
707 1389 929 1472 magnitudine
945 1409 1026 1470 pene
1039 1391 1165 1470 aequale
1180 1389 1243 1468 eiu
1265 1391 1369 1470 tiqui·

324 1494 397 1554 dem
418 1491 455 1552 ab
474 1491 581 1552 Hebro
601 1491 735 1550 [lumine
755 1507 851 1570 oeque
874 1489 911 1550 ad
931 1489 1087 1551 Abderam
1109 1487 1173 1552 fere
1193 1492 1364 1572 protendi·

324 1608 384 1654 tur.
427 1595 533 1672 itaque
547 1590 726 1654 Aristotelea
748 1601 780 1666 8.
804 1585 853 1674 [o.
879 1583 952 1676 ¹3·]
978 1592 1017 1651 de
1038 1591 1227 1652 animalibus
1247 1585 1367 1679 λιμνο·

322 1687 501 1758 θάλατταν
524 1691 586 1752 iive
610 1691 752 1774 stagnum
773 1693 935 1752 marinum
961 1693 1105 1774 appellat.
1159 1695 1196 1753 ln
1217 1694 1364 1775 portula·

324 1795 374 1854 nie
392 1794 583 1854 Graecorum
605 1806 737 1852 vocatur
758 1786 952 1878 'bonapo'<o5
971 1785 992 1878 'i
1013 1790 1196 1879 Μαρανείας
1219 1788 1362 1880 κάρφος.

323 1893 413 1956 idest
432 1893 572 1954 Abderae
591 1891 641 1954 seu
661 1893 829 1954 Maroneae
845 1893 938 1954 surus.
975 1911 1104 1954 rosetus
1127 1895 1160 1952 iu
1182 1894 1362 1975 appendice

322 1995 367 2056 ad
393 1997 426 2056 a.
450 1994 472 2056 l.
524 1993 616 2076 Quali
635 2013 699 2054 uon
715 1997 748 2054 in
764 1993 826 2055 istis
841 1993 1060 2076 ambiguieaiii
1077 1993 1172 2056 Neffo
1184 1996 1361 2056 attribuere

322 2095 503 2178 potuerint,
536 2093 621 2174 quod
644 2095 695 2153 aiii
718 2095 818 2154 fluvio
842 2091 977 2156 diverso,
1032 2088 1197 2184 Coffiur'res
1222 2097 1359 2164 Aeliani,

322 2217 416 2276 quem
434 2195 572 2255 eundem
589 2207 685 2274 putat.
712 2193 870 2254 consumit
889 2191 969 2255 sein
987 2187 1102 2276 palude
1118 2195 1292 2264 Bistonide.
1319 2211 1361 2256 ut

322 2297 402 2357 clare
418 2296 457 2356 rie
478 2315 517 2355 eo
537 2294 663 2354 testatur
679 2294 873 2375 affirmatque
896 2297 1055 2358 Aelianus.
1109 2298 1213 2358 immo
1233 2298 1359 2358 Aeliani

323 2395 493 2460 Coffinites
511 2397 601 2478 [itane
619 2395 703 2456 idem
720 2397 771 2466 eii,
797 2416 892 2476 quem
904 2396 1085 2458 tremuntur
1100 2413 1192 2458 vocat
1206 2396 1359 2480 Compsa-

322 2510 393 2556 tum
417 2497 471 2558 lib.
488 2511 527 2580 Ι7.
548 2517 575 2558 c.
597 2514 676 2576 ¹⁰9·
728 2497 789 2557 Hic
805 2510 911 2558 auteur
932 2510 967 2556 ut
982 2510 1014 2558 et
1030 2499 1153 2559 Travus
1177 2500 1268 2579 plane
1289 2500 1357 2558 illic

322 2597 551 2667 emoriebatur,
592 2608 627 2656 ut
657 2611 783 2678 apparet
806 2616 843 2657 ex
872 2597 1071 2678 oppoiitione
1094 2599 1128 2659 in
1151 2595 1356 2680 [equentibus

322 2702 405 2784 apud
428 2697 645 2768 Herodotum,
678 2697 735 2757 ubi
754 2699 796 2758 ait
814 2717 914 2780 prope
935 2697 1056 2758 Abdera
1077 2700 1209 2780 quidem
1231 2701 1355 2760 nullam

320 2799 470 2916 paludum
485 2799 627 2859 nobilem
643 2797 837 2878 praeteriiiie‚
864 2818 1015 2884 noropov
1037 2797 1069 2860 δὲ
1091 2799 1179 2863 Na'or
1182 2821 1216 2863 ον
1237 2795 1353 2887 ῥέοντα

321 2895 350 2973 ἐς
370 2895 562 2968 θάλασσαν,
595 2899 680 2979 quod
702 2900 854 2958 nimirum
878 2899 923 2958 illi
944 2901 1009 2960 duo
1030 2903 1149 2980 priores
1172 2921 1239 2964 non
1258 2899 1353 2962 broie·

320 2982 407 3060 bant.
461 2999 1052 3060 Atsrtiixerofluviumexouerariin
1074 3002 1228 3085 stagnum,
1258 3003 1352 3084 plane

200 3091 205 3104 '
319 3101 391 3158 dico
418 3099 501 3160 illius
534 3100 625 3160 fluvii
651 3119 762 3179 aquam
787 3101 819 3158 in
851 3120 934 3160 mare
966 3101 1119 3181 paulatim
1144 3123 1218 3163 cum
1244 3103 1350 3186 stagno

319 3200 440 3259 venire.
495 3199 578 3258 Mela
595 3199 696 3260 noster·
714 3220 812 3280 quum
832 3197 936 3259 scribit
959 3200 1013 3262 lib.
1033 3217 1065 3264 2.
1090 3223 1117 3264 c.
1136 3214 1168 3280 5.
1220 3206 1349 3266 Atacem

318 3283 416 3376 abripi
439 3317 455 3358 a
476 3298 545 3358 lacu
562 3297 714 3368 nurnero,
746 3321 812 3361 non
834 3301 907 3361 ideo
932 3315 1034 3385 negat,
1061 3305 1190 3365 tandem
1209 3304 1242 3364 in
1264 3325 1347 3366 mare

319 3395 439 3468 efferri;
474 3417 542 3457 uon
571 3399 649 3458 dicit
675 3413 779 3459 tamen
805 3405 967 3460 exonerari
997 3405 1030 3462 in
1054 3425 1149 3466 mare.
1181 3439 1233 3453 ·-
1280 3407 1346 3466 lanu

317 3516 394 3558 vero
412 3496 547 3558 bistonio
561 3498 648 3579 palus
663 3519 702 3560 ex
719 3499 925 3582 descriptione
941 3501 1125 3572 Ptolemaei.
1151 3525 1246 3586 quem
1262 3507 1343 3576 citat,

318 3599 428 3678 utique
450 3597 492 3658 est
515 3599 749 3662 mediterranea.
802 3603 849 3664 Sit
869 3621 946 3662 vero
969 3599 1112 3679 Brurouir
1131 3607 1220 3686 palus
1240 3605 1343 3694 irpro-

315 3691 487 3760 θάλαττα.
537 3700 637 3783 Quae,
660 3720 726 3771 oro,
753 3698 822 3760 sunt
839 3701 932 3762 verba
946 3703 1106 3764 Strabonis
1123 3705 1178 3766 irb
1197 3728 1224 3768 ι.
1242 3718 1339 3789 p..49

316 3791 360 3882 [s.
377 3819 409 3879 p.
431 3819 474 3861 m.
496 3795 576 3884 53]
623 3802 748 3882 Nempe
778 3796 927 3888 μάλιστα
947 3804 1027 3888 φησι
1050 3800 1110 3890 rip
1132 3803 1261 3893 <uapore
1284 3831 1340 3870 ro·

316 3897 468 3984 ρασχεῖν,
507 3901 574 3972 πῶς
594 3893 624 3960 ἓν
644 3897 813 3988 δισχιλίαις
836 3895 933 3964 uuir
913 3899 1143 3990 τρισχιλίοις’
1128 3929 1193 3970 arro
1188 3903 1338 3971 θαλατ-
1378 3959 1379 3975 .

313 4019 370 4112 rap·
404 3991 542 4071 σταδίοις
580 3995 668 4061 κατὰ
698 3994 757 4084 rip
792 3995 973 4088 μεσόγαιαν
1007 4001 1124 4090 u‘puror
1163 4003 1337 4093 πολλαχοῦ

312 4093 446 4181 κόχλων
472 4091 526 4160 καὶ
553 4092 688 4186 ὀστρέων
714 4123 767 4164 και
758 4093 979 4208 χῃααμίδιαν
1002 4101 1055 4170 πὶ·
1050 4108 1129 4192 ᾔθας
1158 4131 1212 4172 και
1236 4106 1337 4200 >upto-
