<?xml version="1.0" encoding="UTF-8"?>
<!DOCTYPE html PUBLIC "-//W3C//DTD XHTML 1.0 Transitional//EN"
    "http://www.w3.org/TR/xhtml1/DTD/xhtml1-transitional.dtd">
<html xmlns="http://www.w3.org/1999/xhtml" xml:lang="en" lang="en">
 <head>
  <title>
</title>
<meta http-equiv="Content-Type" content="text/html;charset=utf-8" />
  <meta name='ocr-system' content='tesseract 3.04.00' />
  <meta name='ocr-capabilities' content='ocr_page ocr_carea ocr_par ocr_line ocrx_word'/>
</head>
<body>
  <div class='ocr_page' id='page_1' title='image "./pomponiimelaede05melagoog_0483.png"; bbox 0 0 2810 4944; ppageno 0'>
   <div class='ocr_carea' id='block_1_1' title="bbox 363 395 1110 513">
    <p class='ocr_par' dir='ltr' id='par_1_1' title="bbox 363 395 1110 513">
     <span class='ocr_line' id='line_1_1' title="bbox 363 395 1110 513; baseline 0.025 -19"><span class='ocrx_word' id='word_1_1' title='bbox 363 435 450 494; x_wconf 80' lang='lat' dir='ltr'>Lrn.</span> <span class='ocrx_word' id='word_1_2' title='bbox 480 440 517 493; x_wconf 87' lang='lat' dir='ltr'>rt.</span> <span class='ocrx_word' id='word_1_3' title='bbox 567 437 599 496; x_wconf 84' lang='lat' dir='ltr'>C.</span> <span class='ocrx_word' id='word_1_4' title='bbox 626 439 691 498; x_wconf 85' lang='lat' dir='ltr'>vu.</span> <span class='ocrx_word' id='word_1_5' title='bbox 734 437 759 507; x_wconf 79' lang='lat' dir='ltr'>l·</span> <span class='ocrx_word' id='word_1_6' title='bbox 783 451 812 494; x_wconf 76' lang='lat'>²·</span> <span class='ocrx_word' id='word_1_7' title='bbox 992 395 997 410; x_wconf 44' lang='grc' dir='ltr'><strong><em>Ι</em></strong></span> <span class='ocrx_word' id='word_1_8' title='bbox 1047 443 1110 513; x_wconf 76' lang='grc'>477</span> 
     </span>
    </p>
   </div>
   <div class='ocr_carea' id='block_1_2' title="bbox 62 597 1109 2512">
    <p class='ocr_par' dir='ltr' id='par_1_2' title="bbox 62 597 1109 2512">
     <span class='ocr_line' id='line_1_2' title="bbox 150 597 1107 702; baseline 0.006 -35"><span class='ocrx_word' id='word_1_9' title='bbox 150 597 426 700; x_wconf 77' lang='lat' dir='ltr'>consecrata)</span> <span class='ocrx_word' id='word_1_10' title='bbox 485 610 576 672; x_wconf 88' lang='lat' dir='ltr'><strong>MSS.</strong></span> <span class='ocrx_word' id='word_1_11' title='bbox 601 599 800 702; x_wconf 83' lang='lat' dir='ltr'>consecrata,</span> <span class='ocrx_word' id='word_1_12' title='bbox 836 629 895 670; x_wconf 85' lang='lat' dir='ltr'>nec</span> <span class='ocrx_word' id='word_1_13' title='bbox 920 609 1009 672; x_wconf 85' lang='lat' dir='ltr'>aliter</span> <span class='ocrx_word' id='word_1_14' title='bbox 1036 610 1107 674; x_wconf 84' lang='lat' dir='ltr'>MS.</span> 
     </span>
     <span class='ocr_line' id='line_1_3' title="bbox 62 707 1108 792; baseline 0.008 -26"><span class='ocrx_word' id='word_1_15' title='bbox 62 727 138 786; x_wconf 87' lang='lat' dir='ltr'>qno</span> <span class='ocrx_word' id='word_1_16' title='bbox 154 708 226 770; x_wconf 78' lang='lat' dir='ltr'>usus</span> <span class='ocrx_word' id='word_1_17' title='bbox 248 707 309 770; x_wconf 85' lang='lat' dir='ltr'>suit</span> <span class='ocrx_word' id='word_1_18' title='bbox 324 709 445 782; x_wconf 75' lang='lat' dir='ltr'>surita,</span> <span class='ocrx_word' id='word_1_19' title='bbox 480 725 515 772; x_wconf 89' lang='lat' dir='ltr'>ut</span> <span class='ocrx_word' id='word_1_20' title='bbox 538 710 601 792; x_wconf 83' lang='lat' dir='ltr'>ipse</span> <span class='ocrx_word' id='word_1_21' title='bbox 619 711 746 772; x_wconf 89' lang='lat' dir='ltr'>tellatur</span> <span class='ocrx_word' id='word_1_22' title='bbox 769 713 802 772; x_wconf 93' lang='lat' dir='ltr'>in</span> <span class='ocrx_word' id='word_1_23' title='bbox 827 711 1108 774; x_wconf 81' lang='lat' dir='ltr'>emendationibue</span> 
     </span>
     <span class='ocr_line' id='line_1_4' title="bbox 62 805 1108 898; baseline 0.007 -32"><span class='ocrx_word' id='word_1_24' title='bbox 62 809 108 867; x_wconf 86' lang='lat' dir='ltr'>ad</span> <span class='ocrx_word' id='word_1_25' title='bbox 134 810 332 872; x_wconf 86' lang='lat' dir='ltr'>itinerarium</span> <span class='ocrx_word' id='word_1_26' title='bbox 354 815 508 874; x_wconf 76' lang='lat' dir='ltr'>Antonini</span> <span class='ocrx_word' id='word_1_27' title='bbox 531 834 562 894; x_wconf 87' lang='lat' dir='ltr'>p.</span> <span class='ocrx_word' id='word_1_28' title='bbox 581 813 664 888; x_wconf 72' lang='lat'>663.</span> <span class='ocrx_word' id='word_1_29' title='bbox 699 809 740 897; x_wconf 71' lang='lat' dir='ltr'>[s.</span> <span class='ocrx_word' id='word_1_30' title='bbox 763 832 833 897; x_wconf 82' lang='lat' dir='ltr'>pag.</span> <span class='ocrx_word' id='word_1_31' title='bbox 853 811 935 888; x_wconf 79' lang='lat'><strong>526.</strong></span> <span class='ocrx_word' id='word_1_32' title='bbox 961 805 1108 898; x_wconf 83' lang='lat' dir='ltr'>Welsel.]</span> 
     </span>
     <span class='ocr_line' id='line_1_5' title="bbox 63 903 1108 1006; baseline 0.006 -36"><span class='ocrx_word' id='word_1_33' title='bbox 63 909 173 989; x_wconf 82' lang='lat' dir='ltr'>Supra</span> <span class='ocrx_word' id='word_1_34' title='bbox 192 925 224 980; x_wconf 88' lang='grc'>9.</span> <span class='ocrx_word' id='word_1_35' title='bbox 252 929 284 980; x_wconf 85' lang='grc'>9,</span> <span class='ocrx_word' id='word_1_36' title='bbox 310 928 343 984; x_wconf 90' lang='lat'>7.</span> <span class='ocrx_word' id='word_1_37' title='bbox 378 915 459 974; x_wconf 80' lang='lat' dir='ltr'>Sunt</span> <span class='ocrx_word' id='word_1_38' title='bbox 482 909 650 1002; x_wconf 79' lang='lat' dir='ltr'>Protefilat‘</span> <span class='ocrx_word' id='word_1_39' title='bbox 671 903 738 1002; x_wconf 77' lang='lat' dir='ltr'>rffo</span> <span class='ocrx_word' id='word_1_40' title='bbox 763 904 947 1006; x_wconf 81' lang='lat' dir='ltr'>rorrsecratn</span> <span class='ocrx_word' id='word_1_41' title='bbox 970 911 1108 976; x_wconf 79' lang='lat' dir='ltr'>delubro.</span> 
     </span>
     <span class='ocr_line' id='line_1_6' title="bbox 65 1003 1107 1104; baseline 0.005 -33"><span class='ocrx_word' id='word_1_42' title='bbox 65 1009 149 1090; x_wconf 86' lang='lat' dir='ltr'>Cap.</span> <span class='ocrx_word' id='word_1_43' title='bbox 174 1025 206 1088; x_wconf 83' lang='lat'>5.</span> <span class='ocrx_word' id='word_1_44' title='bbox 228 1025 265 1090; x_wconf 92' lang='lat'>4.</span> <span class='ocrx_word' id='word_1_45' title='bbox 303 1015 432 1075; x_wconf 83' lang='lat' dir='ltr'>Eleum</span> <span class='ocrx_word' id='word_1_46' title='bbox 460 1015 562 1076; x_wconf 85' lang='lat' dir='ltr'>Cereri</span> <span class='ocrx_word' id='word_1_47' title='bbox 593 1003 788 1104; x_wconf 77' lang='lat' dir='ltr'>coust-croto.</span> <span class='ocrx_word' id='word_1_48' title='bbox 842 1033 873 1075; x_wconf 82' lang='grc' dir='ltr'>Α.</span> <span class='ocrx_word' id='word_1_49' title='bbox 901 1031 1107 1076; x_wconf 80' lang='lat' dir='ltr'>Gnouovtva.</span> 
     </span>
     <span class='ocr_line' id='line_1_7' title="bbox 65 1111 1109 1179; baseline 0.002 -7"><span class='ocrx_word' id='word_1_50' title='bbox 65 1112 210 1174; x_wconf 71' lang='lat' dir='ltr'>Coum</span> <span class='ocrx_word' id='word_1_51' title='bbox 232 1115 297 1174; x_wconf 87' lang='lat' dir='ltr'>mei</span> <span class='ocrx_word' id='word_1_52' title='bbox 319 1119 427 1177; x_wconf 79' lang='lat' dir='ltr'>minue</span> <span class='ocrx_word' id='word_1_53' title='bbox 455 1113 508 1174; x_wconf 89' lang='lat' dir='ltr'>libi</span> <span class='ocrx_word' id='word_1_54' title='bbox 532 1115 582 1174; x_wconf 87' lang='lat' dir='ltr'>lric</span> <span class='ocrx_word' id='word_1_55' title='bbox 605 1115 755 1176; x_wconf 77' lang='lat' dir='ltr'>constant.</span> <span class='ocrx_word' id='word_1_56' title='bbox 808 1111 999 1179; x_wconf 80' lang='lat' dir='ltr'>Parilienlee.</span> <span class='ocrx_word' id='word_1_57' title='bbox 1026 1117 1109 1176; x_wconf 79' lang='lat' dir='ltr'>Vati·</span> 
     </span>
     <span class='ocr_line' id='line_1_8' title="bbox 64 1213 1107 1286; baseline 0.006 -14"><span class='ocrx_word' id='word_1_58' title='bbox 64 1214 150 1282; x_wconf 85' lang='lat' dir='ltr'>cani,</span> <span class='ocrx_word' id='word_1_59' title='bbox 180 1215 293 1276; x_wconf 82' lang='lat' dir='ltr'>Vener.</span> <span class='ocrx_word' id='word_1_60' title='bbox 315 1217 420 1278; x_wconf 79' lang='lat' dir='ltr'>Harn.</span> <span class='ocrx_word' id='word_1_61' title='bbox 442 1219 595 1277; x_wconf 87' lang='lat' dir='ltr'>videntur</span> <span class='ocrx_word' id='word_1_62' title='bbox 613 1213 792 1278; x_wconf 87' lang='lat' dir='ltr'>consenlilse</span> <span class='ocrx_word' id='word_1_63' title='bbox 812 1233 884 1276; x_wconf 85' lang='lat' dir='ltr'>curn</span> <span class='ocrx_word' id='word_1_64' title='bbox 902 1216 1107 1286; x_wconf 79' lang='lat' dir='ltr'>editionibus,</span> 
     </span>
     <span class='ocr_line' id='line_1_9' title="bbox 64 1307 1108 1406; baseline 0.007 -35"><span class='ocrx_word' id='word_1_65' title='bbox 64 1315 109 1372; x_wconf 88' lang='lat' dir='ltr'>ad</span> <span class='ocrx_word' id='word_1_66' title='bbox 134 1334 210 1394; x_wconf 84' lang='lat' dir='ltr'>quas</span> <span class='ocrx_word' id='word_1_67' title='bbox 234 1318 352 1376; x_wconf 86' lang='lat' dir='ltr'>conlati</span> <span class='ocrx_word' id='word_1_68' title='bbox 375 1315 461 1386; x_wconf 79' lang='lat' dir='ltr'>sont.</span> <span class='ocrx_word' id='word_1_69' title='bbox 495 1331 588 1398; x_wconf 88' lang='lat' dir='ltr'>atque</span> <span class='ocrx_word' id='word_1_70' title='bbox 613 1315 750 1376; x_wconf 79' lang='lat' dir='ltr'>habuisse</span> <span class='ocrx_word' id='word_1_71' title='bbox 768 1307 914 1406; x_wconf 80' lang='lat' dir='ltr'>sacrata.</span> <span class='ocrx_word' id='word_1_72' title='bbox 966 1319 1007 1378; x_wconf 79' lang='lat' dir='ltr'>tr</span> <span class='ocrx_word' id='word_1_73' title='bbox 1028 1337 1108 1396; x_wconf 79' lang='lat' dir='ltr'>qnos</span> 
     </span>
     <span class='ocr_line' id='line_1_10' title="bbox 64 1415 1108 1502; baseline 0.005 -28"><span class='ocrx_word' id='word_1_74' title='bbox 64 1433 132 1497; x_wconf 80' lang='lat' dir='ltr'>ego</span> <span class='ocrx_word' id='word_1_75' title='bbox 154 1415 293 1498; x_wconf 85' lang='lat' dir='ltr'>inspexi,</span> <span class='ocrx_word' id='word_1_76' title='bbox 329 1416 413 1498; x_wconf 89' lang='lat' dir='ltr'>Lips.</span> <span class='ocrx_word' id='word_1_77' title='bbox 440 1418 547 1480; x_wconf 88' lang='lat' dir='ltr'>Cibin.</span> <span class='ocrx_word' id='word_1_78' title='bbox 572 1419 743 1502; x_wconf 84' lang='lat' dir='ltr'>llelrdiger.</span> <span class='ocrx_word' id='word_1_79' title='bbox 773 1417 856 1478; x_wconf 78' lang='lat' dir='ltr'>(iud.</span> <span class='ocrx_word' id='word_1_80' title='bbox 885 1419 975 1500; x_wconf 82' lang='lat' dir='ltr'>Prag.</span> <span class='ocrx_word' id='word_1_81' title='bbox 999 1417 1108 1479; x_wconf 88' lang='lat' dir='ltr'>serunt</span> 
     </span>
     <span class='ocr_line' id='line_1_11' title="bbox 64 1507 1105 1608; baseline 0.007 -35"><span class='ocrx_word' id='word_1_82' title='bbox 64 1507 274 1604; x_wconf 69' lang='lat' dir='ltr'>consecrarat</span> <span class='ocrx_word' id='word_1_83' title='bbox 306 1539 345 1579; x_wconf 87' lang='lat' dir='ltr'>ex</span> <span class='ocrx_word' id='word_1_84' title='bbox 368 1519 505 1580; x_wconf 91' lang='lat' dir='ltr'>Vindob.</span> <span class='ocrx_word' id='word_1_85' title='bbox 529 1533 674 1580; x_wconf 87' lang='lat' dir='ltr'>notatum</span> <span class='ocrx_word' id='word_1_86' title='bbox 700 1517 742 1578; x_wconf 91' lang='lat' dir='ltr'>est</span> <span class='ocrx_word' id='word_1_87' title='bbox 765 1509 968 1608; x_wconf 70' lang='lat' dir='ltr'>consecrata.</span> <span class='ocrx_word' id='word_1_88' title='bbox 1025 1521 1105 1580; x_wconf 75' lang='lat' dir='ltr'>Erld.</span> 
     </span>
     <span class='ocr_line' id='line_1_12' title="bbox 63 1609 1107 1708; baseline 0.007 -33"><span class='ocrx_word' id='word_1_89' title='bbox 63 1619 217 1696; x_wconf 80' lang='lat' dir='ltr'>antiquae</span> <span class='ocrx_word' id='word_1_90' title='bbox 241 1639 268 1678; x_wconf 89' lang='lat' dir='ltr'>t.</span> <span class='ocrx_word' id='word_1_91' title='bbox 293 1635 325 1682; x_wconf 87' lang='grc'>9.</span> <span class='ocrx_word' id='word_1_92' title='bbox 347 1653 394 1666; x_wconf 85' lang='grc'><strong>-</strong></span> <span class='ocrx_word' id='word_1_93' title='bbox 419 1621 456 1680; x_wconf 78' lang='lat' dir='ltr'>ad</span> <span class='ocrx_word' id='word_1_94' title='bbox 479 1631 539 1698; x_wconf 76' lang='lat'>42.</span> <span class='ocrx_word' id='word_1_95' title='bbox 563 1621 715 1682; x_wconf 81' lang='lat' dir='ltr'>exhibent</span> <span class='ocrx_word' id='word_1_96' title='bbox 730 1609 884 1708; x_wconf 82' lang='lat' dir='ltr'>sacrata,</span> <span class='ocrx_word' id='word_1_97' title='bbox 909 1621 993 1700; x_wconf 90' lang='lat' dir='ltr'>qnod</span> <span class='ocrx_word' id='word_1_98' title='bbox 1011 1633 1042 1681; x_wconf 92' lang='lat' dir='ltr'>et</span> <span class='ocrx_word' id='word_1_99' title='bbox 1059 1641 1107 1682; x_wconf 92' lang='lat' dir='ltr'>re·</span> 
     </span>
     <span class='ocr_line' id='line_1_13' title="bbox 63 1712 1107 1810; baseline 0.007 -34"><span class='ocrx_word' id='word_1_100' title='bbox 63 1720 163 1798; x_wconf 82' lang='lat' dir='ltr'>petiit</span> <span class='ocrx_word' id='word_1_101' title='bbox 187 1719 387 1783; x_wconf 83' lang='lat' dir='ltr'>lleinoldiue.</span> <span class='ocrx_word' id='word_1_102' title='bbox 446 1721 574 1782; x_wconf 83' lang='lat' dir='ltr'>l&#39;rimue</span> <span class='ocrx_word' id='word_1_103' title='bbox 598 1712 777 1810; x_wconf 83' lang='lat' dir='ltr'>consecrato</span> <span class='ocrx_word' id='word_1_104' title='bbox 805 1721 894 1780; x_wconf 81' lang='lat' dir='ltr'>dedit</span> <span class='ocrx_word' id='word_1_105' title='bbox 921 1723 955 1783; x_wconf 80' lang='lat' dir='ltr'>A.</span> <span class='ocrx_word' id='word_1_106' title='bbox 982 1721 1107 1784; x_wconf 84' lang='lat' dir='ltr'>Grono-</span> 
     </span>
     <span class='ocr_line' id='line_1_14' title="bbox 63 1819 1104 1905; baseline 0.007 -27"><span class='ocrx_word' id='word_1_107' title='bbox 63 1821 142 1880; x_wconf 77' lang='lat' dir='ltr'>viue</span> <span class='ocrx_word' id='word_1_108' title='bbox 164 1823 198 1878; x_wconf 92' lang='lat' dir='ltr'>in</span> <span class='ocrx_word' id='word_1_109' title='bbox 220 1821 270 1881; x_wconf 90' lang='lat' dir='ltr'>ed.</span> <span class='ocrx_word' id='word_1_110' title='bbox 294 1833 354 1899; x_wconf 88' lang='lat'>44.</span> <span class='ocrx_word' id='word_1_111' title='bbox 389 1822 485 1902; x_wconf 90' lang='lat' dir='ltr'>idque</span> <span class='ocrx_word' id='word_1_112' title='bbox 515 1825 714 1884; x_wconf 88' lang='lat' dir='ltr'>retinuerunt</span> <span class='ocrx_word' id='word_1_113' title='bbox 743 1819 874 1902; x_wconf 82' lang='lat' dir='ltr'>posteri.</span> <span class='ocrx_word' id='word_1_114' title='bbox 909 1841 1013 1902; x_wconf 86' lang='lat' dir='ltr'>nequo</span> <span class='ocrx_word' id='word_1_115' title='bbox 1042 1841 1104 1905; x_wconf 81' lang='lat' dir='ltr'>ego</span> 
     </span>
     <span class='ocr_line' id='line_1_15' title="bbox 63 1923 1105 2002; baseline 0.006 -24"><span class='ocrx_word' id='word_1_116' title='bbox 63 1935 200 2000; x_wconf 83' lang='lat' dir='ltr'>propter</span> <span class='ocrx_word' id='word_1_117' title='bbox 238 1923 386 1982; x_wconf 88' lang='lat' dir='ltr'>codicum</span> <span class='ocrx_word' id='word_1_118' title='bbox 419 1925 514 1984; x_wconf 86' lang='lat' dir='ltr'>sulem</span> <span class='ocrx_word' id='word_1_119' title='bbox 556 1923 745 1990; x_wconf 84' lang='lat' dir='ltr'>detrectavi.</span> <span class='ocrx_word' id='word_1_120' title='bbox 788 1925 932 2002; x_wconf 76' lang='lat' dir='ltr'>quamvis</span> <span class='ocrx_word' id='word_1_121' title='bbox 969 1926 1105 1984; x_wconf 90' lang='lat' dir='ltr'>omnino</span> 
     </span>
     <span class='ocr_line' id='line_1_16' title="bbox 63 2021 1107 2106; baseline 0.006 -28"><span class='ocrx_word' id='word_1_122' title='bbox 63 2022 202 2099; x_wconf 77' lang='lat' dir='ltr'>perinde</span> <span class='ocrx_word' id='word_1_123' title='bbox 217 2023 277 2090; x_wconf 83' lang='lat' dir='ltr'>est.</span> <span class='ocrx_word' id='word_1_124' title='bbox 303 2039 334 2084; x_wconf 94' lang='lat' dir='ltr'>et</span> <span class='ocrx_word' id='word_1_125' title='bbox 350 2025 521 2105; x_wconf 81' lang='lat' dir='ltr'>compotita</span> <span class='ocrx_word' id='word_1_126' title='bbox 537 2045 610 2086; x_wconf 88' lang='lat' dir='ltr'>cum</span> <span class='ocrx_word' id='word_1_127' title='bbox 628 2021 819 2104; x_wconf 85' lang='lat' dir='ltr'>limplicibue</span> <span class='ocrx_word' id='word_1_128' title='bbox 835 2025 867 2082; x_wconf 92' lang='lat' dir='ltr'>in</span> <span class='ocrx_word' id='word_1_129' title='bbox 885 2023 941 2084; x_wconf 88' lang='lat' dir='ltr'>lrac</span> <span class='ocrx_word' id='word_1_130' title='bbox 961 2023 1022 2104; x_wconf 80' lang='lat' dir='ltr'>ipsa</span> <span class='ocrx_word' id='word_1_131' title='bbox 1040 2045 1107 2106; x_wconf 88' lang='lat' dir='ltr'>par·</span> 
     </span>
     <span class='ocr_line' id='line_1_17' title="bbox 66 2119 1105 2208; baseline 0.007 -28"><span class='ocrx_word' id='word_1_132' title='bbox 66 2123 163 2182; x_wconf 85' lang='lat' dir='ltr'>ticnla</span> <span class='ocrx_word' id='word_1_133' title='bbox 190 2119 301 2204; x_wconf 85' lang='lat' dir='ltr'>paffim</span> <span class='ocrx_word' id='word_1_134' title='bbox 333 2139 506 2187; x_wconf 86' lang='lat' dir='ltr'>mutantur.</span> <span class='ocrx_word' id='word_1_135' title='bbox 558 2125 610 2188; x_wconf 88' lang='lat' dir='ltr'>Sic</span> <span class='ocrx_word' id='word_1_136' title='bbox 636 2127 721 2206; x_wconf 90' lang='lat' dir='ltr'>apud</span> <span class='ocrx_word' id='word_1_137' title='bbox 753 2123 939 2185; x_wconf 82' lang='lat' dir='ltr'>Ciceronem</span> <span class='ocrx_word' id='word_1_138' title='bbox 967 2125 1006 2186; x_wconf 91' lang='lat' dir='ltr'>de</span> <span class='ocrx_word' id='word_1_139' title='bbox 1033 2127 1105 2208; x_wconf 83' lang='lat' dir='ltr'>lege</span> 
     </span>
     <span class='ocr_line' id='line_1_18' title="bbox 64 2217 1107 2314; baseline 0.005 -33"><span class='ocrx_word' id='word_1_140' title='bbox 64 2242 163 2304; x_wconf 76' lang='lat' dir='ltr'>agrae.</span> <span class='ocrx_word' id='word_1_141' title='bbox 196 2245 224 2293; x_wconf 85' lang='lat' dir='ltr'>r,</span> <span class='ocrx_word' id='word_1_142' title='bbox 254 2245 282 2286; x_wconf 89' lang='lat' dir='ltr'>t.</span> <span class='ocrx_word' id='word_1_143' title='bbox 312 2224 396 2286; x_wconf 84' lang='lat' dir='ltr'>dono</span> <span class='ocrx_word' id='word_1_144' title='bbox 419 2241 451 2288; x_wconf 89' lang='lat' dir='ltr'>et</span> <span class='ocrx_word' id='word_1_145' title='bbox 474 2225 635 2296; x_wconf 85' lang='lat' dir='ltr'>condono;</span> <span class='ocrx_word' id='word_1_146' title='bbox 668 2227 701 2284; x_wconf 94' lang='lat' dir='ltr'>in</span> <span class='ocrx_word' id='word_1_147' title='bbox 726 2225 819 2286; x_wconf 87' lang='lat' dir='ltr'>Catil.</span> <span class='ocrx_word' id='word_1_148' title='bbox 841 2238 871 2302; x_wconf 79' lang='lat'>5.</span> <span class='ocrx_word' id='word_1_149' title='bbox 901 2245 930 2288; x_wconf 89' lang='lat' dir='ltr'>t.</span> <span class='ocrx_word' id='word_1_150' title='bbox 953 2217 1048 2314; x_wconf 85' lang='lat' dir='ltr'>servo</span> <span class='ocrx_word' id='word_1_151' title='bbox 1072 2239 1107 2288; x_wconf 91' lang='lat' dir='ltr'>et</span> 
     </span>
     <span class='ocr_line' id='line_1_19' title="bbox 64 2315 1106 2412; baseline 0.009 -31"><span class='ocrx_word' id='word_1_152' title='bbox 64 2315 216 2412; x_wconf 81' lang='lat' dir='ltr'>corrservo</span> <span class='ocrx_word' id='word_1_153' title='bbox 240 2339 274 2386; x_wconf 88' lang='lat' dir='ltr'>et</span> <span class='ocrx_word' id='word_1_154' title='bbox 297 2326 367 2390; x_wconf 88' lang='lat' dir='ltr'>alia.</span> <span class='ocrx_word' id='word_1_155' title='bbox 427 2329 497 2390; x_wconf 89' lang='lat' dir='ltr'>Vid.</span> <span class='ocrx_word' id='word_1_156' title='bbox 524 2327 673 2388; x_wconf 90' lang='lat' dir='ltr'>Garaton.</span> <span class='ocrx_word' id='word_1_157' title='bbox 694 2327 734 2386; x_wconf 88' lang='lat' dir='ltr'>ad</span> <span class='ocrx_word' id='word_1_158' title='bbox 762 2327 911 2389; x_wconf 87' lang='lat' dir='ltr'>Ciceron.</span> <span class='ocrx_word' id='word_1_159' title='bbox 939 2347 996 2410; x_wconf 91' lang='lat' dir='ltr'>pro</span> <span class='ocrx_word' id='word_1_160' title='bbox 1020 2327 1106 2390; x_wconf 83' lang='lat' dir='ltr'>Sulla</span> 
     </span>
     <span class='ocr_line' id='line_1_20' title="bbox 65 2427 584 2512; baseline 0.015 -28"><span class='ocrx_word' id='word_1_161' title='bbox 65 2444 91 2484; x_wconf 86' lang='lat' dir='ltr'>e.</span> <span class='ocrx_word' id='word_1_162' title='bbox 112 2439 173 2504; x_wconf 82' lang='grc' dir='ltr'>5ο.</span> <span class='ocrx_word' id='word_1_163' title='bbox 200 2439 234 2487; x_wconf 89' lang='lat' dir='ltr'>et</span> <span class='ocrx_word' id='word_1_164' title='bbox 255 2427 289 2486; x_wconf 92' lang='lat' dir='ltr'>in</span> <span class='ocrx_word' id='word_1_165' title='bbox 310 2427 415 2490; x_wconf 87' lang='lat' dir='ltr'>Pilon.</span> <span class='ocrx_word' id='word_1_166' title='bbox 438 2450 506 2512; x_wconf 85' lang='lat' dir='ltr'>cap.</span> <span class='ocrx_word' id='word_1_167' title='bbox 525 2445 584 2508; x_wconf 82' lang='grc'>99.</span> 
     </span>
    </p>
   </div>
   <div class='ocr_carea' id='block_1_3' title="bbox 60 2619 1104 3725">
    <p class='ocr_par' dir='ltr' id='par_1_3' title="bbox 60 2619 1104 3725">
     <span class='ocr_line' id='line_1_21' title="bbox 132 2619 1101 2716; baseline 0.005 -29"><span class='ocrx_word' id='word_1_168' title='bbox 132 2619 336 2716; x_wconf 79' lang='lat' dir='ltr'>fabulis)</span> <span class='ocrx_word' id='word_1_169' title='bbox 373 2629 464 2714; x_wconf 83' lang='lat' dir='ltr'>Prag.</span> <span class='ocrx_word' id='word_1_170' title='bbox 488 2631 665 2714; x_wconf 81' lang='lat' dir='ltr'>praemittit</span> <span class='ocrx_word' id='word_1_171' title='bbox 683 2631 727 2692; x_wconf 88' lang='lat' dir='ltr'>in.</span> <span class='ocrx_word' id='word_1_172' title='bbox 765 2629 830 2692; x_wconf 91' lang='lat' dir='ltr'>Pro</span> <span class='ocrx_word' id='word_1_173' title='bbox 852 2651 973 2710; x_wconf 82' lang='lat' dir='ltr'>pennas</span> <span class='ocrx_word' id='word_1_174' title='bbox 993 2628 1101 2692; x_wconf 88' lang='lat' dir='ltr'>Cibin.</span> 
     </span>
     <span class='ocr_line' id='line_1_22' title="bbox 65 2729 1103 2814; baseline 0.003 -25"><span class='ocrx_word' id='word_1_175' title='bbox 65 2741 97 2789; x_wconf 85' lang='lat' dir='ltr'>et</span> <span class='ocrx_word' id='word_1_176' title='bbox 115 2729 202 2792; x_wconf 89' lang='lat' dir='ltr'>Gud.</span> <span class='ocrx_word' id='word_1_177' title='bbox 226 2731 301 2790; x_wconf 89' lang='lat' dir='ltr'>dant</span> <span class='ocrx_word' id='word_1_178' title='bbox 317 2731 450 2809; x_wconf 76' lang='lat' dir='ltr'>pinum,</span> <span class='ocrx_word' id='word_1_179' title='bbox 476 2734 575 2813; x_wconf 80' lang='lat' dir='ltr'>qualia</span> <span class='ocrx_word' id='word_1_180' title='bbox 592 2735 626 2794; x_wconf 93' lang='lat' dir='ltr'>in</span> <span class='ocrx_word' id='word_1_181' title='bbox 642 2731 797 2793; x_wconf 80' lang='lat' dir='ltr'>diversam</span> <span class='ocrx_word' id='word_1_182' title='bbox 815 2747 936 2814; x_wconf 85' lang='lat' dir='ltr'>partem</span> <span class='ocrx_word' id='word_1_183' title='bbox 962 2729 1103 2792; x_wconf 79' lang='lat' dir='ltr'>contnuo</span> 
     </span>
     <span class='ocr_line' id='line_1_23' title="bbox 65 2827 1104 2912; baseline 0.005 -23"><span class='ocrx_word' id='word_1_184' title='bbox 65 2845 197 2890; x_wconf 87' lang='lat' dir='ltr'>notatur</span> <span class='ocrx_word' id='word_1_185' title='bbox 220 2832 303 2912; x_wconf 88' lang='lat' dir='ltr'>apud</span> <span class='ocrx_word' id='word_1_186' title='bbox 333 2831 430 2894; x_wconf 75' lang='lat' dir='ltr'>Ouid.</span> <span class='ocrx_word' id='word_1_187' title='bbox 456 2833 586 2896; x_wconf 85' lang='lat' dir='ltr'>Metam.</span> <span class='ocrx_word' id='word_1_188' title='bbox 619 2847 671 2910; x_wconf 76' lang='lat'>¹5·</span> <span class='ocrx_word' id='word_1_189' title='bbox 702 2847 787 2911; x_wconf 77' lang='lat'><strong>475.</strong></span> <span class='ocrx_word' id='word_1_190' title='bbox 840 2827 913 2894; x_wconf 85' lang='lat' dir='ltr'>P&#39;oll</span> <span class='ocrx_word' id='word_1_191' title='bbox 943 2831 1104 2892; x_wconf 75' lang='lat' dir='ltr'>iaculatus</span> 
     </span>
     <span class='ocr_line' id='line_1_24' title="bbox 64 2931 1101 3018; baseline 0 -26"><span class='ocrx_word' id='word_1_192' title='bbox 64 2931 163 2993; x_wconf 82' lang='lat' dir='ltr'>Paris.</span> <span class='ocrx_word' id='word_1_193' title='bbox 191 2949 224 2996; x_wconf 83' lang='grc'>9.</span> <span class='ocrx_word' id='word_1_194' title='bbox 256 2933 361 2993; x_wconf 78' lang='lat' dir='ltr'>Havn.</span> <span class='ocrx_word' id='word_1_195' title='bbox 401 2933 492 3018; x_wconf 85' lang='lat' dir='ltr'>Prag.</span> <span class='ocrx_word' id='word_1_196' title='bbox 522 2935 648 2995; x_wconf 87' lang='lat' dir='ltr'>llnnon.</span> <span class='ocrx_word' id='word_1_197' title='bbox 684 2952 809 2994; x_wconf 87' lang='lat' dir='ltr'>mutant</span> <span class='ocrx_word' id='word_1_198' title='bbox 843 2935 876 2992; x_wconf 91' lang='lat' dir='ltr'>in</span> <span class='ocrx_word' id='word_1_199' title='bbox 915 2931 1101 2992; x_wconf 77' lang='lat' dir='ltr'>iaculantes.</span> 
     </span>
     <span class='ocr_line' id='line_1_25' title="bbox 65 3033 1103 3116; baseline 0.002 -24"><span class='ocrx_word' id='word_1_200' title='bbox 65 3033 129 3092; x_wconf 81' lang='lat' dir='ltr'>Alii</span> <span class='ocrx_word' id='word_1_201' title='bbox 148 3047 257 3092; x_wconf 87' lang='lat' dir='ltr'>tamen</span> <span class='ocrx_word' id='word_1_202' title='bbox 274 3033 431 3094; x_wconf 78' lang='lat' dir='ltr'>iaculatus</span> <span class='ocrx_word' id='word_1_203' title='bbox 451 3049 578 3104; x_wconf 83' lang='lat' dir='ltr'>tenent,</span> <span class='ocrx_word' id='word_1_204' title='bbox 605 3035 688 3116; x_wconf 86' lang='lat' dir='ltr'>quud</span> <span class='ocrx_word' id='word_1_205' title='bbox 708 3049 739 3096; x_wconf 89' lang='lat' dir='ltr'>et</span> <span class='ocrx_word' id='word_1_206' title='bbox 759 3033 926 3094; x_wconf 76' lang='lat' dir='ltr'>nl‘tendunt</span> <span class='ocrx_word' id='word_1_207' title='bbox 944 3033 1103 3094; x_wconf 72' lang='lat' dir='ltr'>editiones</span> 
     </span>
     <span class='ocr_line' id='line_1_26' title="bbox 64 3128 1100 3216; baseline 0.002 -24"><span class='ocrx_word' id='word_1_208' title='bbox 64 3128 312 3203; x_wconf 74' lang='lat' dir='ltr'>vetustissimae,</span> <span class='ocrx_word' id='word_1_209' title='bbox 339 3147 371 3196; x_wconf 87' lang='lat' dir='ltr'>et</span> <span class='ocrx_word' id='word_1_210' title='bbox 396 3137 522 3216; x_wconf 88' lang='lat' dir='ltr'>repetiit</span> <span class='ocrx_word' id='word_1_211' title='bbox 545 3137 710 3196; x_wconf 73' lang='lat' dir='ltr'>vadianus.</span> <span class='ocrx_word' id='word_1_212' title='bbox 764 3135 847 3196; x_wconf 78' lang='lat' dir='ltr'>Etld.</span> <span class='ocrx_word' id='word_1_213' title='bbox 875 3143 929 3212; x_wconf 83' lang='lat'>14.</span> <span class='ocrx_word' id='word_1_214' title='bbox 962 3145 1015 3210; x_wconf 85' lang='lat'>15.</span> <span class='ocrx_word' id='word_1_215' title='bbox 1044 3149 1100 3208; x_wconf 86' lang='lat'>17.</span> 
     </span>
     <span class='ocr_line' id='line_1_27' title="bbox 63 3233 1103 3318; baseline 0 -24"><span class='ocrx_word' id='word_1_216' title='bbox 63 3249 125 3296; x_wconf 82' lang='lat'>20.</span> <span class='ocrx_word' id='word_1_217' title='bbox 154 3248 214 3312; x_wconf 79' lang='lat'>23.</span> <span class='ocrx_word' id='word_1_218' title='bbox 254 3247 310 3315; x_wconf 74' lang='lat'>24.</span> <span class='ocrx_word' id='word_1_219' title='bbox 347 3235 547 3298; x_wconf 82' lang='lat' dir='ltr'>Olivariauae</span> <span class='ocrx_word' id='word_1_220' title='bbox 584 3238 765 3318; x_wconf 80' lang='lat' dir='ltr'>pleraeque,</span> <span class='ocrx_word' id='word_1_221' title='bbox 796 3235 892 3316; x_wconf 85' lang='lat' dir='ltr'>(narn</span> <span class='ocrx_word' id='word_1_222' title='bbox 921 3235 978 3298; x_wconf 87' lang='grc'>96.</span> <span class='ocrx_word' id='word_1_223' title='bbox 1006 3233 1103 3296; x_wconf 88' lang='lat' dir='ltr'>habet</span> 
     </span>
     <span class='ocr_line' id='line_1_28' title="bbox 60 3331 1101 3416; baseline 0 -22"><span class='ocrx_word' id='word_1_224' title='bbox 60 3331 243 3414; x_wconf 60' lang='lat' dir='ltr'>mandatas)</span> <span class='ocrx_word' id='word_1_225' title='bbox 268 3338 456 3416; x_wconf 70' lang='lat' dir='ltr'>Stephanae,</span> <span class='ocrx_word' id='word_1_226' title='bbox 482 3339 623 3408; x_wconf 81' lang='lat' dir='ltr'>Vinetne.</span> <span class='ocrx_word' id='word_1_227' title='bbox 649 3341 800 3404; x_wconf 81' lang='lat' dir='ltr'>Sclrottus</span> <span class='ocrx_word' id='word_1_228' title='bbox 818 3337 998 3396; x_wconf 89' lang='lat' dir='ltr'>maluerunt</span> <span class='ocrx_word' id='word_1_229' title='bbox 1015 3337 1101 3396; x_wconf 82' lang='lat' dir='ltr'>ineu·</span> 
     </span>
     <span class='ocr_line' id='line_1_29' title="bbox 60 3435 1100 3518; baseline 0.003 -24"><span class='ocrx_word' id='word_1_230' title='bbox 60 3435 178 3498; x_wconf 83' lang='lat' dir='ltr'>lantes.</span> <span class='ocrx_word' id='word_1_231' title='bbox 228 3435 348 3498; x_wconf 85' lang='lat' dir='ltr'>Volliur</span> <span class='ocrx_word' id='word_1_232' title='bbox 364 3439 439 3500; x_wconf 85' lang='lat' dir='ltr'>inde</span> <span class='ocrx_word' id='word_1_233' title='bbox 457 3441 620 3500; x_wconf 85' lang='lat' dir='ltr'>revocavit</span> <span class='ocrx_word' id='word_1_234' title='bbox 643 3439 810 3507; x_wconf 81' lang='lat' dir='ltr'>iocnlatar,</span> <span class='ocrx_word' id='word_1_235' title='bbox 839 3441 923 3518; x_wconf 90' lang='lat' dir='ltr'>quod</span> <span class='ocrx_word' id='word_1_236' title='bbox 943 3435 1100 3506; x_wconf 76' lang='lat' dir='ltr'>remansit,</span> 
     </span>
     <span class='ocr_line' id='line_1_30' title="bbox 61 3537 1101 3620; baseline 0.002 -24"><span class='ocrx_word' id='word_1_237' title='bbox 61 3551 93 3596; x_wconf 91' lang='lat' dir='ltr'>et</span> <span class='ocrx_word' id='word_1_238' title='bbox 110 3557 175 3620; x_wconf 84' lang='lat' dir='ltr'>ego</span> <span class='ocrx_word' id='word_1_239' title='bbox 196 3553 327 3618; x_wconf 89' lang='lat' dir='ltr'>propter</span> <span class='ocrx_word' id='word_1_240' title='bbox 342 3540 494 3600; x_wconf 87' lang='lat' dir='ltr'>maiorem</span> <span class='ocrx_word' id='word_1_241' title='bbox 515 3539 668 3600; x_wconf 84' lang='lat' dir='ltr'>librorum</span> <span class='ocrx_word' id='word_1_242' title='bbox 686 3537 882 3609; x_wconf 89' lang='lat' dir='ltr'>consensum,</span> <span class='ocrx_word' id='word_1_243' title='bbox 906 3539 960 3600; x_wconf 89' lang='lat' dir='ltr'>etli</span> <span class='ocrx_word' id='word_1_244' title='bbox 977 3551 1009 3600; x_wconf 84' lang='lat' dir='ltr'>et</span> <span class='ocrx_word' id='word_1_245' title='bbox 1026 3538 1101 3600; x_wconf 87' lang='lat' dir='ltr'>alte-</span> 
     </span>
     <span class='ocr_line' id='line_1_31' title="bbox 60 3641 805 3725; baseline 0.005 -27"><span class='ocrx_word' id='word_1_246' title='bbox 60 3657 134 3698; x_wconf 86' lang='lat' dir='ltr'>rum</span> <span class='ocrx_word' id='word_1_247' title='bbox 158 3641 331 3700; x_wconf 86' lang='lat' dir='ltr'>commode</span> <span class='ocrx_word' id='word_1_248' title='bbox 351 3641 485 3725; x_wconf 83' lang='lat' dir='ltr'>intelligi</span> <span class='ocrx_word' id='word_1_249' title='bbox 506 3641 623 3723; x_wconf 86' lang='lat' dir='ltr'>potesl,</span> <span class='ocrx_word' id='word_1_250' title='bbox 658 3641 805 3722; x_wconf 85' lang='lat' dir='ltr'>praetuli.</span> 
     </span>
    </p>
   </div>
   <div class='ocr_carea' id='block_1_4' title="bbox 62 3839 1100 4224">
    <p class='ocr_par' dir='ltr' id='par_1_4' title="bbox 62 3839 1100 4224">
     <span class='ocr_line' id='line_1_32' title="bbox 135 3839 1099 3936; baseline -0.002 -34"><span class='ocrx_word' id='word_1_251' title='bbox 135 3839 196 3928; x_wconf 70' lang='grc' dir='ltr'>ΙΙΙ</span> <span class='ocrx_word' id='word_1_252' title='bbox 207 3839 271 3920; x_wconf 82' lang='lat' dir='ltr'>ri)</span> <span class='ocrx_word' id='word_1_253' title='bbox 320 3840 457 3904; x_wconf 74' lang='lat' dir='ltr'>Codices</span> <span class='ocrx_word' id='word_1_254' title='bbox 477 3863 514 3904; x_wconf 89' lang='lat' dir='ltr'>ex</span> <span class='ocrx_word' id='word_1_255' title='bbox 537 3863 627 3905; x_wconf 90' lang='lat' dir='ltr'>more</span> <span class='ocrx_word' id='word_1_256' title='bbox 643 3841 763 3936; x_wconf 81' lang='lat' dir='ltr'>Histri,</span> <span class='ocrx_word' id='word_1_257' title='bbox 788 3856 826 3903; x_wconf 87' lang='lat' dir='ltr'>ut</span> <span class='ocrx_word' id='word_1_258' title='bbox 849 3840 986 3902; x_wconf 88' lang='lat' dir='ltr'>Vindob.</span> <span class='ocrx_word' id='word_1_259' title='bbox 1013 3841 1099 3922; x_wconf 88' lang='lat' dir='ltr'>quod</span> 
     </span>
     <span class='ocr_line' id='line_1_33' title="bbox 62 3941 1100 4036; baseline -0.002 -34"><span class='ocrx_word' id='word_1_260' title='bbox 62 3955 93 4002; x_wconf 88' lang='lat' dir='ltr'>et</span> <span class='ocrx_word' id='word_1_261' title='bbox 111 3943 233 4024; x_wconf 79' lang='lat' dir='ltr'>placuit</span> <span class='ocrx_word' id='word_1_262' title='bbox 255 3943 389 4012; x_wconf 85' lang='lat' dir='ltr'>Vineto,</span> <span class='ocrx_word' id='word_1_263' title='bbox 416 3945 468 4004; x_wconf 86' lang='lat' dir='ltr'>vel</span> <span class='ocrx_word' id='word_1_264' title='bbox 490 3943 617 4036; x_wconf 78' lang='lat' dir='ltr'>Ilystrt&#39;,</span> <span class='ocrx_word' id='word_1_265' title='bbox 642 3959 678 4004; x_wconf 91' lang='lat' dir='ltr'>ut</span> <span class='ocrx_word' id='word_1_266' title='bbox 702 3945 873 4016; x_wconf 68' lang='lat' dir='ltr'>llelnliger.</span> <span class='ocrx_word' id='word_1_267' title='bbox 924 3945 976 4004; x_wconf 87' lang='lat' dir='ltr'>Sic</span> <span class='ocrx_word' id='word_1_268' title='bbox 996 3941 1100 4032; x_wconf 70' lang='lat' dir='ltr'>lustra</span> 
     </span>
     <span class='ocr_line' id='line_1_34' title="bbox 62 4041 1098 4126; baseline -0.004 -22"><span class='ocrx_word' id='word_1_269' title='bbox 62 4057 92 4104; x_wconf 87' lang='lat' dir='ltr'>et</span> <span class='ocrx_word' id='word_1_270' title='bbox 108 4045 198 4126; x_wconf 88' lang='lat' dir='ltr'>plura</span> <span class='ocrx_word' id='word_1_271' title='bbox 220 4045 290 4104; x_wconf 85' lang='lat' dir='ltr'>alia.</span> <span class='ocrx_word' id='word_1_272' title='bbox 327 4045 389 4106; x_wconf 89' lang='lat' dir='ltr'>Sed</span> <span class='ocrx_word' id='word_1_273' title='bbox 405 4044 445 4106; x_wconf 90' lang='lat' dir='ltr'>de</span> <span class='ocrx_word' id='word_1_274' title='bbox 466 4044 561 4106; x_wconf 76' lang='lat' dir='ltr'>huius</span> <span class='ocrx_word' id='word_1_275' title='bbox 585 4047 726 4106; x_wconf 70' lang='lat' dir='ltr'>nominis</span> <span class='ocrx_word' id='word_1_276' title='bbox 747 4044 954 4125; x_wconf 81' lang='lat' dir='ltr'>adspiratione</span> <span class='ocrx_word' id='word_1_277' title='bbox 973 4045 1039 4104; x_wconf 79' lang='lat' dir='ltr'>vicl.</span> <span class='ocrx_word' id='word_1_278' title='bbox 1059 4041 1098 4102; x_wconf 88' lang='lat' dir='ltr'>arl</span> 
     </span>
     <span class='ocr_line' id='line_1_35' title="bbox 64 4143 1097 4224; baseline -0.006 -14"><span class='ocrx_word' id='word_1_279' title='bbox 64 4160 93 4215; x_wconf 78' lang='lat'>2,</span> <span class='ocrx_word' id='word_1_280' title='bbox 114 4167 144 4218; x_wconf 85' lang='grc' dir='ltr'>ι,</span> <span class='ocrx_word' id='word_1_281' title='bbox 164 4157 198 4224; x_wconf 76' lang='grc' dir='ltr'>Β.</span> <span class='ocrx_word' id='word_1_282' title='bbox 234 4145 352 4209; x_wconf 80' lang='lat' dir='ltr'>Procae</span> <span class='ocrx_word' id='word_1_283' title='bbox 369 4147 433 4218; x_wconf 79' lang='lat' dir='ltr'>sris,</span> <span class='ocrx_word' id='word_1_284' title='bbox 456 4149 505 4208; x_wconf 90' lang='lat' dir='ltr'>uti</span> <span class='ocrx_word' id='word_1_285' title='bbox 521 4145 662 4208; x_wconf 88' lang='lat' dir='ltr'>scribunt</span> <span class='ocrx_word' id='word_1_286' title='bbox 680 4149 777 4210; x_wconf 88' lang='lat' dir='ltr'>Vatic.</span> <span class='ocrx_word' id='word_1_287' title='bbox 796 4146 905 4210; x_wconf 82' lang='lat' dir='ltr'>Cibin.</span> <span class='ocrx_word' id='word_1_288' title='bbox 926 4146 979 4208; x_wconf 87' lang='lat' dir='ltr'>alii</span> <span class='ocrx_word' id='word_1_289' title='bbox 993 4165 1032 4206; x_wconf 82' lang='lat' dir='ltr'>ex</span> <span class='ocrx_word' id='word_1_290' title='bbox 1048 4143 1097 4216; x_wconf 86' lang='lat' dir='ltr'>iis,</span> 
     </span>
    </p>
   </div>
   <div class='ocr_carea' id='block_1_5' title="bbox 0 0 1412 4944">
    <p class='ocr_par' dir='ltr' id='par_1_5' title="bbox 0 0 1412 4944">
     <span class='ocr_line' id='line_1_36' title="bbox 0 0 1412 4944; baseline 0 0"><span class='ocrx_word' id='word_1_291' title='bbox 0 0 1412 4944; x_wconf 95' lang='lat' dir='ltr'> </span> 
     </span>
    </p>
   </div>
  </div>
 </body>
</html>
