2814 4946
367 427 457 486 ma.
486 429 523 484 n.
567 427 600 486 c.
622 429 688 488 vn.
727 379 756 500 'u
779 445 808 506 9.
1047 443 1108 506 σι.

68 601 182 686 Neque
202 615 310 666 tamen
333 603 483 672 relucter.
514 601 618 686 liquis
634 617 763 686 propter
779 603 925 666 codicum
941 603 1108 668 bonorum

66 708 213 787 exempla
238 705 405 782 Capherea
427 705 532 774 malit,
567 719 602 764 ut
627 707 721 766 etlam
743 723 780 766 ex
801 705 870 766 aliie
891 708 979 768 librie
1003 706 1111 788 posuit

66 809 100 868 in
122 809 236 868 Selino
252 806 425 876 Salmasius,
447 823 480 868 et
497 807 530 868 in
547 805 645 866 Plinii
665 806 787 869 nssns
802 803 917 868 exilara
937 809 1032 878 dicit.
1066 823 1110 872 u·

68 925 162 970 cente
183 923 289 970 tamen
312 909 486 972 llardnino.
538 910 675 990 Vtraque
695 906 775 970 ferte
792 905 892 970 tuma
912 911 995 990 apud
1015 909 1110 972 Gree-

68 1031 123 1072 coe
142 1012 282 1072 maxime
300 1011 332 1070 in
356 1009 411 1070 ulo
434 1007 513 1080 fuit,
544 1031 677 1092 quarum
695 1011 789 1071 altera
808 1029 862 1091 per
884 1033 902 1090 η
928 1012 1033 1072 ionica
1055 1011 1110 1074 lnt-

68 1112 192 1181 benda.
226 1111 319 1172 altera
341 1113 540 1181 eommunia,
571 1113 612 1172 lta
637 1125 742 1172 tannen
769 1127 805 1170 ιιι
827 1112 936 1172 Graeci
966 1113 1108 1175 ionicam

68 1211 273 1295 praeferrent,
292 1211 470 1294 praesertim
488 1215 520 1274 iu
538 1213 740 1274 carminibus.
775 1213 935 1274 Praeterea
952 1234 990 1274 ex
1013 1216 1109 1276 libro·

68 1335 144 1374 rum
166 1315 389 1374 terminatione
408 1313 606 1392 Candarann
623 1312 768 1395 praeferri
786 1313 894 1394 podet,
919 1315 974 1374 nili
990 1335 1006 1376 a
1025 1316 1109 1378 illela

71 1415 243 1484 Graecam.
285 1417 422 1477 maxime
453 1417 487 1476 iu
521 1417 709 1476 nominibus
740 1417 882 1486 Graecia.
917 1413 1110 1498 frequentari

68 1515 238 1578 constaret.
290 1517 394 1577 Altera
421 1517 455 1576 in
478 1537 531 1576 am
556 1517 678 1578 redolet
697 1519 883 1578 recentiorie
903 1521 1012 1579 aetati·
1039 1538 1109 1581 mo·

66 1637 158 1686 rem,
185 1637 249 1698 quo
273 1615 447 1679 accusativo
467 1617 585 1680 Graeco
609 1620 640 1678 in
663 1639 685 1678 a
705 1619 885 1698 adpendere
906 1617 1044 1680 solebant
1068 1641 1110 1692 m,

65 1721 222 1798 ideque
237 1719 367 1799 optimis
381 1720 477 1779 etiam
495 1719 680 1783 auctoribue
694 1719 877 1783 obtrudere.
909 1721 979 1786 vid.
994 1721 1061 1784 Vol.
1076 1739 1109 1784 o.

66 1823 108 1882 ad
132 1835 167 1890 2.
192 1832 226 1898 5,
250 1836 282 1884 2.
310 1821 349 1881 tle
370 1818 530 1884 Narbone.

150 2020 378 2104 Cenaeum)
428 2022 564 2086 Codicee
586 2024 738 2106 plerique.
763 2025 852 2086 velut
873 2025 1025 2096 Vaticani,
1051 2025 1112 2088 Pa·

68 2121 227 2192 rifienlee.
251 2125 359 2187 Cibin.
380 2125 462 2207 Lipl.
488 2127 662 2208 llebdiger.
684 2127 800 2188 habent
819 2127 999 2200 Germanum
1021 2127 1111 2190 Ciac·

71 2245 147 2286 coa.
181 2224 383 2298 (launacum
424 2227 562 2288 Vindob.
592 2229 782 2300 llarrmenm
824 2227 915 2314 Prag.
944 2231 1113 2302 connium

70 2327 191 2401 Vener.
222 2346 391 2398 carnrenm;
431 2327 516 2390 Gud.
540 2349 687 2390 caranum.
739 2329 822 2392 Edd.
853 2351 881 2392 t.
909 2345 941 2392 2.
964 2347 998 2409 9.
1028 2329 1112 2392 Cou-

69 2448 185 2498 uenm;
219 2441 251 2504 3.
275 2439 309 2506 4.
330 2442 364 2504 3.
387 2429 419 2492 6.
444 2445 477 2508 7.
503 2442 536 2503 8.
568 2450 622 2492 ιο.
646 2449 699 2492 ιι.
724 2447 778 2494 to.
802 2431 1012 2500 Camertinae.
1039 2431 1110 2494 ald.

70 2531 162 2590 lunt.
189 2531 351 2601 Caunum
379 2531 545 2600 Varlianae,
572 2531 771 2593 Olivarlanae
788 2551 861 2592 cum
882 2531 952 2600 lule,
979 2549 1033 2594 ar.
1053 2543 1112 2608 aa.

70 2632 229 2693 Schottna
257 2630 428 2702 Caeneum
470 2645 523 2710 ι5.
551 2631 696 2694 Ceneunr.
748 2635 810 2694 Sed
834 2647 919 2694 recte
944 2645 1113 2692 monuerat

70 2731 255 2800 Pintianne,
281 2730 479 2793 scribendum
496 2733 555 2794 elle
574 2735 726 2794 Cenaeum
743 2755 780 2794 en
796 2735 949 2796 Strabone
967 2727 1039 2818 [lib.
1057 2753 1111 2796 ru.

69 2826 143 2918 in.]
168 2845 201 2891 et
224 2833 420 2902 Ptolemaeo.
449 2829 502 2918 [3.
535 2829 611 2922 ι5.]
641 2837 672 2894 in
696 2835 812 2916 quibus
836 2837 950 2920 legitur
972 2830 1112 2916 llajvurov

69 2926 192 3018 ἄκρον.
245 2933 286 2994 Et
306 2933 346 2994 sic
367 2933 471 3014 poluit
490 2937 621 2996 Vinetue
644 2935 760 3017 etpost
781 2957 856 3000 eum
874 2933 1005 3006 l'offiue,
1033 2934 1114 2996 Gro·
1145 3015 1148 3020 Ι

65 3037 169 3100 uorii
190 3035 306 3098 etalii.
345 3035 438 3097 Nulla
459 3035 558 3098 olrllet
580 3035 750 3100 dubitatio.

151 3237 377 3319 extrudit)
426 3239 518 3323 Preg.
549 3237 711 3304 extendat.
761 3241 848 3302 Tum
882 3237 966 3322 Lipl'.
999 3259 1056 3322 pro
1083 3251 1114 3302 et

62 3361 234 3422 nusquam
256 3341 326 3400 lata
348 3341 475 3422 praebet
496 3341 587 3402 Enos
607 3363 702 3422 quam
726 3341 813 3414 lata,
845 3343 992 3422 idemque
1015 3345 1113 3402 etiam

64 3447 102 3505 in
124 3441 270 3523 margine
287 3445 401 3523 repetit
418 3443 518 3504 Enns.
560 3444 670 3504 Vener.
694 3445 791 3505 l'utic.
811 3457 843 3521 3.
864 3445 995 3504 Etdnus
1015 3463 1113 3525 qnam

64 3547 164 3615 lora3
198 3541 289 3624 Prag.
315 3544 442 3604 Ltdnos
465 3543 552 3617 lala;
588 3543 673 3606 (iud.
691 3545 862 3626 llelnliger.
887 3557 1112 3624 numquam

65 3647 157 3708 lata.
198 3645 235 3704 ln
253 3643 359 3706 Cibin.
383 3659 413 3706 et
436 3667 589 3726 rrnrqnarn
610 3645 722 3707 lolam.
761 3647 839 3706 inde
866 3645 1002 3726 llehntg.
1025 3645 1109 3706 (iud.

66 3747 187 3810 Cibin.
212 3739 384 3834 arnffimm
418 3746 526 3807 Cibin.
549 3749 643 3808 etiam
667 3767 724 3828 pro
752 3745 804 3807 uhi
824 3745 923 3806 adfert
948 3761 994 3808 ut.
1051 3747 1112 3808 l'rn

65 3847 231 3912 Boeotiae
245 3847 370 3908 codices
388 3849 489 3914 mnlti.
519 3851 550 3908 in
569 3849 608 3909 iia
624 3849 731 3910 Cibin.
751 3849 890 3910 Vintlob.
915 3847 1005 3932 Prag.
1031 3843 1113 3928 Lini.

68 3951 162 4010 Gnd.
190 3947 361 4030 liehdiger.
385 3969 458 4009 cnm
481 3951 554 4012 edd.
578 3973 604 4012 ι.
630 3949 673 4012 a?
695 3963 726 4028 3.
743 3965 777 4028 [ι.
796 3962 828 4026 5.
848 3951 881 4012 6.
901 3965 933 4018 7.
956 3961 989 4026 8.
1007 3969 1041 4012 r.
1069 3977 1114 3992 -

65 4051 205 4116 Bueer'e.
236 4049 384 4120 Boedas,
411 4051 562 4120 Haecine,
588 4071 667 4132 qnae
697 4054 757 4110 iarn
781 4049 960 4112 adfuerunt.
1016 4053 1115 4110 Antea

64 4153 195 4214 milium
227 4152 304 4212 dant
329 4155 426 4214 etiam
458 4152 544 4216 Gud.
577 4151 661 4236 lips.
693 4155 800 4217 Cibin.
825 4167 858 4240 et
887 4153 941 4214 alii
974 4153 1113 4232 quidam,
