2848 4942
335 392 378 473 54
634 375 871 438 convotur
912 373 1076 436 arctata

342 575 444 642 quum
468 551 629 636 incepisset
648 553 743 614 etiam
768 554 857 636 loqui
876 553 917 615 de
937 551 1065 616 duobus
1086 551 1209 622 fluviis,
1248 549 1390 612 Iaxarte

340 675 374 723 et
392 659 475 726 Oxo.
502 675 575 718 mort
597 655 690 714 illurn
711 656 851 736 primurn
867 657 995 736 penitae
1010 653 1132 726 deserit,
1154 673 1262 735 quum
1289 653 1390 733 poile-

341 761 434 824 riorie
455 755 577 820 cursum
599 751 743 817 satisstme
765 755 926 818 describat.
968 775 991 818 t.
1018 775 1214 820 ououovtvs
1244 754 1330 815 MS.
1355 770 1387 815 a.

343 862 444 924 Nolui
464 861 538 919 buic
554 855 666 938 scripto
684 869 738 918 aut
757 859 865 940 potine
878 858 1016 918 editioni
1037 857 1182 942 invidere
1198 855 1260 916 hae
1280 873 1389 924 voces,

344 982 423 1046 quaa
444 962 489 1020 illi
507 979 545 1020 ex
567 959 671 1019 Plinio
690 957 894 1020 restituendae
911 955 1031 1020 censuit
1054 959 1243 1029 Pintianue;
1272 957 1325 1016 cui
1352 955 1391 1016 stc

345 1061 526 1143 obsequitur
551 1054 682 1127 l'ossrue,
715 1072 751 1118 nt
774 1060 857 1140 quast
873 1081 946 1120 vera
963 1059 1065 1122 Mesae
1087 1059 1181 1119 verba
1204 1055 1388 1126 adsciverit,

344 1177 379 1227 et
397 1177 434 1222 ut
456 1161 530 1224 solet
547 1179 582 1221 ea
605 1179 654 1221 ree
674 1159 791 1229 sinere,
825 1160 864 1221 stc
884 1162 1028 1222 citaverit
1049 1161 1085 1220 arl
1105 1161 1250 1222 Plinium
1276 1153 1328 1244 [c.
1344 1152 1388 1242 l.]

346 1265 547 1332 Harduinue,
584 1281 684 1342 quum
716 1275 823 1325 tamen
849 1281 916 1322 non
942 1264 986 1322 ita
1017 1261 1052 1321 stt
1078 1261 1140 1323 boo
1165 1255 1387 1320 manifestum.

345 1366 428 1429 llsud
452 1366 564 1450 igitur,
597 1377 633 1422 ut
658 1359 748 1423 scires
772 1364 902 1442 Lector,
933 1347 1280 1446 bactenne'retinenda
1303 1373 1390 1442 puta·

347 1469 468 1538 vitum,
490 1479 647 1526 attamen
667 1462 789 1526 diverso
806 1464 979 1526 charactere
995 1465 1265 1544 exprimerentur.
1305 1461 1389 1520 Nam

348 1583 431 1630 certe
448 1568 542 1628 etiam
559 1565 660 1624 videri
678 1563 762 1625 llsela
782 1561 881 1646 potest
903 1585 969 1625 ιιοιι
985 1565 1025 1624 lic
1046 1561 1199 1646 scripsisse.
1256 1563 1389 1645 Quippe

349 1669 475 1732 Plinius
497 1667 607 1726 eadum
633 1663 697 1726 sere
718 1666 851 1736 babens,
886 1686 964 1745 qnae
989 1664 1088 1736 Mela,
1122 1687 1188 1727 non
1204 1665 1313 1726 morlo
1336 1681 1390 1742 pet

350 1765 530 1836 Nomadas,
572 1763 622 1826 sed
655 1767 749 1828 etiam
781 1787 836 1848 per
865 1767 1003 1846 Hylateoa
1032 1767 1128 1827 sinete
1161 1786 1238 1826 enm
1272 1763 1388 1824 scribit.

350 1869 441 1930 Licet
462 1869 550 1928 enim
573 1881 662 1927 vocet
684 1867 861 1946 Hypanim,
896 1869 1006 1948 nequit
1022 1881 1125 1927 tamen
1143 1868 1259 1936 alium,
1295 1884 1389 1946 quam

351 1969 536 2050 Hypacytin
559 1967 759 2034 intellexisse,
786 1969 932 2028 ucetiam
952 1970 1080 2051 corrigit
1102 1967 1293 2036 Pintianue‚
1323 1985 1388 2026 non

353 2071 418 2132 stne
441 2087 553 2152 magna
576 2067 813 2148 probabilitate,
840 2083 923 2130 certe
946 2089 999 2130 me
1019 2069 1248 2152 applaudente,
1286 2086 1387 2149 quum

349 2172 514 2254 nugatoria
537 2167 573 2228 lit
591 2168 744 2250 cogitatio
761 2163 859 2230 Voffii
873 2172 912 2230 de
927 2170 1039 2253 infigui
1057 2189 1159 2232 errore
1175 2170 1288 2240 Plinii,
1316 2169 1389 2248 quia

351 2271 470 2333 viderit
494 2271 527 2329 in
552 2268 613 2328 hoc
641 2269 712 2328 loco
737 2268 838 2330 Melae
861 2269 960 2331 deesse
984 2271 1138 2340 fluvium,
1178 2268 1389 2352 strpponentie

288 2401 290 2408 ·
350 2389 438 2434 eum.
491 2371 580 2452 Quid
604 2367 732 2437 facilior,
758 2389 857 2450 quum
880 2372 1062 2452 Hypacyrin
1084 2374 1273 2433 vocaverint
1294 2373 1391 2430 inter*

352 2473 431 2534 dom
447 2471 693 2540 buncatnnem,
722 2469 798 2531 iutle
814 2474 974 2554 corrumpi
997 2476 1029 2532 iu
1048 2471 1233 2555 Hypanim?
1289 2472 1388 2532 Hero-

352 2575 448 2635 dotus
477 2589 553 2632 veto
581 2591 680 2650 quum
706 2571 798 2631 issum
829 2574 929 2632 tradat
965 2569 994 2646 l,-
1019 2563 1124 2660 δεξιὴν
1152 2570 1304 2660 ἂπὲργειιι
1331 2565 1388 2652 ciyv

350 2669 507 2754 Ὑλαίην,
540 2673 654 2752 quirini
675 2672 844 2734 veristmise
866 2673 907 2734 est
930 2660 1124 2750 Hylaeorum
1147 2694 1277 2755 quoque
1301 2691 1387 2734 mon·

352 2777 478 2838 tionem
494 2772 611 2833 sactttur
629 2773 667 2832 ab
685 2771 789 2834 blesus
840 2775 1077 2836 Aninradvertas
1097 2776 1218 2846 Lector,
1239 2777 1273 2834 id
1291 2773 1389 2834 astute

353 2876 517 2960 praeteriri
537 2874 575 2934 ab
593 2869 709 2942 Vo'ssto.
733 2873 829 2935 verba
849 2875 1004 2936 Herodoti
1025 2877 1204 2956 arripiente.
1250 2877 1314 2937 Sed
1335 2892 1385 2932 ne

352 2999 418 3060 que
435 2977 512 3037 certi
534 2974 593 3036 esse
617 2975 795 3056 possumne,
829 2989 939 3036 utrum
963 2975 1046 3036 Mela
1071 2975 1220 3058 scripserit
1243 2997 1301 3050 per
1321 2975 1386 3035 alo

355 3077 484 3146 arrodat,
515 3095 554 3136 att
578 3093 654 3136 vero
676 3077 768 3135 ittxttr
788 3077 840 3136 vel
855 3067 1046 3166 secuudum,
1079 3091 1117 3136 ιιι
1138 3077 1211 3136 alibi
1236 3077 1384 3158 loquitur,

354 3177 443 3258 quod
460 3173 529 3236 sane
544 3195 583 3235 ett
602 3175 766 3235 Herodoto
783 3178 912 3242 videtur
926 3179 1050 3260 colligi;
1075 3179 1165 3238 cuiue
1183 3177 1279 3240 verba
1299 3175 1384 3237 sunt:

355 3271 421 3336 Atti
450 3274 553 3360 pictav
582 3273 647 3335 τῶν
679 3269 840 3359 Νομάδων
870 3275 1028 3341 Σκυθέων
1054 3274 1130 3364 ῥέων
1154 3275 1273 3340 ἐκδιδοῖ
1297 3268 1384 3338 κατὰ

356 3361 541 3462 Kopatvictv
563 3369 657 3436 πόλιν
681 3369 710 3446 ἐς
732 3363 837 3460 δεξιὴν
862 3372 1010 3462 ἀπέργων
1034 3375 1094 3464 τὴν
1120 3375 1267 3464 Ὑλαίην.
1321 3377 1386 3459 Qui

355 3477 473 3539 fluvius
498 3496 553 3556 per
580 3477 703 3536 medios
734 3475 892 3538 Nomadas
921 3481 1051 3556 Scythae
1074 3481 1160 3547 ttutt.
1194 3482 1220 3541 ie
1241 3492 1325 3540 certe
1347 3475 1386 3536 ad

356 3593 530 3658 utrumque
547 3577 625 3636 latua
642 3576 735 3637 babet
755 3577 814 3639 bor
828 3577 969 3656 Scythas.
1022 3581 1197 3664 Quomodo
1213 3582 1312 3663 igitur
1332 3579 1382 3637 ille

357 3680 396 3740 ad
417 3683 558 3738 dextram
577 3693 699 3738 coercet
719 3679 868 3758 Hylaean.
907 3681 1043 3742 Dubitee
1062 3684 1168 3752 etiarn,
1192 3701 1231 3741 au
1248 3675 1287 3744 τὸ
1304 3682 1382 3740 inter

306 3851 313 3862 ¹
355 3781 535 3862 repetierit,
565 3793 601 3838 ut
622 3779 677 3839 sib.
701 3795 731 3842 2.
757 3799 783 3841 c.
802 3793 836 3854 5.
866 3780 905 3838 de
926 3783 1004 3842 Axio
1026 3795 1058 3842 et
1078 3783 1185 3844 Peneo
1207 3783 1319 3862 repetit
1342 3771 1382 3840 τό

354 3902 427 3961 per,
463 3881 515 3940 vel
544 3881 639 3940 etiam
666 3881 833 3942 variaverit
856 3881 919 3940 alio
945 3885 1044 3943 modo
1070 3883 1211 3963 phrasin,
1250 3898 1287 3943 ut
1312 3879 1381 3940 satit

354 3981 411 4044 lib.
433 3996 465 4060 3.
484 4002 511 4043 c.
530 3993 563 4057 8.
592 3982 632 4040 de
656 3981 728 4041 Sabi
751 3995 783 4042 et
804 3981 900 4044 Coro.
943 4001 966 4045 r.
993 4002 1200 4046 ottonovtve.
1265 3983 1378 4044 Etbic

352 4101 478 4166 quoque
495 4082 597 4144 bonae
611 4084 737 4146 invenie
752 4084 876 4144 mavult
890 4086 1011 4168 nugari,
1032 4106 1129 4168 quam
1147 4065 1262 4149 tacere.¹
1296 4081 1378 4145 Dicit
