2836 4940
291 463 296 472 ,
379 399 470 460 ΗΒ.
492 403 546 460 m.
596 401 630 460 c.
657 401 723 464 ru.
763 401 791 474 t.
813 398 844 460 6.
1072 413 1135 482 ⁹4⁵

82 579 247 664 ignorent.
283 577 388 663 igitur
406 589 461 638 aut
481 577 565 639 male
588 576 714 646 retulit,
745 589 801 637 aut
818 574 993 640 auctiorem
1013 577 1128 644 habuit

84 682 220 744 Melam.
255 681 303 742 An
325 699 364 741 err
385 679 483 740 altero
499 699 602 760 eoque
620 678 785 760 prolixiori
801 697 914 762 opere,
939 680 1043 746 little
1066 705 1127 748 un«

82 803 179 866 quam
195 781 361 866 evulgavit
380 780 465 844 Mela
472 823 482 853 ‚
508 778 633 842 hausst‘l

161 974 458 1077 Parapaniso)
494 983 630 1048 Codicea
644 984 709 1045 mei
727 976 960 1078 Caropmrrmsm
981 989 1030 1048 uti
1046 987 1121 1056 llbr.

86 1087 249 1150 Gronovii
265 1089 395 1170 aliquot,
420 1100 453 1148 et
467 1083 650 1148 Parilienlea
673 1100 745 1156 trec,
773 1087 944 1170 llelrdigcr.
971 1091 1125 1164 Vaticani,

85 1189 175 1253 Gud.
198 1219 248 1236 --
279 1190 347 1260 vel,
380 1201 417 1250 ut
450 1187 533 1272 Lipl'.
570 1188 662 1273 l’rag.
692 1181 917 1278 coroperuujn,·
965 1207 1124 1272 praeterea

85 1290 169 1354 Voll.
189 1309 220 1354 1.
243 1281 482 1380 Coldponr'as05
508 1290 615 1354 Cibiu.
634 1281 896 1379 Calonpurrroso;
920 1291 1006 1356 Chii.
1023 1296 1125 1358 Paro·

81 1383 208 1484 punish.
252 1392 336 1456 Edd.
358 1413 387 1456 r.
413 1381 659 1482 Caroparuaso,·
687 1409 718 1454 a.
736 1405 767 1470 3.
785 1402 820 1470 4.
840 1403 874 1468 5.
895 1410 929 1470 9.
951 1395 1125 1458 11'.Caro-

81 1485 256 1582 puruuffor
288 1491 321 1559 6.
344 1509 377 1570 7.
394 1505 427 1572 8.
451 1515 505 1556 ιο.
529 1507 582 1555 12.
605 1505 657 1572 13.
685 1502 738 1571 ²4·
761 1513 773 1552 r
782 1504 815 1568 5.
839 1494 979 1575 reliquae
993 1496 1032 1556 ad
1050 1499 1125 1558 llei-

82 1597 235 1656 uoldiuru
255 1587 486 1688 Paropamiso‚·
522 1615 596 1656 cum
620 1594 682 1654 hnc
705 1596 764 1673 44.
790 1605 849 1672 45.
872 1609 904 1656 et
926 1595 1003 1657 aliae
1024 1599 1123 1661 Paro·

79 1688 208 1787 pauiso.
260 1697 344 1758 illud
364 1699 427 1758 iam
446 1699 488 1758 ita
510 1697 733 1758 emendaverat
757 1695 947 1760 Hermolaus
968 1697 1123 1764 Barbarus

79 1818 143 1881 pro
169 1789 414 1889 (iaropurnaso,
447 1799 533 1880 quod
557 1812 589 1860 ot
612 1795 706 1858 habet
728 1795 895 1860 Boccatiur
918 1798 957 1860 de
981 1799 1121 1862 flumini·

78 1899 143 1962 bue
160 1897 182 1962 i.
198 1921 230 1962 v.
253 1901 364 1963 indue.
395 1899 584 1964 Ciacconiue
603 1919 641 1960 ex
656 1899 784 1979 antiqua
806 1898 942 1960 lectione
962 1899 1122 1982 Caropcrr·

79 1993 164 2093 naso
184 2001 329 2064 eliciebat
355 1992 516 2092 Caucaso.
552 2020 626 2062 cum
648 2001 798 2061 Arrianut
828 2001 868 2060 de
891 2003 1004 2082 exped.
1030 2004 1118 2068 Alex.

81 2103 132 2166 M.
152 2116 186 2182 5,
202 2113 237 2186 4.
261 2105 305 2165 in.
329 2103 370 2164 de
394 2105 475 2166 Indo
501 2101 629 2165 scribat:
671 2099 705 2163 ei
729 2097 833 2189 πηγαί
853 2097 927 2165 εἰσιν
950 2091 1045 2187 αὐτῷ
1066 2099 1120 2170 irri

79 2199 165 2270 τάδε
194 2201 254 2269 τοῦ
287 2196 381 2292 ὅρους
407 2201 468 2269 τοῦ
496 2199 743 2292 Παραπαμίσου
766 2198 787 2288 ἢ
808 2197 1002 2268 Καυκάσου.
1054 2207 1120 2270 Sed

79 2309 230 2390 quamvis
242 2307 281 2368 ad
298 2303 385 2368 idem
401 2304 466 2369 iere
483 2307 589 2368 redeat
604 2317 785 2386 utrumque,
811 2325 850 2366 ex
866 2323 931 2386 quo
948 2307 1119 2370 Alexandri

76 2409 200 2470 militer
230 2426 266 2468 ea
295 2411 426 2469 nomina
457 2405 663 2478 miscuerant,
705 2407 833 2490 longius
859 2419 965 2468 tamen
995 2409 1074 2470 illud
1102 2431 1122 2474 a

77 2507 256 2574 Codicibue
273 2507 365 2580 abeli,
389 2529 486 2592 quam
506 2505 735 2592 Paropamiiun.
781 2508 922 2576 Accedit.
948 2511 1034 2590 quod
1054 2509 1119 2572 Pli-

78 2613 157 2674 niue
174 2611 207 2682 6,
227 2625 283 2690 23.
300 2609 321 2672 l.
342 2630 398 2674 oo.
420 2612 536 2672 indum
555 2631 593 2672 ex
610 2605 822 2691 Parapamiso,
849 2609 975 2670 Caucafi
995 2613 1119 2676 montio

77 2717 178 2798 iugo,
203 2713 342 2774 deducit.
395 2711 462 2795 lpia
477 2726 584 2774 tamen
603 2713 691 2772 vociu
707 2709 852 2790 scriptura
875 2711 971 2771 etiam
994 2711 1027 2772 in
1048 2713 1118 2781 aliie

77 2815 169 2878 varie
190 2811 349 2884 versatur,
374 2833 434 2876 nec
450 2815 548 2876 hodie
564 2811 782 2878 fibiconllant
802 2811 976 2883 editiones,
1009 2812 1063 2874 bic
1084 2827 1118 2876 et

82 2939 113 2988 ι,
140 2927 193 2994 ι5,
214 2932 246 2980 2.
285 2917 436 2978 Arrianus
456 2909 697 3004 Παραπάμισος
718 2911 846 2974 scribere
869 2911 959 2982 iulet.
986 2927 1017 2974 et
1038 2915 1116 2978 hinc

76 3019 120 3081 de
145 3017 257 3100 erped.
280 3015 368 3080 Alex.
391 3017 438 3080 M.
458 3028 492 3096 4,
514 3033 570 3084 22.
591 3027 623 3094 5.
647 3009 945 3103 Παραπαμισάδαι,
975 3028 1007 3076 et
1030 3015 1115 3098 apud

77 3121 201 3205 Geogr.
234 3119 380 3182 ilavenn.
409 3133 441 3189 o,
465 3129 499 3198 4.
533 3113 790 3206 Parapomfidon
821 3117 998 3194 provincia.
1050 3119 1115 3180 Alii

75 3221 223 3284 scribunt
256 3213 494 3310 Παραπάμισος
526 3219 579 3280 vel
607 3211 854 3304 Παροπᾰνισος,
891 3219 968 3278 illud
1002 3219 1115 3284 Strabo

1 3329 2 3332 ’
74 3324 135 3385 lib.
168 3343 222 3384 rt.
254 3343 286 3404 p.
316 3333 398 3400 552.
423 3319 443 3385 l.
471 3335 555 3400 5¹¹·
588 3321 646 3381 ubi
672 3321 764 3382 codd.
790 3319 918 3400 quidem
942 3315 1119 3410 Παρπᾰμι·

76 3444 152 3500 σος,
185 3437 217 3484 at
244 3424 321 3484 illud
347 3422 538 3486 constantius
568 3421 624 3483 lib.
655 3433 709 3499 ²5·
738 3441 771 3504 p.
796 3429 881 3500 474.
905 3417 926 3482 l.
949 3421 1032 3500 689.
1066 3422 1116 3484 utl

78 3529 180 3590 etiam
201 3526 275 3587 inde
289 3525 470 3588 Eullathiur
485 3525 522 3586 ad
540 3521 672 3603 Dionys.
697 3543 728 3582 v.
755 3537 859 3601 1097.
883 3518 987 3590 refert,
1009 3522 1117 3585 Tlreo-

80 3630 180 3691 dorur
197 3627 278 3688 Gaza
294 3627 333 3688 de
347 3627 470 3711 origine
483 3628 673 3695 Turcorum‚
695 3623 780 3685 med.
816 3623 941 3684 Plinius
956 3643 982 3684 c.
1000 3624 1021 3686 l.
1046 3625 1116 3686 Ste-

76 3731 208 3814 phanm
223 3731 254 3789 h.
272 3749 304 3790 v.
331 3729 387 3810 qui
406 3743 512 3790 tamen
533 3727 656 3790 literam
679 3743 699 3788 c
718 3725 869 3808 geminat,
896 3725 944 3783 uti
965 3726 1060 3784 etiam
1081 3727 1118 3788 lit

77 3837 116 3896 in
138 3831 254 3895 Curtio
270 3844 303 3906 7,
324 3839 358 3911 4,
382 3843 438 3910 3¹·
458 3827 558 3892 Snak.
586 3829 648 3890 ltoc
664 3845 721 3908 per
738 3847 759 3885 rt
780 3825 981 3887 Ptolemaeut
999 3827 1032 3896 6.
1058 3845 1115 3893 rt.

78 3932 286 4019 Agathemer.
307 3947 337 4000 a,
360 3949 395 4011 9.
425 3929 488 3992 tab.
510 3930 693 4012 l'eutinget.
723 3941 777 3988 12.
808 3925 883 4004 (ubi
907 3929 1002 3988 etiam
1025 3941 1117 3991 antea

79 4036 164 4096 male
184 4033 335 4096 edebatur
356 4023 617 4124 Duropauifus.)
669 4031 805 4109 Vtraque
825 4025 924 4090 forma
950 4031 1047 4089 etiam
1076 4029 1117 4090 ad

78 4136 199 4200 incolae
217 4135 350 4206 uendit,
370 4135 428 4218 qui
444 4128 555 4217 paffim
572 4141 874 4196 commemorantur.
911 4130 983 4194 vid.
1002 4128 1118 4194 Welle·
