2848 4942
315 415 358 495 46
571 459 575 467 .
613 417 858 476 ronroutt
899 417 1065 476 utente

318 592 375 672 [2.
396 599 430 670 5,
450 591 505 674 5.]
538 590 718 656 Rhodanus
737 583 874 683 subinde
897 591 1051 672 grandior
1072 594 1155 656 inter
1178 589 1220 658 V
1215 593 1309 656 oleos
1330 605 1361 654 et

321 694 470 758 Coooras
489 695 659 758 emittitur.
706 693 777 756 Lib.
797 709 830 756 Ω.
855 714 881 756 c.
901 707 933 773 5.
965 695 1041 758 Nor
1063 695 1146 756 iuter
1162 696 1308 778 Pyroeos
1328 706 1359 754 at

316 793 477 859 Liburnos
496 796 664 858 emittitur.
714 796 820 857 Etiam
840 795 1007 858 Pintirnue
1023 797 1057 856 irl
1076 797 1169 867 vidit,
1195 809 1232 857 et
1256 795 1359 858 audiri

210 909 215 918 '
320 896 444 967 debuit,
470 895 524 957 etit
541 915 601 957 nee
619 895 684 980 ipse
700 897 904 958 mutaverint.
949 915 973 958 t.
998 914 1192 958 onouorrvs
1218 899 1358 957 innota

317 995 491 1091 posteriori.
562 995 631 1058 Nec
654 1016 715 1081 ego
741 1009 832 1058 muto
862 1011 991 1080 propter
1012 997 1148 1059 verbum
1179 989 1357 1088 descendit,

317 1118 382 1180 quo
405 1097 497 1158 stmul
520 1097 559 1158 ed
583 1099 742 1182 originem
764 1098 854 1160 fluvii
874 1096 1001 1181 respicit
1023 1095 1137 1168 noster,
1169 1101 1268 1160 cuiue
1290 1117 1358 1158 cur·

318 1199 388 1262 lunt
404 1200 438 1260 in
455 1200 615 1280 utriusque
634 1200 745 1282 populi
760 1212 859 1260 tractu
874 1201 949 1282 agit.
998 1200 1051 1262 Sic
1067 1202 1156 1260 enim
1168 1183 1357 1290 'descendere

318 1315 352 1364 et
374 1301 488 1362 adfinia
511 1301 607 1362 verba
630 1313 761 1362 utente
784 1293 915 1384 &sinere
936 1298 1081 1382 usurpat,
1106 1314 1139 1362 et
1161 1301 1249 1369 loca,
1277 1319 1354 1380 quae

318 1403 433 1464 adtulit
451 1401 633 1464 Gronoviutt
661 1402 700 1462 ad
729 1403 852 1463 exitum
873 1401 1049 1462 fluviorum
1075 1402 1251 1483 pertinent.
1305 1402 1356 1462 Sic

318 1521 398 1566 vern
415 1503 510 1564 etiam
527 1503 600 1564 vult
615 1501 710 1573 Mela.
737 1503 772 1563 ui
792 1500 891 1574 fallor,
916 1503 1010 1563 illum
1024 1503 1162 1563 fiuvium
1182 1522 1254 1564 non
1275 1501 1353 1562 alios

318 1603 458 1688 populos
479 1604 620 1673 noluere,
654 1604 740 1684 quoti
756 1615 789 1664 et
806 1605 874 1665 eiua
896 1603 1032 1666 brevitas
1049 1605 1177 1687 petitur.
1232 1600 1354 1686 Quodit

318 1701 419 1770 Voffii
443 1705 611 1786 explicatio
634 1705 833 1776 admittatur,
867 1687 936 1766 non
959 1705 1051 1786 plane
1076 1725 1146 1766 earn
1172 1702 1354 1766 confutavit

286 1794 516 1868 ”Gronoviun
569 1805 659 1876 idem
681 1807 769 1866 enim
791 1807 879 1868 locut
900 1807 1058 1867 Herodoti
1079 1816 1114 1884 4,
1142 1821 1196 1880 17.
1230 1807 1266 1866 in
1291 1822 1353 1884 quo

317 1907 416 1989 primi
437 1905 763 1986 attorytthenttarum
787 1909 931 1989 emporio
955 1908 977 1970 i.
1006 1926 1034 1970 e.
1065 1907 1159 1968 Olbia
1185 1918 1354 1989 ponuntur

318 2007 507 2088 callipidae‚
538 2009 611 2088 quia
634 2005 726 2069 Olbia
757 2027 825 2071 ano
849 2005 1002 2090 paffibue,
1031 2011 1088 2086 (ut
1108 2006 1174 2069 fere
1195 2006 1353 2078 narrant)

317 2109 437 2169 amari
457 2120 577 2172 remote
600 2105 678 2179 fuit,
719 2110 854 2172 interius
880 2112 977 2172 etiam
1006 2108 1176 2190 Callipidae
1202 2105 1353 2170 habitalle

316 2211 435 2270 innuit.
485 2209 537 2270 Sic
565 2207 676 2272 Strabo
706 2229 760 2271 ro.
788 2231 820 2290 p.
845 2230 890 2272 m.
917 2225 1001 2290 379.
1025 2205 1048 2270 l.
1072 2223 1155 2288 550.
1185 2200 1267 2296 ὑπὲρ
1295 2203 1352 2270 edo

316 2305 502 2396 Βορυσθὲτη
524 2329 563 2369 ex
587 2306 753 2372 Herodoto
775 2324 808 2371 et
828 2311 895 2372 aliie
916 2312 1069 2374 conlocat.
1123 2310 1191 2372 Nec
1209 2321 1354 2371 renuunt

316 2411 385 2473 ulie.
438 2409 620 2472 Herodotus
643 2411 732 2470 enim
752 2421 787 2491 4,
814 2426 868 2486 17.
893 2409 983 2494 super
1001 2411 1169 2494 Callipidns
1189 2411 1353 2474 constituit

314 2512 480 2582 Alazones,
501 2525 535 2573 et
550 2513 583 2572 in
598 2511 717 2572 horum
732 2511 849 2574 finibus
867 2513 1084 2594 Exautpeeum
1106 2511 1241 2586 fontem,
1267 2514 1352 2573 hunc

315 2613 447 2693 quidem
468 2623 493 2691 lp
514 2631 531 2673 a
551 2613 632 2673 mari
654 2613 780 2674 dierum
803 2615 1005 2698 navigatione
1023 2627 1208 2676 remotums
1248 2615 1351 2698 igitur

314 2711 360 2774 [et
381 2711 471 2795 spatii
498 2713 573 2776 inde
599 2712 637 2776 ab
660 2732 714 2776 ora
735 2715 881 2776 relictum
910 2713 971 2776 luit
999 2715 1172 2795 Callipidie.
1223 2716 1289 2779 Sed
1318 2724 1349 2773 et

315 2818 434 2898 optimi
449 2814 584 2876 Codices
600 2815 654 2876 hic
670 2815 851 2898 praeferunt
866 2819 961 2886 iutro,
988 2833 1066 2896 quae
1081 2817 1230 2896 particula
1249 2817 1348 2878 etiarn

233 2925 235 2930 '
314 2917 392 2994 alibi
407 2935 481 2977 cum
502 2916 586 2977 inter
607 2931 830 2988 commutatur,
854 2919 903 2978 uti
920 2919 1036 2978 docent
1051 2916 1194 2978 Gronov.
1220 2931 1254 2978 et
1274 2920 1347 2976 Dra·

313 3013 415 3078 kenb.
432 3018 470 3078 ad
488 3017 561 3080 Liv.
580 3030 637 3095 25,
656 3029 714 3096 24.
731 3017 754 3079 i.
788 3019 840 3078 hic
855 3019 949 3079 etiam
965 3019 1003 3078 ad
1019 3017 1076 3080 Sil.
1093 3019 1162 3078 ltal.
1185 3027 1239 3096 ¹4·
1261 3017 1345 3098 465.

312 3129 347 3178 et
366 3117 405 3178 ed
421 3118 491 3177 Liv.
510 3131 542 3193 5,
562 3132 620 3191 27,
638 3133 670 3180 Ω.
704 3118 747 3180 N.
764 3117 872 3182 Heinl.
893 3119 932 3180 etl
951 3117 1114 3180 claudian.
1132 3120 1167 3178 in
1183 3119 1294 3181 Rufio.
1316 3136 1345 3186 t,

315 3227 374 3295 83.
397 3217 436 3277 ad
459 3219 492 3280 6.
535 3215 664 3280 Consul.
685 3218 808 3282 Honor.
832 3240 864 3280 v.
889 3231 947 3296 80.
987 3219 1159 3284 Schwartz.
1183 3221 1223 3280 ed
1247 3219 1346 3282 Plinii

311 3317 468 3400 Panegyr.
488 3335 544 3398 50,
564 3328 597 3398 4.
624 3331 657 3377 et
670 3338 748 3398 quae
766 3321 878 3380 notavi
896 3321 935 3381 ad
949 3318 1069 3382 Melam
1086 3335 1117 3391 o,
1135 3335 1168 3397 7,
1187 3338 1244 3401 19.
1282 3320 1344 3382 Pro

267 3435 269 3446 ’
307 3409 472 3510 descendit
492 3417 583 3502 l'rttg.
602 3419 685 3480 male
708 3411 861 3509 aseendit.
1394 3399 1395 3414 χ

386 3621 409 3680 1
403 3617 555 3712 stricis
563 3615 582 3702 )
634 3619 741 3684 Cibin.
757 3619 840 3704 Lipi.
860 3621 1033 3708 Rehdiger.
1056 3621 1219 3716 hystricis3
1246 3621 1342 3686 Vind.

311 3718 397 3782 Gud.
426 3721 516 3804 Ptag.
548 3719 706 3812 historin
743 3722 838 3784 Parii.
860 3741 891 3785 2.
917 3723 1032 3815 destris.
1094 3725 1177 3786 Edd.
1209 3723 1340 3816 Istrirt‘n

309 3833 436 3882 tantum
460 3824 595 3884 Vinctus
625 3822 727 3914 Istris.
771 3843 976 3886 uzscuvctrn.
1049 3825 1135 3906 Lego
1159 3822 1200 3882 ob
1228 3823 1339 3915 Istriis.
1394 3903 1395 3918 χ

309 3921 395 3984 Nem
417 3922 455 3984 ab
478 3923 553 3984 lstro
574 3922 652 3984 urbe
671 3924 840 3994 Thraciae,
867 3945 945 4006 quae
966 3923 1004 3984 ab
1027 3925 1095 3986 aliie
1117 3923 1282 4016 Istropolis
1301 3923 1338 3983 ab

308 4023 443 4086 Arriano
460 4025 494 4084 in
516 4025 638 4107 periplo
661 4019 712 4111 [p.
731 4035 789 4110 234.
806 4020 926 4112 liudi]
952 4023 1050 4116 Istrio
1069 4025 1193 4095 dicitur,
1225 4025 1339 4118 Iflriur

236 4208 240 4218 Α
307 4126 428 4208 gentile
451 4145 573 4189 nomen
596 4125 777 4198 deducitur,
804 4140 930 4190 auctore
950 4125 1123 4208 Stephano.
1173 4125 1224 4188 Ab
1243 4125 1339 4220 Istrin
