2826 4936
347 471 439 528 cru
467 473 520 528 nr.
564 471 672 534 cvr.
713 471 792 542 Μ.
1030 473 1090 550 ¹⁶3

49 648 160 729 potine
178 645 357 714 Samnitas.
382 665 460 726 qtraa
482 641 596 706 omill'o
612 644 635 706 S
649 645 822 724 Dionyfiur
838 667 871 710 v.
887 657 972 724 571.
994 664 1090 711 vocet

45 745 217 836 ‘Anniana
250 747 382 829 quaein
409 745 518 808 initalia
546 765 646 829 prope
668 747 864 810 Britanniam
893 749 1031 812 habitare
1056 765 1089 813 et

47 849 177 910 Baccho
201 847 333 910 solemni
354 849 419 908 ritu
448 845 528 910 sacra
556 845 655 908 lacere
682 850 771 912 dicit.
824 852 926 911 Docta
950 852 1026 912 haec
1048 873 1087 914 ex

46 951 206 1013 Strabone
228 949 284 1012 lib.
302 959 337 1028 4.
360 969 392 1030 p.
408 969 451 1010 m.
475 963 555 1028 137.
572 947 592 1010 s.
617 961 696 1028 198.
723 952 778 1032 qni
801 971 933 1033 parvam
954 951 1087 1014 insulam

47 1065 292 1121 commemorat,
321 1071 415 1136 quam
436 1047 572 1111 feminae
592 1051 767 1137 Σαμνιτῶν
788 1053 942 1124 incolant,
971 1054 1088 1115 Bacchi

48 1154 208 1214 cultrices.
257 1154 320 1214 Sed
346 1171 405 1214 nec
430 1153 602 1232 quidquam
629 1171 741 1212 eorum
768 1152 814 1212 ini
843 1154 973 1238 legitur,
1008 1177 1087 1236 quae

47 1253 156 1315 noller
178 1268 280 1313 narrat
295 1266 327 1313 et
346 1253 424 1314 ostio
441 1254 563 1336 Ligeris
584 1253 634 1314 itu
658 1252 756 1314 insula
777 1253 997 1326 oblectarent,
1030 1257 1088 1317 ubi

47 1369 81 1416 et
106 1353 291 1420 Σαπινίταε
318 1356 411 1436 pouit
434 1355 613 1414 Marcianus
639 1375 669 1434 p.
695 1365 754 1436 48.
778 1356 828 1417 ed.
855 1356 1001 1418 Hndl'ou.
1033 1360 1088 1438 qui

46 1455 126 1516 hinc
142 1476 181 1516 ex
196 1457 349 1518 Strabone
365 1453 536 1540 Σαμνίτας
553 1457 659 1524 ondit,
683 1457 737 1516 etli
754 1456 905 1536 pollerior
928 1459 1087 1522 dubitatio

48 1555 176 1618 facilius
198 1559 358 1618 removeri
379 1552 483 1638 poffit.
535 1557 637 1618 Aliam
656 1559 812 1616 rationem
835 1559 908 1618 iuiit
932 1559 1089 1622 Cambde·

48 1679 111 1719 nuo
136 1659 169 1718 in
195 1658 356 1718 Britannia
376 1679 408 1740 p.
433 1671 465 1734 8.
500 1659 619 1740 qrrippe
643 1659 695 1738 qui
718 1659 887 1728 existimat,
920 1659 1015 1722 latere
1036 1661 1089 1724 ltic

48 1779 166 1822 vocem
185 1761 345 1840 antiquam
362 1759 484 1820 Leones
504 1761 525 1820 i.
541 1779 569 1820 o.
589 1761 729 1842 virginee
746 1758 859 1828 sacrae,
886 1762 972 1822 unde
989 1762 1090 1822 [ean-

50 1859 215 1952 Minsser‚
239 1880 325 1920 nunc
340 1857 479 1949 Lemsler
500 1857 705 1930 descenderit.
730 1861 821 1920 cuiue
837 1861 944 1921 testem
966 1863 1089 1944 adlegat

52 1961 244 2022 Gloilarinrn
280 1963 458 2042 antiquum.
517 1961 678 2042 Equidem
715 1963 748 2020 in
781 1963 927 2042 autiquae
960 1963 1088 2046 linguae

51 2063 254 2124 Britannicae
278 2063 396 2124 Lexico
420 2058 434 2139 (
443 2063 546 2124 Lond.
571 2067 674 2140 1632.
692 2059 736 2144 f.)
759 2060 824 2124 lob.
843 2084 875 2124 v.
893 2063 992 2124 Llerm
1012 2066 1089 2127 llaec

50 2165 184 2226 inveni:
211 2165 300 2224 Lean
318 2167 409 2246 virgo
426 2163 561 2232 Vellalia,
583 2163 746 2232 monacha,
771 2161 972 2226 lacerrlotilsa.
1006 2167 1092 2228 Hinc

51 2287 129 2326 vero
147 2265 353 2328 Canthdenua
371 2265 541 2347 legendum
565 2263 669 2324 censet
688 2263 774 2325 Galli
791 2265 906 2334 lenm,
933 2269 1092 2328 coniectu·

51 2387 81 2426 ra
101 2365 264 2450 ingeniola
286 2381 317 2426 et
333 2369 435 2435 docta,
463 2367 617 2446 quamvie,
642 2363 836 2425 filunrnranr
855 2365 981 2446 spectes.
1008 2371 1093 2428 redit

53 2471 89 2527 arl
120 2467 312 2549 [reperiorem
338 2469 423 2526 illarn
452 2467 539 2528 Galli
563 2467 670 2528 Senos.
731 2465 868 2526 Difficile
889 2465 949 2535 est.
983 2489 1092 2529 veram

53 2569 232 2650 Pomponii
255 2569 428 2629 lectionem
447 2567 591 2628 stabilire.
633 2567 731 2627 Senos
751 2567 903 2634 oll'endit.
928 2569 1000 2646 quia
1025 2567 1091 2649 ipio

54 2669 173 2732 insulae
202 2671 334 2730 nomine
360 2688 426 2730 uon
453 2669 604 2730 videntur
629 2669 816 2748 adpellatae3
859 2663 955 2727 Voffii
985 2689 1093 2730 ernen-

54 2772 142 2833 datio
175 2773 379 2854 peregrinum
411 2789 532 2831 nornen
566 2769 676 2830 Gallici
706 2769 848 2828 numinis
884 2765 1092 2832 sacerdotibus

53 2871 217 2944 obtrudit;
252 2873 378 2954 longius
397 2885 545 2956 evagatur
561 2871 755 2954 etymologia
775 2869 941 2940 Bocharti;
969 2870 1092 2930 Samni·

54 2987 107 3034 tas
125 2977 222 3036 niurie
238 2993 253 3034 a
269 2975 415 3034 codicum
432 2973 570 3056 vestigiis
586 2972 717 3032 recedit.
755 2973 841 3030 Turn
860 2971 1028 3050 quaeritur.
1051 2991 1091 3032 an

55 3073 158 3136 dirile
180 3073 377 3136 scribendum
403 3071 447 3142 lit,
480 3073 565 3154 qumi
588 3068 721 3140 Vollrua.
749 3073 874 3152 opinor.
903 3085 988 3132 recte
1010 3069 1092 3132 relu-

54 3181 148 3238 tavit.
202 3179 249 3237 lta
266 3193 342 3236 vero
358 3174 488 3258 praellat
506 3175 674 3256 plerosque
695 3173 818 3232 codices
836 3169 938 3252 sequi,
965 3193 1023 3234 nec
1047 3177 1093 3234 iu·

56 3294 179 3340 certurn
206 3277 367 3336 incertiori
390 3276 573 3356 rependere.
626 3275 765 3336 l'intiaui
788 3287 893 3334 autem
920 3273 1094 3336 Gallie-inae

57 3399 116 3440 nec
138 3399 155 3440 a
175 3377 340 3440 codicibue
355 3378 555 3444 adiuvantur,
580 3395 639 3436 nec
656 3375 693 3435 ab
712 3379 745 3436 vi
761 3387 794 3436 et
809 3373 865 3434 ulu
882 3375 1026 3459 lingum
1053 3375 1093 3438 de

58 3480 245 3561 Barrigenir
266 3473 362 3540 voffii
382 3491 472 3540 antea
492 3479 615 3538 dictum
639 3475 692 3539 eil.

133 3678 413 3762 praedicare)
471 3681 519 3740 lta
546 3679 689 3762 plerique
716 3677 842 3740 coelicet
872 3689 905 3739 et
935 3675 1095 3738 editiones

60 3790 155 3848 etiam
183 3798 325 3854 t·eterea;
364 3781 550 3864 pollerioree
578 3795 701 3840 tantum
731 3779 861 3838 Vndiaui
887 3791 919 3837 et
941 3777 1097 3839 Schottut

59 3909 129 3948 cunr
156 3887 247 3948 MSS.
272 3885 369 3944 Vatic.
397 3883 486 3966 Prag.
515 3883 620 3944 Havn.
646 3879 834 3960 praedicere.
887 3879 949 3939 Pro
974 3877 1103 3938 deditos

60 3991 184 4050 codices
214 3987 372 4070 plerique.
410 3987 443 4042 in
478 3985 515 4046 iia
543 3983 650 4046 (iibin.
677 4001 755 4040 curn
778 3981 851 4040 edd.
881 3981 1033 4040 omnibus
1059 3979 1098 4038 ad

60 4089 202 4152 Volltnm
224 4087 354 4158 dedita,·
386 4085 462 4144 huic
485 4085 618 4147 debetur
641 4081 787 4151 dedicore
820 4081 917 4142 Vatic.
943 4095 975 4154 3.
1004 4079 1096 4162 Prag.

58 4191 169 4254 dedite
191 4209 299 4271 opera.
333 4201 538 4252 thcuvcxa.
590 4187 677 4268 Lego
700 4181 893 4260 praedicere,
920 4199 987 4242 non
1008 4201 1097 4260 prae·

684 4283 710 4343 L
739 4297 761 4348 Ω
