2752 4944
300 437 360 484 m
599 423 840 482 rouaoutr
878 423 1038 480 MELAE

299 601 418 662 Verum
445 617 505 683 ego
535 597 632 682 longo
661 597 767 682 plures
795 611 828 661 et
848 599 997 660 melioret
1018 589 1133 678 possim
1160 595 1326 669 ostendere,

298 722 316 764 a
338 701 454 783 quibus
476 719 542 762 non
565 699 652 761 absit.
704 701 742 760 ln
763 719 801 762 eo
822 701 908 781 quod
932 698 1070 780 sequitur
1086 700 1130 759 orl
1141 690 1329 790 septentrio·

298 825 365 872 tres,
392 802 446 862 ubi
465 803 554 862 aliter
575 803 608 862 in
626 799 899 863 observationibus
914 819 948 862 ac
967 799 1087 883 inipso
1107 801 1188 862 Mela
1208 801 1328 861 additur

298 905 505 987 praepositio,
539 903 590 970 id.
617 915 653 962 ut
669 899 779 983 passam
802 903 888 973 alibi,
913 904 954 963 ita
978 922 1104 983 quoque
1128 902 1191 962 boc
1213 900 1329 962 sactum

298 1005 341 1067 est
364 1006 434 1064 loco
452 1007 489 1065 ad
510 1005 690 1087 signandam
711 1005 885 1065 variantem
909 1005 1098 1073 lectionem.
1130 1003 1265 1064 liberum
1287 1024 1330 1064 re·

299 1107 482 1188 linquentes
508 1106 637 1175 lecturi,
671 1124 767 1186 ‹puam
795 1107 890 1166 vellet
916 1106 1042 1188 eligere.
1110 1105 1207 1186 Quod
1235 1108 1331 1188 negli-

291 1211 411 1292 'genter
439 1207 471 1268 id
499 1227 516 1268 a
538 1227 589 1268 me
610 1205 728 1268 sactum
750 1205 809 1268 else
832 1206 1005 1277 existimet,
1046 1206 1077 1264 id
1106 1204 1176 1268 sano
1200 1205 1332 1268 libenter

299 1311 405 1370 audio.
464 1310 592 1392 Ingrato
622 1323 655 1368 et
684 1309 796 1390 inepto
824 1307 923 1368 labori
949 1291 1156 1388 quantumvis
1190 1305 1332 1388 supinam

298 1407 441 1492 praefero
468 1410 706 1494 negligentiam.
774 1408 893 1470 Frustra
924 1429 1001 1470 vero
1033 1408 1092 1478 est,
1131 1427 1205 1468 cum
1237 1409 1333 1470 fidem

299 1512 435 1572 nostram
459 1513 616 1572 infirmare
637 1523 769 1571 conatur
784 1526 816 1572 et
837 1513 869 1570 in
888 1510 950 1572 hoc
968 1523 1000 1571 et
1020 1511 1054 1570 in
1077 1527 1127 1578 eo.
1154 1511 1206 1590 qui
1229 1512 1333 1592 proxi·

297 1633 351 1674 me
379 1611 514 1694 seqnitur
535 1613 622 1672 loco:
666 1611 770 1692 Tigris
795 1624 830 1672 ut
857 1624 953 1672 natus
975 1609 1034 1704 est,
1070 1611 1118 1670 ita
1147 1601 1335 1700 descendens

298 1715 331 1774 in
351 1715 446 1775 litora
468 1726 625 1792 pernicem
649 1731 683 1772 ac
700 1713 718 1770 li
738 1713 893 1774 librorum
913 1713 1100 1776 auctoritate
1115 1711 1336 1772 destitueretur

298 1814 375 1875 haec
399 1817 509 1882 lectio,
544 1833 616 1874 cunr
642 1827 673 1872 et
695 1814 958 1874 Arundellianurn
979 1814 1018 1874 lic
1039 1812 1152 1872 habeat
1174 1816 1337 1896 exemplar

298 1930 329 1976 et
355 1916 542 1977 ciacconius
571 1917 605 1974 in
636 1913 695 1974 suis
721 1916 761 1976 stc
793 1911 941 1997 scriptum
971 1915 1131 1975 invenerit
1159 1913 1337 1977 codicibus.

299 2016 388 2098 Quin
405 2030 436 2076 et
452 2017 594 2098 optirnuu
610 2015 661 2076 ille
679 2016 767 2086 liber,
794 2034 891 2096 quern
908 2018 1075 2099 praecipue
1097 2012 1193 2076 secuti
1214 2011 1337 2086 sumne.

298 2119 432 2179 eandem
455 2117 587 2178 exhibet
610 2118 798 2186 lectionem,
834 2119 884 2178 cui
910 2116 1042 2178 dentum
1065 2137 1082 2178 n
1105 2136 1201 2176 manu
1226 2137 1340 2178 recen·

298 2219 380 2278 tiore
404 2216 645 2301 superscriptum
669 2232 733 2278 erat
757 2217 917 2300 usquead
944 2218 1052 2278 litora.
1105 2217 1190 2278 Cum
1219 2216 1340 2278 biblin-

297 2319 387 2379 theca
410 2334 441 2380 et
464 2319 535 2380 libri
554 2323 618 2379 niei
635 2319 785 2380 omnibns
805 2333 942 2400 pateant,
971 2317 1039 2380 satie
1058 2317 1104 2378 isli
1126 2317 1340 2390 testabuntur,

296 2441 363 2480 non
384 2439 434 2481 nte
451 2421 549 2482 nialae
565 2421 638 2480 fidei
659 2421 844 2489 hominem,
871 2418 919 2480 sed
939 2419 1030 2480 istum
1049 2423 1200 2480 iuvenem
1222 2425 1341 2504 giravi-

297 2534 346 2581 ter
372 2521 431 2584 elle
466 2523 698 2603 impudentem.
750 2541 882 2582 vossius
913 2523 945 2581 in
979 2520 1151 2600 appendice
1183 2521 1227 2579 ad
1251 2523 1284 2582 ὴ.
1317 2525 1340 2585 l.

297 2622 419 2704 Quaeso
439 2637 477 2690 te,
507 2623 629 2690 Lector,
661 2643 699 2682 an
722 2622 796 2682 alibi
819 2625 949 2682 citatum
969 2643 985 2681 a
1008 2642 1059 2684 rue
1081 2621 1125 2680 od
1140 2613 1342 2710 septentrio·

295 2725 373 2786 ner?
414 2737 511 2806 prout
542 2739 646 2784 tannen
667 2724 729 2807 legi
755 2724 849 2784 debet
874 2723 1030 2804 habetque
1061 2723 1342 2788 Mediolanenses

295 2823 450 2887 Credisne
470 2839 576 2887 autem
599 2826 641 2886 ita
663 2821 803 2885 Vossunn
832 2823 1002 2884 sollicitum
1026 2826 1073 2883 tui
1096 2821 1200 2892 inille,
1234 2825 1342 2886 adeo.

294 2945 355 3006 que
378 2925 626 3010 indulgentem?
677 2926 764 3007 Quid
789 2926 893 3008 legere
916 2938 1019 2986 tamen
1042 2938 1180 3006 poteras,
1215 2923 1233 2982 si
1260 2945 1342 2988 non

292 3025 430 3108 perfecte
445 3025 602 3107 aperiret?
638 3025 732 3086 Nulla
748 3025 808 3086 suit
822 3027 978 3086 dubitatio
1000 3026 1063 3085 illic
1085 3027 1117 3084 iu
1141 3025 1254 3086 vocula
1276 3029 1342 3092 ad.

292 3128 330 3188 ln
362 3149 432 3189 earn
461 3131 550 3190 enim
577 3125 779 3188 consentiunt
808 3131 916 3188 ornnia
944 3127 1143 3208 exemplaria.
1202 3126 1343 3207 Quaeso

293 3241 410 3298 autem,
442 3219 610 3296 considera,
637 3229 716 3308 quid
733 3229 769 3288 fit
789 3229 867 3288 illud
890 3228 1103 3309 relinquentes.
1150 3245 1173 3287 1.
1196 3245 1344 3290 onouo·

292 3349 368 3389 vrvs
399 3331 535 3390 initura
565 3327 738 3418 posteriori.
805 3328 880 3390 Non
906 3330 986 3389 tanti
1015 3343 1080 3388 erat
1101 3329 1177 3388 haec
1202 3331 1344 3402 vocula,

291 3431 329 3489 rit
351 3450 401 3490 ear
423 3430 493 3490 litet
514 3441 671 3492 moveret.
734 3431 824 3492 Solet
848 3429 931 3490 Mela
955 3430 1142 3510 plerumque
1167 3431 1343 3502 omittere,

290 3533 457 3611 praeponit
477 3545 584 3592 tamen
606 3533 702 3594 etiarn
731 3531 911 3600 interdurn.
944 3545 981 3590 ut
1003 3529 1082 3590 infra
1106 3533 1135 3606 §.
1157 3551 1208 3590 ro.
1234 3550 1345 3609 quare

291 3651 329 3692 ex
347 3631 521 3694 Codicibue
543 3633 700 3724 plerisque
724 3633 885 3714 agendum
908 3631 960 3693 eil.
1016 3630 1128 3694 Potuit
1153 3643 1262 3691 tanten
1288 3635 1343 3694 ob

289 3735 479 3814 praecedens
500 3732 617 3816 spectat
640 3733 693 3796 vel
714 3731 873 3794 absorberi
896 3727 935 3795 τὸ
958 3731 1003 3792 ad
1025 3733 1077 3793 vel
1097 3733 1209 3812 repeti.

454 3938 484 4014 §.
513 3949 546 4008 7.
597 3933 703 3996 Inde
733 3933 813 4016 od)
872 3935 959 3996 Hinc
984 3954 1050 4015 cap.
1079 3931 1134 3998 26.
1165 3935 1349 3998 exorditur

293 4034 438 4099 vinetus.
491 4037 553 4097 Pro
577 4037 772 4096 convertitur
795 4035 968 4120 llehdiger.
991 4037 1157 4100 correctric.
1211 4034 1265 4100 ef.
1293 4041 1348 4100 ad

291 4149 326 4207 2,
347 4157 375 4208 ι,
392 4152 426 4200 2.
462 4153 495 4210 e,
516 4155 547 4198 a.
566 4137 611 4199 in.
638 4151 672 4198 et
690 4137 764 4198 alibi
787 4133 909 4220 passim.
