2826 4936
331 461 422 520 ΗΒ.
452 465 505 520 111.
549 463 581 521 c.
605 465 656 519 m.
697 462 776 538 Μ.
1018 479 1076 538 ²⁰³

54 634 186 698 Santoni.
212 633 299 718 (vid.
316 637 354 698 nd
374 649 406 718 3,
426 653 457 708 2.
474 633 530 720 7.)
575 638 673 722 Quod
704 639 742 700 nl
769 636 1011 720 adspirationem
1040 637 1075 699 in

53 739 139 818 priori
164 741 254 800 vocie
278 753 363 821 perte
388 740 544 821 pertinet.
579 743 735 820 reperitur
763 761 798 802 eo
824 745 855 800 in
879 739 1076 802 editionibue

52 839 228 918 quibuerlem
244 853 421 912 auctorum,
447 843 547 902 veluti
567 843 650 904 Flori
669 842 791 904 Duker.
813 857 844 922 5,
866 855 897 920 3.
917 855 950 916 7.
983 840 1075 904 Cice·

52 942 128 1000 ronie
146 939 304 1020 verheyk.
323 943 465 1024 adeoque
480 943 599 1005 Ernelli
617 944 656 1005 de
673 945 742 1028 lege
759 943 889 1004 Manilia
907 962 933 1004 c.
953 957 1012 1004 oo.
1040 955 1074 1004 et

52 1041 81 1100 in
97 1041 198 1103 multis
220 1042 308 1105 librie
325 1041 480 1114 inseritur,
504 1045 550 1106 uti
572 1045 606 1106 in
630 1045 730 1108 Volet.
748 1045 833 1107 lllax.
851 1047 884 1116 6,
909 1063 938 1114 ι,
958 1057 990 1123 3.
1009 1058 1064 1106 ext

52 1145 167 1202 monuit
181 1143 367 1206 Torreniur.
407 1147 448 1206 At
466 1147 580 1208 meliue
595 1146 646 1208 ille
663 1145 760 1209 hodie
781 1145 906 1230 explosa
921 1143 972 1214 eil.
997 1163 1073 1206 cum

51 1243 80 1302 in
103 1243 223 1306 Graecis
246 1235 405 1323 Τεύτονες
428 1249 617 1330 reperietur,
657 1268 718 1311 nec
750 1267 822 1310 eam
861 1259 1073 1308 monumento

50 1347 221 1428 acceperint.

116 1547 379 1634 Germaniae)
427 1553 601 1638 liehdiger.
629 1551 789 1616 Germani.
830 1551 963 1636 Vulgata
985 1567 1072 1634 pree·

51 1647 96 1708 sut
114 1651 145 1710 in
166 1651 229 1713 hoc
249 1675 367 1762 nexu..

113 1853 376 1936 Hermiones)
426 1858 474 1920 lttt
496 1855 546 1918 lex
571 1855 679 1920 Mssrt
702 1855 738 1918 A.
756 1853 926 1924 Gonovii.
953 1857 986 1916 in
1002 1856 1074 1936 qui·

52 1951 100 2016 bur
121 1955 304 2020 Gudianuro
327 1957 387 2020 eile
410 1959 490 2022 ridi.
538 1959 622 2021 Addi
648 1959 688 2020 lie
713 1957 838 2040 pellunt
864 1959 961 2017 Vetic.
989 1953 1072 2038 Lipl.

52 2053 129 2140 Preg.
147 2059 323 2144 Rehrliger.
347 2059 441 2124 Perii.
470 2080 499 2124 ι.
524 2077 556 2124 2.
580 2073 614 2138 3.
646 2061 760 2121 Venet.
784 2059 890 2120 Hero.
915 2055 1072 2120 zalulon

54 2176 174 2234 quorum
197 2161 337 2224 lectione
358 2163 449 2244 pauci
465 2161 620 2224 aberrent.
671 2161 813 2243 Quidam
830 2161 917 2221 enlm
936 2172 1072 2230 lentum,

53 2255 183 2330 Vollreni,
209 2263 319 2325 Cibin.
341 2279 375 2324 et
390 2264 553 2348 Augustin.
579 2262 697 2324 hebent
715 2261 898 2332 Hermonee,
927 2263 975 2322 uti
997 2259 1072 2324 edd.
1106 2273 1120 2284 “

59 2377 82 2420 1.
108 2379 134 2422 o.
159 2375 191 2441 3.
216 2374 253 2442 4.
276 2377 310 2440 5.
335 2385 369 2442 9.
399 2385 454 2428 ιι.
482 2365 620 2446 reliquae
649 2365 687 2424 ed
712 2359 854 2424 Volstum
878 2363 1073 2434 Hermiones,

56 2459 117 2522 inde
130 2481 145 2522 e
159 2459 270 2525 Voffio
285 2465 357 2528 erlrl.
375 2477 436 2544 4ο.
452 2477 513 2546 [μ.
530 2475 592 2546 42.
606 2465 788 2534 Hermoues.
804 2465 941 2546 deniqne
955 2465 1074 2524 iterum

56 2559 212 2626 lleinoldio
234 2565 314 2626 duce
336 2569 432 2628 rediit
456 2565 649 2637 Hermiones,
675 2585 736 2647 qna
758 2563 858 2627 lorme
879 2565 956 2626 hinc
977 2561 1073 2624 refert

55 2658 202 2728 Boccatiue
220 2663 244 2728 l.
263 2687 296 2729 v.
318 2669 525 2730 Germeuieue
546 2667 702 2730 Oceanur.
738 2683 941 2728 rzecttvcrtu.
994 2663 1073 2725 Her·

54 2763 151 2826 oriones
173 2768 287 2850 procul
308 2769 406 2830 dubio
424 2771 467 2832 ell
482 2791 554 2831 vere
578 2769 690 2840 lectio,
716 2767 863 2850 quamvis
887 2769 920 2828 in
941 2765 1073 2848 qnibue·

54 2861 110 2926 dero
138 2867 228 2930 librie
261 2889 357 2930 manu
383 2873 514 2932 exaratio
539 2871 714 2933 Hermones
742 2883 909 2932 vocentur.
960 2867 1069 2928 Plinio

53 2958 96 3048 [lt.
113 2969 202 3046 28.l.
228 2967 305 3060 ¹4]
328 2987 360 3033 et
374 2973 484 3036 Tacito
509 2965 563 3059 [in
581 2973 689 3034 Germ.
706 2991 733 3034 e.
755 2965 810 3058 m]
831 2969 973 3030 [imiliter
990 2965 1069 3028 Her·

54 3069 162 3142 minues,
189 3073 311 3132 licerio
328 3073 573 3156 hoepolleriore
593 3073 798 3136 Herminones
817 3071 915 3154 vulgo
936 3071 1069 3154 legetur.

54 3165 159 3233 Fruilre
183 3173 228 3234 eli
255 3173 442 3246 Cluverius,
475 3171 529 3263 [in
551 3173 658 3236 Germ.
681 3185 746 3236 ent.
772 3185 804 3250 3,
828 3185 888 3252 lpt.
909 3193 940 3254 p.
961 3163 1068 3258 667.]

54 3271 97 3346 qui
116 3272 165 3334 hic
186 3273 386 3338 Hellevioues
410 3275 576 3338 substituit.
629 3277 717 3336 Erret
733 3287 765 3335 et
787 3277 817 3335 in
835 3274 892 3336 litu
911 3287 942 3334 et
958 3275 992 3334 in
1011 3293 1069 3336 no·

53 3371 127 3433 mine
139 3375 303 3456 utriusque
319 3379 436 3462 gentio.
456 3411 506 3426 -
532 3397 672 3441 voeerre.
730 3374 872 3438 Notonte
889 3377 926 3438 Δ.
945 3377 1069 3438 Grono-

54 3471 98 3532 vlo
120 3475 406 3542 Leibnitlue‘l‘om.
427 3499 457 3542 ι.
476 3481 589 3560 Script.
610 3499 672 3542 rer.
694 3477 829 3540 Bruolu.
851 3499 883 3560 p.
902 3493 934 3552 7.
957 3477 1071 3538 maluit

56 3571 212 3638 Helvioues
231 3575 282 3638 leu
305 3579 510 3652 Hilleulorrer,
543 3599 624 3662 quoe
644 3581 886 3643 Scandineviem
909 3575 1070 3640 ineoluiffe

58 3668 146 3738 scribit
165 3679 290 3743 Pliulun
311 3683 367 3744 lib.
382 3693 418 3762 4.
434 3699 461 3744 c.
479 3697 537 3756 27.
556 3680 577 3742 l.
603 3695 658 3762 ¹3·
710 3681 773 3744 Sed
795 3696 826 3741 et
843 3681 1017 3744 Cluverius
1037 3679 1072 3738 iu

58 3771 150 3842 Germ.
180 3797 246 3842 ent.
278 3805 306 3854 ι,
337 3803 391 3845 ιι.
417 3803 450 3864 p.
475 3799 535 3863 79.
568 3783 761 3844 Hillevioner
792 3784 826 3842 in
859 3781 965 3844 nolito
997 3781 1072 3844 loeo

57 3883 198 3955 emendat,
216 3898 259 3955 et,
282 3886 335 3968 qui
351 3884 398 3944 illi
413 3881 595 3954 adsentitur,
612 3885 769 3966 Speuerue
783 3885 814 3944 in
830 3885 943 3945 notitia
960 3883 1070 3946 Germ.

59 3993 157 4064 rouo.
177 4005 207 4056 ι,
224 3986 257 4050 6.
272 4007 304 4069 p.
326 3997 404 4064 152.
436 3987 499 4049 Sed
516 3983 590 4048 ielio
599 3986 692 4048 idem
709 4007 743 4068 p.
757 3997 835 4062 155.
850 4007 883 4046 n.
901 4004 935 4064 9.
959 3983 1073 4047 leilieet

58 4085 196 4148 editiones
209 4083 262 4148 luo
279 4100 378 4150 aetate
391 4088 554 4174 erulgetee
571 4087 694 4151 temtus
714 4100 813 4169 putet.
838 4083 995 4172 explosam
1012 4083 1074 4149 elle

57 4179 199 4252 innostro
219 4209 333 4256 rocem
355 4189 558 4264 Herrniorrer,
590 4203 627 4253 ut
644 4189 683 4254 ed
707 4207 777 4252 erm
798 4189 971 4252 adtendere
988 4189 1072 4250 ultre
