2752 4944
323 449 383 513 ²7⁰
626 434 871 494 POMPONII
903 435 1063 492 MELAE

319 612 382 676 lias
406 613 573 684 nominat
620 609 802 692 Stephanus
841 609 1018 671 Encheleas
1056 622 1090 672 et
1120 606 1283 672 Euchahos
1310 618 1337 666 et

319 715 514 794 Engelanas.
557 731 758 776 aru'rrauvs.
824 713 914 794 Quae
938 706 1063 774 Voffius
1084 711 1124 774 de
1144 691 1246 772 huius'
1259 711 1336 768 roais

319 815 469 898 scriptura
490 816 652 885 iudicavit,
677 815 772 876 docet
790 825 822 875 et
839 811 980 894 superior
1000 827 1074 876 nota
1094 815 1219 894 eiusque
1235 811 1335 872 editio.

318 919 411 980 Varie
429 919 513 980 illius
531 917 643 1000 popuii
659 937 779 978 nomen
801 914 921 984 eiierri,
948 916 1042 976 docet
1058 915 1231 996 Stephanus
1244 932 1259 971 a
1273 911 1337 970 Pin·

318 1021 405 1082 tiano
426 1022 489 1082 iam
511 1019 679 1089 excitatus,
704 1017 760 1078 ubi
776 1029 881 1078 tamen
898 1017 972 1076 addi
986 1015 1089 1098 potest
1111 1010 1283 1100 Έγχὲλυες
1305 1029 1339 1069 tx

318 1121 425 1185 Sahal.
458 1121 625 1202 Apollonii
646 1119 684 1180 ad
707 1131 742 1200 4,
767 1129 850 1196 503.
898 1117 1011 1180 Strabo
1035 1138 1062 1180 c.
1079 1119 1101 1180 Ι.
1127 1132 1215 1180 vocat
1237 1112 1338 1195 Ἐγχε-

317 1218 425 1298 itone,
451 1223 510 1284 ubi
527 1222 587 1286 Cd.
605 1221 724 1283 Medic.
749 1219 854 1281 scribit
875 1215 1104 1304 Ἐγχελείους,
1132 1222 1179 1280 uti
1197 1221 1339 1295 scymnus

318 1325 419 1389 Chius
441 1346 474 1387 v.
498 1325 584 1403 436.
633 1317 807 1406 Ἐγχὲλεες
831 1319 904 1382 sunt
932 1324 1077 1404 Appiano
1101 1323 1137 1382 in
1160 1323 1241 1400 lllyr.
1264 1337 1288 1377 c.
1311 1330 1337 1374 a.

318 1429 470 1510 Apollon.
487 1423 594 1488 lihod.
612 1435 646 1506 4,
662 1436 747 1502 5ι3.
774 1436 807 1485 et
822 1423 1018 1502 Apollodoro
1033 1439 1064 1502 3,
1082 1435 1115 1501 5,
1131 1433 1166 1502 4.
1189 1421 1241 1480 ubi
1256 1416 1338 1478 codd.

254 1523 256 1528 ’
317 1525 498 1614 Ἀγχέλεας
527 1527 662 1598 habent;
695 1521 866 1610 Ἐγχελεῖς
886 1526 1003 1604 Scylaci
1029 1545 1061 1608 p.
1084 1543 1119 1604 9.
1145 1521 1240 1584 Hudi.
1283 1519 1339 1578 En·

316 1631 436 1692 cheleae
458 1630 564 1690 Plinio
585 1641 617 1706 5.
642 1641 697 1704 25.
716 1626 737 1688 s.
757 1645 815 1691 ar.
849 1626 1020 1686 Encheliae
1041 1647 1107 1688 nou
1130 1627 1193 1688 fine
1207 1623 1340 1686 codicum

315 1731 443 1794 adsensu
468 1732 585 1790 Lucan.
611 1743 643 1808 5,
671 1741 751 1806 139.
782 1743 815 1790 et
831 1728 958 1790 Lutatio
982 1729 1019 1788 ad
1041 1731 1182 1792 Statium
1198 1723 1297 1785 Theb.
1314 1731 1340 1798 5,

319 1852 401 1914 290.
426 1853 465 1895 ex
488 1833 627 1892 Lucano.
681 1831 743 1890 Hic
765 1831 804 1890 de
828 1831 1051 1892 terminatione
1069 1831 1103 1890 iu
1126 1851 1164 1889 ae
1184 1825 1342 1888 dubitatio·

314 1956 390 1996 nens
416 1953 482 1994 non
510 1935 685 1996 admittunt
716 1933 856 2000 codices,
889 1928 941 1992 sed
967 1931 1066 1991 iidem
1092 1933 1189 1992 etiarn
1221 1926 1342 1988 suadent

313 2035 516 2116 scribendum
550 2037 584 2094 in
619 2033 797 2114 penultima
827 2052 884 2114 per
916 2033 944 2102 ἰ,
987 2035 1106 2116 quippe
1141 2031 1227 2114 quod
1261 2025 1342 2088 facile

313 2139 436 2198 transiit
459 2139 493 2196 in
512 2135 538 2204 l,
572 2137 668 2215 idque
693 2135 879 2196 confirmare
903 2135 1031 2195 videtur
1052 2135 1194 2194 traiectio
1219 2134 1252 2192 in
1270 2126 1344 2186 Vati·

313 2259 381 2300 can.
405 2252 438 2316 5.
464 2257 504 2299 eo
537 2237 639 2322 magis
664 2237 819 2308 notanda,
859 2235 946 2316 quod
977 2249 1011 2298 et
1042 2251 1190 2299 auctores
1224 2233 1344 2316 quidam

312 2339 433 2401 habent
459 2341 483 2402 ι’.

386 2541 625 2624 Phaeaces)
674 2541 848 2626 Rehdiger.
868 2539 1044 2622 phocacem
1081 2541 1176 2626 Prag.
1200 2539 1345 2620 phencest

312 2643 409 2704 multi
427 2643 575 2722 pheaces,
602 2645 732 2726 quidam
757 2647 868 2712 etiarn,
894 2645 944 2702 uti
960 2644 1057 2706 Vatis.
1081 2664 1109 2706 r.
1130 2662 1162 2705 2.
1186 2642 1344 2723 phaeacas.

310 2745 395 2808 Edd.
423 2763 452 2805 r.
477 2760 511 2806 2.
533 2762 567 2824 9.
597 2767 651 2808 ιι.
679 2759 734 2824 13.
758 2745 914 2814 Pheoees,·
959 2759 1014 2808 re.
1040 2755 1093 2826 th.
1124 2763 1180 2824 ²9·
1210 2759 1268 2806 ar.
1293 2749 1344 2814 23.

310 2846 488 2918 Phaeacas
514 2848 591 2908 aliae
607 2859 692 2908 recte
705 2847 871 2914 Phaeaces,
895 2846 944 2904 uti
967 2847 1028 2906 iam
1048 2859 1078 2924 3.
1095 2855 1130 2924 4.
1148 2857 1182 2922 5.
1211 2859 1346 2904 'azsoni‘-

311 2965 386 3010 crts.
439 2947 522 3014 Fuit,
549 2949 677 3028 quando
699 2947 871 3030 legendum
889 2948 1001 3026 putavi
1017 2967 1082 3008 non
1098 2949 1272 3014 Phaeaces,
1300 2939 1347 3002 sed

309 3047 436 3130 Phrygi.
489 3047 597 3111 Postea
620 3049 683 3132 legi
704 3051 738 3108 in
761 3050 904 3129 Appiano
932 3046 1067 3108 secundo
1092 3049 1253 3108 bellorum
1275 3044 1346 3104 civi·

307 3148 389 3209 liurn
418 3145 464 3236 [c.
491 3143 569 3234 39.]
599 3149 804 3230 Corcyraeos,
837 3150 899 3210 hoc
928 3148 972 3209 est
1004 3149 1170 3210 Phaeacas
1202 3143 1346 3207 habitaffe

307 3249 419 3310 urbem
447 3250 702 3338 Dyrrhachium
747 3250 964 3332 ampliandum
996 3251 1092 3334 igitur
1123 3248 1238 3310 censui
1271 3246 1346 3306 iudi·

307 3351 403 3410 cium.
464 3350 667 3434 Phrygorum
710 3354 806 3413 etiam
839 3351 991 3412 meminit
1028 3353 1193 3434 Appianas
1233 3349 1346 3412 eodeni

305 3449 398 3518 libro.
424 3443 473 3537 [c.
495 3445 539 3537 l.]
566 3471 646 3533 quos
671 3453 818 3534 Phrygas
843 3465 967 3522 tamen,
1002 3472 1068 3512 non
1093 3453 1259 3533 Phrygas,
1293 3467 1345 3508 no·

306 3551 418 3614 r'ninat.
455 3571 653 3615 arnrrartvs.
703 3555 863 3614 Phaeaces
885 3573 922 3614 ex
939 3554 1001 3614 hoc
1019 3555 1090 3615 loco
1111 3555 1256 3635 adparet,
1283 3569 1347 3612 non

305 3667 432 3714 tantum
455 3654 628 3734 Corcyram
652 3651 800 3724 tenuiffe,
831 3653 993 3716 sedetiam
1011 3657 1043 3714 in
1061 3669 1139 3716 terra
1155 3657 1346 3714 continente

306 3755 385 3816 olim
419 3775 526 3817 rerum
551 3751 640 3818 fatue
666 3759 798 3839 potitos.
851 3755 1049 3835 Corcyraeos
1075 3755 1143 3816 iane
1171 3754 1347 3838 aliqnando

304 3857 542 3935 Dyrrachenam
560 3859 726 3941 regionem
745 3857 886 3926 tenuiIIe,
914 3857 997 3920 testis
1016 3854 1286 3938 locupletiffimus
1307 3851 1348 3915 est

304 3957 524 4036 Thucydides.
552 3978 693 4022 vosstvs.
747 3957 859 4020 Narrat
875 3971 999 4020 tanturn
1011 3959 1223 4038 Thucydides
1241 3980 1270 4028 ι,
1291 3967 1348 4032 94.

304 4077 378 4120 cum
392 4061 547 4122 Strabone
566 4075 598 4134 7.
623 4083 654 4143 p.
674 4058 958 4138 m.219.i.316.
985 4075 1017 4122 et
1037 4061 1184 4121 Diodoro
1207 4076 1265 4129 ra,
1290 4071 1349 4136 50.

304 4159 498 4241 Corcyraeos
520 4162 737 4244 Epidamnum
758 4161 945 4232 condidiiie,
979 4177 1011 4222 et
1032 4162 1100 4244 post
1118 4181 1147 4233 r,
1177 4179 1240 4240 29.
1266 4179 1353 4223 cum,
