2788 4942
332 400 423 456 tiu.
453 399 507 453 tn.
557 397 590 456 c.
613 399 649 454 n.
693 396 772 468 ts.
1033 397 1075 476 65

112 593 157 634 ac
182 563 389 662 siderum)
439 572 491 634 sic
516 565 599 650 (ac)
629 569 712 652 Lips.
748 570 850 636 Vatic.
874 594 901 638 ι.
929 573 1013 638 Gud.
1038 589 1072 638 et

48 677 91 736 alii
113 677 250 756 quidam.
289 676 459 736 Editiouee
482 671 657 754 pleraeque.
685 693 723 733 ex
746 675 863 754 quibua
885 695 912 738 ι.
933 695 962 740 2.
984 691 1016 756 3.
1034 687 1070 758 4.

47 791 75 854 5.
90 779 120 840 6.
139 793 172 850 7.
189 789 223 854 ὅ.
247 795 281 854 9.
308 796 360 840 tn.
384 797 437 840 tt.
461 789 513 836 12.
540 786 592 848 ις.
616 784 668 852 ²4·
694 785 747 850 15.
771 791 824 850 17.
849 795 904 854 ¹9·
931 793 988 840 tn.
1014 793 1070 858 23.

49 889 97 956 24.
122 891 176 954 05.
200 878 409 946 Oiivarienae‚
430 877 580 940 schottus
596 885 627 934 et
640 873 831 956 praeferunt,
855 897 928 938 cum
947 879 1071 946 MSStit

46 981 234 1060 quibusdam.
290 981 445 1040 Vadinuut
462 977 551 1038 dedit
567 997 615 1045 ae,
643 979 690 1036 uti
709 979 777 1039 eius
795 977 965 1049 sectatores,
995 983 1072 1046 hinc

47 1083 178 1150 Vinctus,
205 1063 328 1142 votius
348 1095 380 1142 et
403 1078 529 1159 reiiqui.
580 1078 701 1140 Eadem
718 1081 850 1142 varietas
871 1082 980 1144 hatum
1005 1105 1072 1163 pat·

47 1183 203 1243 titulatum
221 1182 405 1244 observatur
421 1195 494 1242 aute
514 1177 620 1248 verba,
643 1179 720 1260 quid
740 1179 803 1241 Dii
822 1182 938 1256 velint,·
964 1184 1019 1245 ubi
1037 1199 1070 1248 et

47 1285 158 1344 codices
173 1297 205 1344 et
221 1285 294 1346 edd.
313 1286 396 1344 iuter
411 1296 578 1362 utramque
592 1279 771 1365 ambigunt.
823 1285 872 1344 Ex
888 1289 1069 1348 recentiori·

47 1383 97 1444 bus
120 1381 260 1455 votius,
294 1385 450 1446 Gronovii
472 1386 505 1442 in
531 1383 603 1442 edd.
627 1391 687 1461 40.
712 1391 772 1464 41.
795 1395 854 1462 42.
882 1387 1070 1452 Reiuuitiius

45 1485 205 1565 posueruut
221 1499 267 1556 et,
294 1489 378 1567 quod
399 1499 484 1546 cette
507 1484 654 1544 melioret
672 1483 831 1546 Gronovii
856 1487 1004 1566 probent.
1031 1511 1070 1552 ex

46 1589 115 1648 meis
134 1588 243 1650 Cibin.
271 1587 354 1668 Lipi.
377 1587 462 1648 Gud.
486 1585 665 1666 etquidem
689 1587 753 1647 elii.
807 1587 898 1668 Quae
914 1605 1070 1668 praeterea

44 1707 76 1747 ex
95 1690 212 1750 ussus
230 1703 339 1750 notata
360 1687 466 1758 habui,
492 1687 567 1747 haec
591 1683 673 1748 sunt.
726 1689 863 1752 Viudob.
888 1693 1009 1752 omittit
1031 1714 1071 1754 ac

45 1805 106 1850 aute
117 1788 279 1880 fiderunt,
305 1791 371 1872 post
395 1793 481 1850 idem
502 1787 577 1849 Dii.
631 1788 730 1870 Quod
753 1791 943 1854 ciacconius
962 1813 1070 1856 emen·

46 1891 123 1952 deret
143 1892 276 1954 valeant
294 1911 352 1974 pto
369 1891 485 1962 veiint,
511 1909 579 1952 uon
600 1901 676 1952 etat.

103 2068 212 2168 scire
235 2067 530 2166 profitentut)
581 2076 680 2136 Vatic.
694 2087 726 2154 3.
739 2065 834 2166 scite.
868 2079 956 2140 Tum
973 2081 1070 2156 idem,

45 2175 125 2242 Petis.
145 2197 176 2244 2.
198 2180 292 2263 Pteg.
315 2179 471 2238 omittunt
490 2172 692 2267 profitentur.

104 2361 271 2446 gentis)
322 2361 415 2424 Deest
441 2363 475 2422 in
502 2357 585 2444 Ltpr.

108 2545 298 2628 vicenis)
356 2543 452 2609 Parii.
478 2566 506 2608 t.
535 2561 567 2610 2.
599 2545 699 2610 vute.
722 2561 754 2626 3.
781 2545 874 2626 Prag.
895 2547 1069 2634 Rehdiger.

48 2647 139 2714 Ciitiu.
165 2655 281 2713 Venet.
307 2649 412 2710 Havu.
428 2649 561 2720 vicinis,·
588 2647 670 2708 Gud.
690 2651 793 2708 vicini.
832 2649 902 2709 ttost
922 2653 1007 2711 i'atic
1037 2666 1070 2732 5.

48 2749 126 2816 Perii.
145 2774 176 2816 2.
201 2754 293 2836 Ptag.
319 2751 425 2810 Havn.
456 2749 563 2812 Cibin.
594 2751 704 2812 Venet.
730 2749 894 2822 anmibus3
926 2751 1020 2814 Parii.
1040 2773 1070 2818 ι.

49 2850 119 2918 Gud.
138 2855 255 2917 amnti.
338 2875 342 2888 ¹

106 3053 174 3100 aut
205 3039 246 3100 in
271 3027 393 3128 specu
403 3035 421 3119 )
471 3034 623 3096 Voculam
644 3045 702 3094 aut
719 3035 878 3097 editiones
902 3037 1070 3110 omittunt,

48 3141 127 3200 etiam
159 3141 400 3202 lieinoiuiaune.
454 3135 585 3197 Inseruit
618 3156 655 3196 ex
686 3137 806 3198 MSStit
840 3137 919 3206 suis.
954 3141 1070 3220 quibus

47 3236 238 3324 suffragantur
261 3243 356 3300 etiam
381 3241 444 3298 mei
467 3259 597 3308 omnes,
631 3239 754 3320 priutut
773 3243 808 3298 t.
828 3239 1014 3302 Gronovius
1037 3245 1072 3304 in

48 3341 87 3402 ed.
108 3355 163 3421 44.
196 3355 230 3404 et
263 3340 396 3404 retinuit
430 3341 585 3423 Kappiue.
645 3339 753 3403 Cibin.
789 3359 847 3422 pro
881 3341 980 3403 alteru
1013 3355 1073 3404 aut

47 3438 126 3504 habet
151 3466 206 3508 att.

111 3651 154 3690 ex
180 3616 272 3708 itis)
322 3627 462 3688 Eaedem
493 3625 651 3688 editiones
681 3624 719 3686 ed
746 3623 984 3688 Gronovitnam
1012 3637 1072 3708 44.

50 3723 151 3790 habeut
166 3753 205 3790 ex
222 3731 273 3790 iit.
312 3731 389 3790 iude
404 3751 443 3788 ex
461 3729 511 3788 his
529 3729 646 3810 iegitur
663 3747 736 3788 cunt
760 3727 881 3788 MSStit
898 3729 1076 3817 Gtunovia·

51 3829 331 3892 uitieteumuibus
355 3833 495 3909 itemque
517 3831 607 3891 meis.
652 3829 760 3890 Cibin.
781 3829 906 3898 exitiis,
936 3845 969 3889 ut
986 3833 1072 3894 aiibi.

52 3927 117 3993 iiii.
138 3953 165 3996 t.
194 3933 301 3994 Vnum
318 3933 412 3992 etiam
430 3953 469 3991 ex
483 3931 541 3993 his.
579 3925 629 3992 Cf.
648 3931 667 3988 ii
686 3929 764 3989 tanti
780 3929 831 4000 est,
855 3930 968 3992 dehac
986 3951 1074 3994 com·

51 4037 212 4096 mutatione
236 4034 345 4096 crebro
369 4031 465 4094 obvia
488 4033 528 4096 ad
547 4049 578 4105 2,
598 4034 631 4103 6,
653 4045 686 4108 7.

89 4197 179 4276 Pomp.
201 4201 295 4258 Mela.
317 4200 357 4258 L
376 4199 430 4258 111·
457 4211 462 4222 '
712 4201 741 4264 Ε
