2810 4944
381 429 470 486 Lttt.
499 429 536 482 11.
579 425 613 484 C·
634 427 670 484 V.
712 425 791 500 §.70
1045 437 1107 504 405

70 601 127 662 boc
148 599 254 684 ipsum
278 599 425 680 verbum,
451 603 539 684 quod
561 603 675 672 nosler.
699 604 765 664 erni
786 601 915 666 adhibet
936 605 1052 666 Seneca
1069 605 1103 664 iu

71 703 139 764 Nat.
168 705 237 786 Qu.
262 717 293 782 5.
323 705 376 766 16.
401 701 423 766 s.
476 704 609 788 Optime
631 707 728 790 igitur
744 704 839 784 Mela,
866 727 945 787 quae
965 707 1003 766 ab
1026 707 1104 766 anti·

70 807 230 886 qniuribua
255 807 365 865 tradita
389 821 486 874 erant.
518 809 636 876 retulit.
666 823 699 868 et
715 805 793 888 poll.
824 821 859 868 ut
878 809 992 870 melina
1017 829 1104 870 meu·

71 907 144 966 dacii
169 921 364 990 coargueret,
391 909 511 978 docuit,
540 929 606 969 non
627 909 702 978 erni,
730 906 779 970 sed
796 929 834 970 etr
852 911 929 970 mari
948 907 1001 968 sub
1024 925 1104 970 terra

69 1007 205 1088 adlapsos
232 1009 378 1070 interfici.
438 1010 558 1070 Eadem
581 1011 676 1072 etiam
704 1009 744 1070 tle
771 1007 858 1072 causa
881 1009 1015 1070 verbum
1040 1011 1106 1070 erni

69 1111 178 1190 probat
201 1109 309 1172 turne
331 1111 365 1169 in
383 1109 558 1174 Memoirea
580 1131 661 1192 pour
683 1110 832 1172 l'hilloire
848 1115 888 1172 de
912 1113 1104 1194 Languedoc

68 1209 101 1271 P.
122 1223 152 1288 3.
179 1211 232 1273 ch.
256 1231 309 1272 to.
335 1233 367 1293 p.
386 1225 469 1288 558.
520 1213 738 1296 Sullragantur
761 1215 856 1274 etiam
879 1213 954 1274 huic
974 1215 1104 1276 lectioni

69 1313 191 1374 todicet
215 1312 358 1394 plerique
380 1327 413 1374 et
434 1314 560 1396 optimi.
594 1315 700 1398 Quare
720 1316 881 1378 revocavi.

137 1513 238 1598 qni)
287 1513 459 1598 Rebrliger.
478 1515 574 1598 qrrt'd,⁸
598 1517 651 1576 alli
669 1517 720 1578 vel
736 1515 830 1598 mand.
852 1517 904 1578 vel
926 1517 997 1598 qun
1023 1515 1104 1575 illuri

7 1643 8 1652 .
68 1615 183 1676 babent
216 1617 313 1677 etiarn
348 1620 495 1698 antiquae
521 1619 678 1678 editiones
710 1639 785 1678 curn
821 1619 890 1680 tut.
920 1620 1003 1678 luut.
1031 1617 1104 1686 huc,

68 1717 215 1778 varliano
234 1719 332 1784 duce.
359 1717 435 1778 aliae
451 1733 571 1800 praeter
589 1717 764 1788 Vinctum,
791 1723 844 1800 qni
862 1719 946 1800 qrnul
962 1721 1105 1778 retinuit.

68 1815 199 1880 Voffiua
221 1817 355 1880 malebat
372 1821 405 1878 in
428 1817 579 1900 superiori
595 1835 669 1880 nota
685 1825 777 1900 qnia,
805 1841 876 1881 curu
904 1821 1001 1900 pulset
1022 1817 1108 1896 qartus

69 1939 103 1980 ex
127 1921 221 1981 librie
245 1921 356 1980 multia
378 1921 554 1984 inllaurare.
606 1923 646 1982 At
670 1921 752 1981 blesa
774 1943 837 1980 nun
860 1921 981 1982 caulam
1006 1919 1108 1980 adfert

68 2021 102 2082 ab
128 2021 313 2082 auctoribus
340 2021 377 2082 iia
409 2021 597 2090 subiectam.
631 2041 710 2104 quae
739 2021 826 2084 sacile
853 2043 907 2084 eoa
933 2025 1106 2082 vanitatem

73 2123 237 2204 opinionie
260 2121 429 2192 (inclusor.
458 2123 507 2184 sed
531 2123 685 2206 obponit,
719 2142 796 2204 quae
819 2145 884 2184 reru
906 2123 1000 2204 ipsam
1025 2127 1108 2184 elue·

72 2245 129 2304 que
155 2243 266 2284 veram
290 2225 447 2284 rationem
470 2225 639 2288 declarent.
690 2225 775 2288 Aliae
797 2226 891 2286 etiam
914 2227 1107 2286 extrahatur

72 2325 262 2395 dicendum.
289 2327 325 2386 ni
346 2323 452 2396 saltur,
480 2323 586 2388 suerit.

143 2551 193 2588 ea
203 2527 471 2610 prestantium)
519 2531 702 2593 Secundum
718 2527 866 2592 Volsuun
886 2551 997 2592 onmee
1023 2543 1109 2592 rete·

73 2649 117 2692 rea
138 2631 214 2690 libri
239 2630 358 2690 habent
376 2631 613 2706 copulantium
646 2645 677 2692 at
694 2633 729 2692 Δ.
750 2633 944 2698 Gronovius.
967 2635 1019 2712 qui
1042 2651 1110 2692 eoa·

74 2731 145 2792 dern
169 2730 317 2812 inspexit,
340 2729 439 2790 adsert
457 2732 666 2811 coplontt'nm.
710 2735 755 2792 lta
771 2751 847 2794 vero
863 2737 958 2794 etium
974 2755 1010 2794 ex
1031 2733 1111 2792 rneit

74 2831 172 2894 Vatia.
199 2853 228 2894 t.
255 2831 363 2893 Cibiu.
387 2833 473 2894 Gud.
497 2833 633 2916 ttehutg.
660 2833 751 2916 Prag.
782 2835 983 2918 Augustiuor.
1006 2855 1022 2894 a
1045 2833 1111 2912 qui·

75 2930 134 2994 but
157 2935 213 3014 qui
238 2935 434 3014 discrepant,
460 2933 564 2996 Vatic.
585 2949 617 3013 5.
640 2934 734 2995 habet
757 2935 971 3014 clottantnmn
1005 2935 1110 2994 llavn.

76 3035 295 3114 clapoutinun
323 3033 467 3098 Vindob.
490 3031 731 3114 capulantium,·
756 3035 841 3118 Lips.
865 3037 1047 3102 cusantium.
1071 3037 1113 3094 ita

77 3147 185 3196 tamen
219 3148 256 3194 ut
285 3135 435 3216 posteriue
465 3157 486 3196 a
515 3137 609 3198 obelo
643 3149 793 3210 notetur;
841 3137 955 3198 Zalus..
996 3137 1113 3198 Vertat.

79 3237 302 3316 captantium
329 3235 422 3298 Paris.
446 3235 528 3298 sorte
551 3237 780 3316 copulantium.
834 3239 916 3300 Edd.
941 3259 965 3299 r.
986 3239 1115 3318 catilan-

78 3339 177 3410 tr'nm,·
214 3353 247 3414 3.
272 3347 306 3415 4.
329 3351 363 3413 5.
380 3337 412 3400 6.
435 3353 466 3412 7.
488 3351 520 3415 Β.
541 3357 574 3418 9.
600 3339 736 3418 reliquae
758 3341 1012 3416 contemnunt
1042 3339 1115 3398 Vos·

78 3439 177 3508 sium,
218 3441 292 3518 qui,
325 3437 572 3519 obsequentibus
599 3441 684 3508 aliia,
716 3439 856 3522 reposuit
889 3441 1116 3520 copulantium.

82 3559 287 3602 ratcuvcnrr.
341 3542 378 3600 ln
398 3545 598 3618 captantium
623 3555 788 3600 mutarunt
809 3557 1017 3608 correcturae,
1045 3561 1118 3600 cum

82 3645 168 3722 priua
196 3643 354 3724 legeretur
390 3642 628 3720 autumantium,
667 3645 834 3722 qumuorlo
859 3643 976 3704 habeut
1006 3662 1120 3704 omuea

84 3725 153 3802 libri
181 3755 317 3804 veterna.
377 3743 419 3804 Et
444 3763 559 3805 verum
587 3743 629 3804 ett
665 3743 729 3805 hor:
761 3745 909 3806 omniuo.
964 3745 1121 3814 Cumauam

86 3847 172 3906 enim
190 3845 299 3904 dixere
315 3857 449 3914 veteres
476 3845 630 3926 quidquid
648 3847 784 3924 aliquam
801 3865 869 3904 rent
887 3847 967 3905 intra
985 3843 1013 3906 se
1030 3845 1123 3926 capit.

88 3961 122 4006 ut
144 3950 187 4007 ait
211 3945 349 4006 Nouius.
379 3941 465 4030 [cap.
493 3966 522 4016 r,
551 3939 628 4032 13.]
678 3947 786 4027 ltaque
810 3965 875 4006 nou
900 3943 1125 4028 sarcophagum

90 4061 211 4108 tantum
231 4061 264 4108 et
284 4047 487 4106 manubrium
505 4047 617 4131 gladii,
640 4065 703 4127 quo
718 4048 839 4131 gladius
857 4051 1050 4116 continetur,
1076 4043 1125 4105 sed

90 4151 183 4213 etiarn
208 4147 364 4212 susoinanr
388 4149 451 4212 live
473 4151 656 4221 tridentem,
690 4169 754 4232 quo
772 4149 923 4236 anguillas
944 4165 974 4210 at
994 4148 1128 4234 mugilea
