2848 4942
328 461 370 524 50
626 448 864 507 aonronrr
906 448 1070 505 nacta

329 638 456 687 tautum
485 621 697 695 restituimtre3
736 643 797 708 ego
831 621 936 686 nescio
967 623 1132 706 quomodo
1165 621 1242 685 haec
1278 623 1384 688 verba

330 730 483 808 quadrant
505 745 579 786 cnm
600 726 794 806 praeteritio,
824 727 881 786 nist
898 727 1039 788 ‹sicamua
1060 727 1266 807 depravatam
1286 723 1384 786 fuisse

329 827 525 912 scripturam.
577 825 663 887 Nam
688 827 784 888 lectio
817 826 969 888 habebat:
1007 826 1240 909 Moereudoque
1269 831 1384 888 miuus

328 929 485 1021 proficere.
537 929 730 1010 Deprecatio
752 927 815 990 hoc
835 930 935 991 modo
953 927 1033 990 sacta
1053 927 1113 988 esi:
1146 929 1294 989 Mamur
1318 947 1381 1010 pro

329 1029 503 1100 moerendo,
528 1031 631 1090 minat
650 1049 709 1111 pro
726 1031 839 1100 urinas,
864 1031 956 1109 proci
973 1049 1032 1113 pro
1051 1027 1210 1118 proficere.
1249 1029 1381 1091 Dissol-

330 1147 444 1195 veraut
464 1133 552 1193 enirn
574 1131 748 1192 moerendo
765 1132 799 1192 in
819 1145 941 1214 parret,
968 1152 1088 1192 moereat
1108 1143 1140 1191 et
1162 1131 1221 1203 d0;
1258 1146 1295 1192 et
1313 1131 1380 1192 hoc

330 1235 431 1296 modo
459 1234 547 1295 locria
573 1231 634 1294 erit
655 1234 794 1316 integer,
830 1245 863 1294 et
886 1231 1041 1294 sententia
1066 1233 1126 1300 erit
1152 1246 1271 1313 aperta.
1330 1235 1381 1292 lta

331 1337 421 1398 enim
443 1349 620 1416 exponetur
643 1334 749 1394 locus:
791 1333 965 1396 Dictitaut
994 1355 1049 1394 eas
1074 1335 1237 1394 moerendo
1270 1336 1379 1394 miuus

329 1435 489 1530 proficere.
540 1437 648 1498 sicui
671 1433 752 1498 sorte
774 1455 842 1497 non
863 1434 997 1498 arriserit
1016 1455 1087 1495 mea
1111 1421 1231 1515 opinio,
1264 1436 1377 1497 afferat

331 1540 512 1606 meliorem.
538 1549 571 1598 et
591 1536 780 1598 habebimus
801 1538 848 1597 iili
867 1539 1009 1622 gratiam.
1046 1553 1241 1598 ocrvamvs.
1298 1538 1376 1598 Ma·

331 1655 466 1722 nemque
490 1637 638 1698 domiuus
660 1640 758 1714 proci.
811 1640 864 1702 Sic
888 1640 986 1722 vulgo
1010 1637 1184 1720 legebatur.
1236 1637 1375 1699 Doctiss.

329 1740 500 1806 Pintianua
528 1738 657 1822 vestigia
691 1741 807 1802 veteris
846 1738 1012 1824 scripturae
1043 1737 1188 1821 sagaciter
1218 1741 1376 1802 odoratus

330 1859 443 1903 veram
455 1839 628 1900 lectionem
646 1843 732 1900 eruit
754 1854 786 1902 et
806 1855 968 1923 tamquam
992 1837 1170 1922 exsculpsit:
1205 1840 1377 1902 moerendo

331 1945 433 2004 ntirntr
456 1938 577 2031 profici,
603 1953 642 2000 ut
656 1940 695 2000 ad
715 1961 740 2002 c.
758 1959 791 2021 9.
814 1942 870 2003 lib.
892 1961 922 2004 r.
944 1943 1083 2024 ingenue
1104 1942 1238 2010 testatur,
1270 1943 1373 2003 homo

329 2045 566 2126 integerrimus,
592 2042 706 2122 cuique
726 2055 797 2104 tuto
815 2044 891 2104 sides
907 2043 1015 2103 haberi
1033 2043 1084 2103 vel
1106 2045 1241 2104 iniurato
1265 2041 1374 2124 poisat.

331 2145 492 2208 Olivariua
513 2157 620 2204 tamen
643 2142 771 2206 Valent.
791 2143 873 2204 hanc
897 2144 953 2204 srbi
975 2145 1146 2206 lectionem
1174 2146 1374 2207 viruiicavit:

329 2245 494 2308 moerendo
516 2245 618 2304 mimas
639 2241 798 2334 proficere.
839 2264 1018 2306 ecrtorrvs.
1081 2247 1205 2330 Frigida
1226 2247 1272 2308 est
1299 2266 1374 2306 con·

216 2356 226 2400 ⁴.
328 2349 448 2409 iectura
470 2346 621 2407 Pintiani.
673 2345 736 2406 Alii
758 2359 864 2406 tamen
885 2345 939 2406 srbi
959 2345 1129 2408 attribuere
1148 2350 1374 2409 emendation·

330 2449 433 2511 culam
455 2447 536 2508 hauc
556 2460 716 2528 tamquam
737 2435 852 2508 bellam
870 2449 975 2508 conati
996 2445 1077 2508 suut.
1128 2450 1191 2511 Sed
1208 2447 1281 2510 sane
1304 2468 1374 2509 non

303 2551 375 2625 viili
396 2552 428 2610 in
450 2550 637 2610 Pintiauum
659 2545 747 2609 suere
769 2549 889 2610 iniurii.
941 2547 1001 2608 vn
1028 2550 1123 2628 paulo
1146 2549 1235 2630 supra
1257 2551 1372 2631 copula

328 2651 380 2714 illa
401 2651 500 2713 finalis
516 2649 682 2720 redundat,
709 2649 766 2708 ubi
786 2651 898 2733 legiter
912 2651 1080 2731 paratique
1101 2670 1159 2732 pro
1179 2653 1305 2730 parati,
1331 2649 1371 2710 sic

327 2768 361 2816 et
376 2753 429 2814 hic
443 2754 554 2815 eadem
571 2751 614 2813 est
628 2751 815 2822 abiicienda,
841 2765 873 2812 et
892 2752 1083 2834 legendum:
1118 2765 1247 2814 urauent
1272 2753 1370 2812 douai·

329 2875 391 2916 nas
428 2856 527 2934 proci.
578 2855 631 2916 Sic
670 2871 798 2934 quoque
840 2853 991 2914 nonnulli
1024 2852 1168 2914 Codices.
1221 2871 1368 2916 vosatvc.

327 2956 526 3038 Martemque
549 2957 665 3016 merito
690 2951 864 3035 suspectum
887 2953 982 3014 habet
1007 2953 1276 3036 Oudendorpiue,
1311 2955 1367 3035 qui

326 3075 393 3118 non
412 3056 474 3118 sine
495 3057 643 3117 acumine
663 3057 834 3137 ingentium
852 3055 1063 3116 existimabat:
1100 3071 1227 3118 monent
1245 3073 1369 3138 quoque

327 3156 414 3217 domi
435 3178 488 3216 eas
508 3157 617 3237 proea';
660 3174 793 3236 eamque
818 3157 899 3218 Ciar.
920 3155 993 3216 Viri
1020 3157 1235 3217 coniecturam
1263 3160 1367 3220 firmat

325 3255 475 3337 scriptura
494 3255 580 3318 Voss.
602 3275 630 3318 1.
656 3270 841 3338 manentque
856 3257 951 3317 damu
969 3259 1068 3336 proci.
1106 3277 1128 3320 r.
1156 3276 1364 3320 cnonovrva.

327 3358 412 3420 Cum
448 3357 593 3416 dorniuos
623 3358 825 3436 quorundam
859 3357 1012 3418 librorum
1047 3357 1136 3418 facile
1167 3373 1364 3443 coarguatur,

324 3471 397 3520 tum
422 3455 550 3518 difficile
570 3457 709 3526 videtur,
736 3459 853 3537 reliqua
879 3457 1077 3528 constituere,
1105 3462 1277 3539 inquibus
1302 3477 1364 3520 cae·

325 3580 400 3622 cum
423 3561 539 3619 vitium
563 3559 657 3618 latere
672 3570 763 3638 puto.
819 3556 932 3619 Nescio
946 3559 1033 3620 enim
1050 3562 1125 3640 quid
1144 3563 1245 3622 oratio
1267 3559 1364 3620 hiulci

325 3675 360 3722 et
378 3659 580 3741 incompositi
596 3658 701 3720 habet.
742 3659 803 3720 Sed
824 3659 887 3720 srne
906 3660 1088 3722 clarioribua
1108 3663 1257 3724 codicum
1273 3659 1361 3722 resti·

323 3763 386 3848 giis
406 3763 490 3823 nihil
514 3761 627 3822 tentari
646 3773 701 3821 aut
718 3761 828 3842 profici
852 3759 961 3842 potest.

397 3962 643 4046 Nupturae)
694 3963 799 4025 Eiecit
830 3955 977 4032 Voffius,
1012 3983 1106 4044 quem
1141 3961 1261 4026 secrrrae
1288 3961 1360 4023 sunt

323 4065 397 4130 edd.
414 4077 475 4146 40.
493 4077 553 4143 [μ.
571 4076 631 4143 42.
675 4061 858 4148 Agnoscunt
880 4075 984 4122 tamen
1002 4065 1078 4124 iliud
1098 4066 1232 4126 verbum
1250 4079 1357 4128 omnes

324 4169 416 4232 MSS.
438 4181 469 4230 et
487 4167 567 4228 edd..
580 4164 728 4226 vetustae.
779 4165 924 4226 Tantum
944 4163 1047 4227 Vatic.
1069 4181 1102 4245 5.
1122 4181 1156 4226 et
1174 4167 1264 4251 Prag.
1285 4165 1359 4228 viris
