2792 4940
323 395 382 436 tto
619 377 857 436 POMPONII
894 377 1060 434 MELAE

318 553 405 636 quod
428 569 495 616 non
514 551 670 614 modoad
691 553 803 614 itinera
823 551 974 634 pedeslria
994 551 1177 637 usurpatum
1194 549 1274 624 fnit,
1302 551 1365 614 sed

317 657 413 718 etiam
431 655 470 716 ed
487 655 736 738 navigationem.
770 655 842 716 Viti.
859 653 979 718 Gellius
995 676 1048 726 ιο,
1066 657 1121 719 26.
1138 655 1178 716 <le
1193 655 1225 716 ln
1242 653 1363 716 verbo.

317 759 397 819 Ideo
421 769 586 836 utramque
612 757 768 830 rationem
797 754 1015 838 proficiscendi
1040 758 1191 840 apponit,
1224 757 1364 816 alteram

316 857 537 919 affirmativam
562 875 678 940 nempe
696 855 810 936 pedm
844 855 896 917 sed
915 878 994 937 qnae
1015 877 1083 919 non
1103 857 1223 926 sufficit,
1249 875 1363 938 quum

315 957 410 1042 poffit
426 958 479 1018 vel
500 959 535 1017 in
550 977 640 1018 curru
657 958 709 1018 vel
726 959 758 1018 in
778 977 866 1040 equo,
894 971 1055 1040 tamquam
1074 959 1224 1040 oppositio
1243 958 1362 1018 modis

314 1057 548 1142 proficiscendi,
585 1057 637 1118 hic
663 1059 815 1143 intelligi,
850 1059 936 1120 unde
968 1061 1057 1120 addit
1089 1081 1153 1120 nott
1184 1061 1361 1139 travigatu,

314 1181 393 1242 quae
417 1178 534 1241 nempe
557 1159 712 1220 ordinaria
734 1173 767 1221 et
794 1158 941 1222 ctntsueta
970 1174 1036 1223 eret
1060 1162 1140 1223 ratio
1168 1161 1363 1222 transeundi

313 1263 390 1324 ltinc
403 1282 441 1324 ex
455 1262 522 1322 Asta
538 1262 571 1320 in
586 1261 764 1344 Eurppam.'
785 1281 808 1322 1.
828 1280 1025 1324 ononovtve
1042 1263 1118 1324 MS.
1139 1277 1172 1324 2.
1217 1260 1360 1326 Sensus:

313 1365 411 1426 maria
433 1361 633 1447 transgressus
655 1362 697 1422 ell
719 1381 786 1424 non
808 1363 953 1434 travibus.
988 1362 1038 1426 sed
1059 1364 1205 1445 pedibus.
1258 1363 1363 1424 Nihil

279 1466 518 1526 ·mutnndum.
563 1483 704 1526 nirenta
727 1465 761 1524 in
784 1464 885 1524 indice
906 1465 951 1526 acl
969 1485 1000 1527 v.
1021 1467 1183 1544 navigare.
1233 1462 1361 1526 Sensne

312 1566 376 1627 loci
402 1579 529 1648 apertus
556 1565 615 1634 est,
657 1586 717 1628 nec
743 1580 850 1626 tamen
877 1580 995 1628 temere
1026 1565 1153 1626 haelille
1183 1567 1216 1625 in
1242 1565 1360 1626 verbis

311 1669 465 1728 'ridentur
482 1666 544 1726 viri
567 1667 664 1728 docti.
715 1668 750 1730 Si
768 1669 856 1728 enim
876 1667 969 1748 pedes
984 1665 1061 1726 sacta
1079 1663 1278 1746 obpositione
1303 1667 1359 1724 in·

311 1767 474 1838 lustratur,
507 1787 571 1846 non
593 1769 751 1848 itavigcta
775 1769 877 1828 oraria
904 1769 1010 1828 minus
1034 1779 1106 1846 apto
1136 1763 1359 1847 respondent3

310 1869 356 1930 sm
374 1869 539 1950 explicatio
563 1865 677 1938 subest,
706 1869 835 1952 languet
857 1869 1006 1949 porticula
1031 1866 1205 1928 interiecta.
1255 1865 1359 1928 Prae·

310 1971 440 2032 tulerim
462 1983 569 2030 tamen
590 1969 849 2031 emendationem
869 1969 1031 2031 Ciacconii
1054 1981 1087 2030 et
1103 1967 1239 2035 schotti,
1266 1987 1356 2048 quae

309 2083 343 2132 et
361 2063 507 2131 facilitate
520 2082 552 2130 et
571 2069 724 2150 loquendi
737 2069 793 2129 usu
809 2063 1074 2148 commendabilis
1092 2069 1145 2130 est.
1181 2069 1358 2151 vulgatam

308 2184 416 2234 tomen
441 2172 612 2232 lectionem
633 2169 808 2231 constanter
831 2169 953 2231 servant
972 2171 1061 2240 libri,
1096 2187 1177 2250 qum
1198 2182 1229 2228 et
1251 2169 1357 2229 relin-

307 2291 404 2354 quere
425 2273 524 2342 nolui,
551 2271 731 2332 dummodo
750 2273 782 2330 in
798 2259 1008 2354 explicatione
1022 2290 1063 2332 ne
1084 2271 1235 2354 arguterie
1256 2283 1289 2331 et
1309 2272 1357 2332 ad

306 2373 444 2456 primam
465 2373 703 2457 navigationem
724 2371 849 2436 reseres.

383 2565 653 2665 Protesilai)
704 2575 843 2638 Vindob.
865 2565 1075 2664 prothofilai,·
1106 2573 1197 2657 Preg.
1217 2573 1353 2654 prothe-

298 2665 414 2767 soloy,·
447 2675 554 2738 Cibin.
578 2675 751 2760 llehtliger.
775 2677 847 2738 edd.
872 2675 904 2739 6.
929 2693 962 2748 7.
986 2687 1020 2752 8.
1049 2687 1102 2751 ι5.
1130 2690 1348 2756 1·7.20.25.

304 2773 505 2868 Prothestiat'.
551 2775 626 2840 Poll
648 2777 787 2840 vindob.
808 2768 1009 2868 consecrata.

384 2959 554 3060 coelos)
603 2977 686 3060 Lips.
710 2978 890 3052 Sclzaeleos,·
913 2980 1012 3040 Vatic.
1034 2995 1062 3040 t.
1086 2977 1229 3049 Scaelos,·
1254 2981 1349 3040 Vati·
1382 3035 1383 3041 ,

305 3080 375 3142 ceni
397 3077 449 3138 alii
473 3077 597 3140 scatens
619 3094 652 3140 et
674 3081 814 3153 Sceolos,·
856 3079 962 3142 Cibin.
987 3078 1170 3140 vindobon.
1196 3079 1349 3154 Sceolns‚·
1380 3099 1382 3166 j

304 3179 418 3240 Venet.
443 3177 602 3253 Scaeleos‚·
628 3180 713 3242 (iud
731 3181 873 3252 Scaelos;
906 3182 997 3262 Prag.
1020 3179 1164 3251 scateo„-
1196 3181 1380 3291 llehtlig.

304 3278 473 3350 Scacolos,·
508 3280 614 3342 Hevn.
638 3281 791 3343 Scacieos.
843 3282 925 3342 Etltl.
949 3301 978 3343 t.
1004 3293 1074 3339 Ω
1057 3315 1088 3356 0.
1111 3291 1145 3360 4.
1169 3293 1203 3355 5
1222 3299 1256 3358 9.
1282 3303 1344 3345 ιι.
1378 3307 1379 3375 4

303 3379 438 3441 Sceolos.
471 3399 676 3442 tzscnmcno
732 3381 942 3442 Scriltentlum
969 3381 1089 3442 Corin
1132 3381 1255 3442 Plinius
1279 3379 1295 3469 [
1306 3399 1343 3466 4

305 3473 499 3566 18.s.1t.]
527 3481 694 3550 Petenti,
685 3484 800 3561 inquit,
827 3482 985 3542 Melonem
999 3477 1109 3569 finum
1131 3497 1242 3560 portur
1260 3483 1346 3544 Goe-

301 3579 359 3642 los.
392 3599 578 3644 ennonnvs.
630 3577 681 3644 To*
702 3603 719 3641 s
742 3603 781 3644 ex
801 3595 915 3659 portos
936 3583 1015 3641 mele
1032 3581 1177 3650 adhaesit,
1205 3597 1236 3644 et
1258 3583 1344 3647 hinc

301 3682 482 3764 depravatio
499 3679 599 3742 secuta
615 3681 668 3744 est.
702 3683 848 3744 Proxime
863 3683 981 3744 accedit
997 3701 1089 3743 verae
1103 3683 1232 3744 lectioni
1249 3685 1343 3750 oud.

300 3781 379 3865 Cep.
406 3795 460 3860 15.
477 3782 559 3845 ,hinc
574 3784 687 3865 incipit
705 3785 850 3846 Vinetue.

375 3982 568 4065 excidio)
616 3985 765 4047 Schottue
784 3983 898 4066 scripsit
916 3975 1064 4074 exscidm,
1090 4005 1170 4065 qnae
1185 4005 1282 4050 voces
1301 4005 1344 4052 ut
1364 3981 1365 3984 ¹

298 4098 331 4147 et
354 4100 502 4170 cognatae
524 4085 599 4145 alibi
627 4089 722 4147 otiam
748 4101 1001 4157 commutantur,
1036 4085 1124 4146 sensu
1146 4109 1257 4171 parnm
1281 4107 1344 4152 eut
