2810 4944
312 429 374 502 ⁴9⁰
603 419 850 479 ronronn
890 424 1053 480 nonin

314 594 431 658 hibent
452 614 556 676 regno.
596 597 685 658 Tum
703 597 817 658 Venet.
835 591 889 657 'ciat
910 597 1055 677 coeperit,
1079 617 1155 660 cum
1172 595 1249 660 edd.
1268 605 1301 674 5.
1322 611 1354 672 7.

317 715 375 776 19.
404 727 452 740 —
480 699 528 758 nii
544 699 681 758 variatur
705 719 733 770 1,
748 709 783 776 4.
802 709 881 758 extr.
910 711 942 776 3.
960 710 993 774 5,
1011 714 1044 772 7.
1096 699 1189 782 Prog.
1210 710 1338 778 ceperat
1345 719 1358 768 ,-

312 799 489 882 Rehdiger.
517 801 681 878 acceperit.
734 799 921 862 Ciacconiuo
948 799 1024 860 haec
1056 799 1244 862 adnotavit:
1283 800 1356 860 alias

313 903 479 980 receperim
505 919 543 960 ex
561 901 680 974 codice.
707 902 832 983 opinor.
870 901 954 963 Edd.
973 913 1005 978 7.
1024 913 1057 978 8.
1075 903 1192 984 coepit.
1230 899 1307 964 Post
1322 901 1356 959 in

313 999 398 1084 Lips.
417 1001 500 1064 deesi
513 993 623 1092 ferat.

390 1195 653 1297 clarissimae
671 1205 750 1288 -)
801 1205 909 1270 Cibin.
942 1199 1109 1296 clariffirna
1134 1203 1181 1298 est
1208 1192 1353 1274 Sasonis,

314 1307 465 1386 Paphon
508 1309 618 1370 Venet.
654 1301 799 1400 Psalmis.
865 1309 1020 1370 Panionia
1054 1321 1086 1368 ec
1115 1321 1192 1368 ante
1224 1306 1354 1384 Paphos

315 1409 478 1470 omittitur
499 1410 594 1468 eiiam
619 1410 652 1469 in
676 1410 785 1472 Cibin.
809 1409 948 1470 Vindob.
970 1409 1107 1492 liehdig.
1132 1408 1222 1470 Gud.
1249 1407 1352 1468 obelo·

315 1529 378 1592 que
395 1509 538 1591 adposito
562 1523 667 1572 notata
682 1525 747 1572 erat
762 1531 800 1572 ex
818 1511 985 1574 Vaticanis.
1037 1507 1088 1572 Cs.
1105 1511 1145 1570 ad
1169 1530 1199 1578 1,
1229 1525 1287 1586 19·
1308 1508 1350 1566 in.

314 1625 388 1672 anie
410 1611 542 1674 Parion.
594 1611 723 1694 Nempe
747 1613 831 1674 Mela
852 1631 921 1674 eam
943 1609 1124 1694 prorniscue
1142 1611 1184 1671 fic
1206 1624 1240 1671 ot
1262 1609 1350 1691 ponit

313 1725 347 1774 et
364 1713 507 1796 negligit,
535 1733 605 1784 nec,
633 1714 652 1771 fi
676 1713 773 1776 libroo
795 1715 957 1782 intuearis.
983 1715 1059 1773 ceni
1075 1711 1195 1792 aliquid
1221 1709 1349 1770 insonis

314 1812 443 1896 singulis
465 1813 555 1876 statui
576 1815 691 1896 potest,
727 1817 775 1874 uti
795 1815 922 1896 adparet
942 1835 980 1875 ex
1000 1815 1054 1884 iis,
1087 1833 1170 1894 quae
1190 1812 1289 1872 adtuli
1311 1811 1347 1867 ad

313 1919 343 1992 §.
367 1913 420 1977 16.
449 1928 481 1985 Ω,
506 1931 538 1984 2,
568 1931 601 1978 Ω.
634 1929 666 1977 et
689 1918 714 1977 1.
736 1917 919 1978 Gronovius
940 1915 977 1975 ad
999 1935 1028 1983 1.
1051 1931 1082 1984 2,
1105 1927 1139 1990 5.
1197 1913 1259 1974 Hic
1280 1910 1347 1969 reti·

312 2015 452 2076 nondam
480 2035 549 2076 earn
574 2015 697 2086 censui,
739 2019 813 2098 quia
839 2031 912 2078 onte
938 2017 1088 2076 ultimum
1114 2015 1206 2076 urbis
1230 2029 1345 2073 nomen

311 2117 402 2196 pluro
419 2117 616 2180 intexuntur.
666 2117 767 2180 Verba
787 2139 849 2202 quo
866 2151 915 2165 —
930 2109 1093 2212 affirmant
1114 2117 1209 2177 uncio
1229 2109 1346 2174 inclusit

314 2215 501 2280 Gronovius
522 2219 557 2278 in
580 2221 630 2281 ed.
653 2237 759 2303 1722.

386 2420 710 2504 Palaepaphos)
761 2424 827 2485 Suo
846 2421 945 2484 modo
962 2435 994 2484 et
1008 2421 1070 2483 hoc
1085 2439 1207 2482 nomen
1224 2414 1340 2480 codices

310 2521 462 2582 reddunt.
503 2525 611 2586 Cibin.
634 2523 728 2586 Paris.
748 2540 780 2585 2.
803 2525 901 2586 Vatic.
922 2543 952 2586 r.
978 2520 1060 2603 Lips.
1080 2521 1254 2605 Rehdiger.
1271 2517 1337 2574 Vin·

310 2621 432 2684 dobon.
456 2637 540 2686 recte
562 2624 708 2706 quidem;
749 2625 847 2686 Vatic.
874 2637 907 2700 3.
937 2637 969 2686 et
992 2625 1083 2707 Prog.
1112 2619 1337 2702 Panepanhosr

311 2722 406 2786 Paris.
423 2738 455 2802 3.
471 2725 719 2806 Paioplrapir053
745 2725 831 2786 Gud.
846 2723 1071 2806 Pasapaphos5
1094 2723 1191 2788 Paris.
1212 2742 1241 2786 1.
1259 2715 1337 2778 Pas·-

310 2827 448 2906 paphos.
501 2829 563 2890 Ed.
585 2847 619 2912 9.
644 2825 828 2908 Pasapiros;
863 2837 918 2904 13.
940 2827 1111 2908 Poiepiron

460 3021 506 3108 ⁴§.
535 3030 570 3092 6.
621 3027 837 3110 Arados)
888 3029 987 3090 Vatic.
1014 3049 1045 3092 ι.
1078 3027 1176 3091 Paris.
1200 3041 1231 3104 3.
1260 3011 1332 3098 Lips·

311 3127 395 3190 Gnd.
424 3129 537 3192 Venet.
567 3130 740 3214 Rehdiger.
769 3131 878 3193 Cibin.
904 3127 1063 3196 Pambos.
1097 3145 1134 3190 ut
1158 3129 1229 3190 edd.
1255 3141 1281 3183 ι.
1303 3133 1330 3179 2·

314 3243 348 3308 5·
370 3239 405 3308 4.
430 3243 464 3306 5.
485 3249 519 3308 9.
545 3249 599 3293 ιι.
624 3229 785 3303 Parabos‚·
812 3229 905 3294 Paris.
926 3253 954 3293 1.
979 3228 1130 3303 Pirabos,·
1156 3223 1328 3290 vindobon.

310 3328 535 3412 parabaphos;
571 3333 604 3392 in
624 3331 719 3394 Paris.
737 3348 771 3394 2.
796 3333 894 3394 Vatic.
913 3343 944 3410 3.
970 3345 1004 3393 et
1025 3331 1116 3415 Prag.
1138 3331 1201 3390 hoc
1222 3335 1328 3386 nomen

311 3429 510 3494 desideratur.
563 3433 759 3493 Hodiernam
783 3433 954 3494 lectionem
982 3433 1133 3492 excitavit
1156 3423 1330 3492 Hermolaus

310 3529 481 3603 Barbarus,
514 3535 568 3594 etsi
598 3535 728 3618 ignoro,
760 3535 794 3594 in
817 3553 877 3614 qua
901 3535 1043 3596 editione
1068 3533 1180 3617 legerit
1199 3521 1327 3590 Paroios.

311 3630 398 3693 Cum
414 3635 566 3696 Venetam
590 3655 618 3698 a.
638 3649 744 3714 1432.
767 3635 839 3712 (hic
856 3637 911 3711 5.)
934 3635 1076 3718 adlegare
1099 3633 1208 3702 soleat,
1233 3631 1262 3688 in
1278 3633 1328 3700 t1¹¹³

312 3730 356 3792 est
374 3733 530 3806 Parnbos,
551 3737 593 3796 ita
606 3757 681 3797 enm
700 3735 842 3817 scripsisse
857 3739 953 3798 eiiam
970 3750 1061 3818 puto.
1094 3735 1217 3798 Arados
1235 3736 1325 3786 nmen

312 3831 377 3893 fine
396 3825 607 3898 ¹controversia
627 3853 790 3917 receptum
811 3836 864 3899 est.
916 3837 1085 3900 Editioneo
1105 3837 1181 3897 inde
1205 3831 1239 3894 ab
1260 3818 1326 3885 anfi·

312 3929 467 4012 quiffimio
491 3936 661 3998 subiiciunt
689 3941 804 4008 etiam,
837 3939 925 4018 qnod
947 3951 980 3999 et
1009 3936 1182 4022 agnoscunt
1208 3923 1280 4010 Lipi·
1298 3927 1324 3976 ⁰²

312 4033 406 4098 Paris.
425 4051 457 4115 5.
478 4058 550 4098 cnm
564 4040 753 4120 quibusdam
770 4035 877 4108 Voffii.
904 4041 950 4098 uti
969 4039 1020 4099 hic
1036 4041 1166 4120 quidem
1183 4040 1215 4097 in
1230 4039 1325 4111 appqss·

250 4153 252 4160 ·
315 4134 385 4197 dice
401 4139 560 4210 adfirmat,
587 4159 646 4202 nec
664 4141 805 4202 Vaticani
828 4139 1013 4222 improbasse
1029 4141 1200 4210 ridentum
1225 4132 1325 4193 Grono-
