2826 4936
347 433 404 500 ¹78
632 421 883 480 rouronrr
926 423 1088 480 nerse

345 593 456 658 Caesar
471 585 704 682 transmiffum,
732 613 812 657 voce
832 596 1022 677 compendio
1045 594 1191 658 scribendi
1211 607 1331 676 comrptt.

346 696 411 758 hoc
438 714 514 756 vero
538 693 748 766 Helleniimo,
782 693 918 778 oblonga
939 698 1083 768 litorum,
1116 697 1152 760 C.
1172 697 1292 760 Sallustio
1309 709 1331 754 et

346 798 445 862 Corn.
464 797 574 860 Tacito
592 799 770 868 communi,
797 817 865 859 non
890 799 1062 870 intellecto.
1088 799 1157 862 ideo
1179 812 1208 860 et
1226 795 1284 870 tota
1299 799 1330 855 in·

345 900 569 981 terpunctione
596 897 756 960 obscurata
782 899 928 962 lectionis
954 901 1098 963 veritate.
1147 902 1230 962 Vetat
1252 912 1329 958 tanen

344 1021 437 1064 mons
460 1001 564 1082 pudor
590 1001 730 1081 fidesque
755 1003 789 1062 in
816 1003 983 1064 tractandis
1005 1000 1147 1087 religiose
1175 1001 1253 1062 libris
1275 1000 1330 1060 anti·

344 1105 432 1184 quis,
466 1121 507 1162 ne
540 1102 617 1183 qnid
646 1115 764 1164 temere
793 1101 856 1165 line
890 1103 984 1166 MSS.
1014 1107 1188 1166 irnmutem.
1236 1100 1330 1162 Eruditi

343 1205 470 1267 lectoris
495 1203 648 1264 iudicium
665 1200 756 1266 facio.
797 1203 867 1266 Lib.
888 1219 921 1266 2.
938 1225 965 1266 c.
988 1227 1018 1268 r.
1032 1197 1136 1296 saeva
1153 1203 1250 1264 iriensis
1265 1203 1330 1268 dixit,

343 1319 377 1370 et
396 1306 471 1366 aiibi
493 1304 590 1387 saepe.
626 1323 807 1368 serrorrvs.
858 1305 907 1366 Ex
925 1307 1116 1368 melioribus
1131 1305 1211 1366 libris
1229 1301 1332 1385 reposui·

342 1428 418 1470 mus
438 1407 580 1489 oequoir',
606 1403 754 1468 [ensuite
773 1405 958 1488 postulante.
991 1428 1135 1470 voesrvs.
1183 1409 1274 1468 litote.
1301 1405 1332 1462 iu

343 1530 420 1572 vero
445 1511 506 1570 iarn
528 1521 617 1569 antea
641 1507 728 1568 hunc
747 1508 852 1570 locum
875 1509 1103 1571 emendaverat
1119 1507 1291 1572 casaubonus
1306 1501 1332 1562 td

343 1613 530 1676 Strabonem
552 1609 607 1670 lib.
627 1619 661 1690 4.
678 1630 710 1689 p.
726 1629 770 1672 nr.
785 1623 866 1689 139.
885 1607 905 1670 i.
923 1625 1007 1672 201.
1034 1626 1106 1672 turn
1123 1630 1177 1692 pro
1186 1601 1239 1700 sed
1252 1603 1332 1688 poiue

342 1727 392 1774 rat
407 1725 455 1782 et,
479 1731 667 1792 quemquern
685 1710 764 1770 iilud
782 1711 888 1772 locum
905 1723 1012 1773 tenere
1033 1711 1143 1794 potest,
1165 1729 1229 1771 curn
1244 1707 1275 1768 fic
1288 1703 1333 1764 ior·

343 1835 395 1876 ma
407 1815 592 1894 discrepata
608 1813 783 1872 Britannia.
835 1811 907 1874 Post
929 1831 987 1893 pro
1009 1803 1171 1904 luxurioso
1192 1811 1273 1872 Vatis.
1293 1807 1333 1868 Pa·

342 1914 392 1976 ris.
416 1936 444 1977 r.
464 1933 494 1976 2.
515 1913 688 1997 Rehdiger.
706 1913 848 1974 offerunt
863 1904 1068 2003 luxuriosos,
1094 1915 1175 1977 Gud.
1194 1897 1333 1998 detrusas

340 2013 462 2078 sertas.
512 2015 598 2076 Tum
622 2013 760 2076 Vindob.
777 2006 840 2104 sed
861 2027 892 2074 et
914 2013 1082 2090 dulcibus;
1112 2018 1211 2078 Havn.
1228 2008 1332 2094 podda?

341 2115 425 2201 Lipi.
445 2113 575 2208 postos‚·
602 2115 741 2178 Vindob.
761 2109 932 2206 dessdeout
954 2129 987 2178 et
1006 2117 1141 2181 conditi.

412 2318 550 2400 ignari
573 2315 852 2398 pietatis—)
902 2317 992 2380 Libri
1009 2325 1078 2384 mei
1098 2321 1182 2382 hunc
1202 2319 1289 2380 losum
1305 2310 1332 2370 fit
1372 2383 1373 2396 χ

308 2475 312 2488 .
339 2420 553 2484 constituunt:
576 2420 713 2480 omnium
728 2419 886 2480 virtutum
909 2422 1015 2502 ignari
1038 2423 1164 2502 (Cibin.
1181 2416 1279 2482 Zaluic.
1296 2412 1332 2473 td·

342 2525 424 2586 dunt
441 2523 561 2603 magis)
586 2541 680 2604 quam
701 2520 807 2599 (deest
823 2522 857 2582 in
873 2523 972 2585 Votis.
993 2526 1049 2602 3.)
1073 2525 1155 2586 oliae
1173 2533 1274 2602 gentes,
1293 2511 1332 2574 di·

339 2638 495 2709 quotenus
519 2635 625 2684 tomen
659 2620 772 2701 (Parii.
800 2639 832 2687 2.
864 2627 1009 2701 tontum)
1038 2627 1148 2706 gnari,
1177 2619 1331 2701 (Rehdigsr.

340 2725 480 2788 vindob.
502 2726 636 2806 ἐρείκη.)
661 2725 794 2804 pietatis
813 2721 983 2786 admodum
998 2739 1150 2804 expertes.
1182 2719 1263 2785 Parii.
1277 2739 1297 2777 t.
1310 2727 1332 2792 5·

339 2843 465 2892 tantum
483 2827 560 2888 haec
577 2825 703 2888 servatio
726 2827 894 2910 videntur:
920 2827 1059 2887 omrrium
1082 2829 1227 2888 virtutum
1246 2815 1335 2901 ignari

339 2933 390 2994 De
415 2924 567 2990 Voffianis
590 2947 667 2990 mox
689 2925 790 3010 ipsum
816 2924 955 2989 Voffium
978 2929 1065 2991 audi.
1118 2927 1197 2989 Edd.
1217 2943 1243 2988 r.
1265 2939 1290 2982 o.
1310 2929 1333 2994 5·
1371 2979 1372 3020 1

339 3041 375 3110 4.
394 3043 427 3107 5.
453 3031 487 3092 6.
507 3045 540 3106 7.
564 3041 598 3107 8.
622 3047 655 3109 9.
677 3049 731 3092 ιο.
759 3048 814 3092 ιι.
836 3045 891 3092 ra.
918 3043 973 3108 13.
1002 3038 1057 3110 14.
1082 3041 1135 3107 ²5·
1162 3035 1335 3102 17.19.to·
1371 3029 1372 3074 t

339 3131 460 3210 igurari,
486 3151 582 3212 qrtam
606 3131 686 3190 alios
703 3142 825 3210 gentes,
852 3129 1051 3212 aliquatenus
1072 3143 1176 3192 tomen
1193 3124 1277 3209 gnari
1292 3117 1334 3202 (ι.
1371 3077 1372 3163 i

339 3247 373 3294 2.
393 3249 428 3310 9.
450 3231 557 3310 ignari
563 3230 577 3315 )
599 3233 731 3312 pietatis
751 3229 921 3290 admodum
946 3245 1107 3310 expertem
1151 3231 1202 3293 16.
1223 3237 1334 3303 18021·

338 3348 398 3396 22.
418 3345 475 3409 23.
494 3341 551 3410 24.
572 3345 628 3408 25.
647 3330 702 3396 26.
722 3347 781 3406 27.
799 3345 856 3408 28.
880 3333 1050 3403 Vadianae,
1077 3332 1262 3394 Olivarianae
1277 3339 1335 3383 cum

336 3435 454 3496 Vineto
489 3433 623 3494 eandem
656 3431 792 3493 formam
826 3430 983 3504 referunt,
1026 3433 1205 3517 interposito
1236 3437 1335 3490 tantum

337 3538 441 3616 stragis
455 3533 524 3615 post
538 3535 661 3615 igrmri,·
686 3536 837 3596 Schottns
854 3535 957 3596 dedit:
981 3537 1097 3616 ignari,
1113 3531 1235 3615 pietatis
1248 3525 1334 3588 admo·

336 3636 412 3696 dum
433 3647 589 3716 expertes,
622 3637 669 3696 uti
690 3635 875 3716 posteriores
896 3634 1016 3708 volito,
1046 3639 1101 3718 qui
1123 3633 1217 3698 recifis
1235 3623 1333 3690 ultimi!

335 3737 458 3809 verbis,
494 3738 629 3817 pictatis
659 3736 829 3796 admodum
859 3751 1017 3814 expertes,
1051 3739 1128 3800 haec
1154 3725 1331 3812 interposuit:

335 3840 473 3902 omnium
486 3839 642 3900 virtutum
659 3840 772 3918 ignari.
807 3857 1010 3902 intertrusa.
1044 3840 1153 3920 Magis
1168 3853 1253 3918 quom
1268 3827 1332 3888 odat
1370 3879 1371 3884 1

333 3953 457 4023 gentes,
490 3937 690 4022 aliquatenus
716 3954 821 4001 tomen
852 3942 980 4024 gressi.)
1031 3942 1116 4002 Haec
1140 3941 1230 4000 etiam
1255 3925 1331 3991 verb!

331 4063 399 4106 non
416 4055 500 4104 recte
518 4041 702 4124 Pomponio
721 4040 954 4113 artioribuntur;
982 4045 1080 4128 magis
1096 4041 1237 4102 videntur
1250 4025 1330 4092 homi·

330 4146 381 4208 nis
405 4140 594 4206 defensantis
623 4145 781 4206 honorem
806 4143 976 4216 Iuvernae,
1020 4164 1113 4226 quem
1135 4136 1251 4202 dolebat
1269 4125 1330 4191 tarni
