2848 4942
296 439 319 510 4
602 427 843 488 roucourt
882 427 1042 485 natac

298 605 354 668 hic
374 615 484 668 notat:
521 603 573 667 stc
590 601 647 664 tib.
671 623 700 664 ι.
725 621 752 665 c.
771 611 806 682 4.
825 598 848 664 i.
882 601 981 664 Nunc
997 601 1142 664 exactius
1161 599 1366 695 orasfitur·

298 728 359 793 que
380 705 525 778 dicturo,
552 725 615 788 quo
638 705 766 792 vulgata
787 704 937 768 omniurn
964 703 1123 768 librorum
1149 707 1255 768 lectio
1284 725 1365 769 con·

298 811 483 876 finiretur.-

376 1015 429 1076 At
452 1031 523 1093 per
547 1007 739 1092 eundem)
790 1009 874 1073 oua.
891 1011 983 1097 Prag.
1007 1009 1146 1071 vindob.
1169 1007 1362 1095 Rehdiger.

300 1137 349 1186 oc,
373 1117 423 1174 uti
445 1112 517 1175 edd.
547 1131 576 1176 ι.
603 1127 635 1175 2.
657 1125 690 1192 5.
707 1123 743 1192 4.
768 1123 801 1191 5.
826 1115 860 1176 6.
879 1129 911 1189 7.
931 1127 965 1192 3.
984 1133 1018 1193 9.
1043 1133 1096 1175 to.
1124 1133 1178 1174 ιι.
1204 1128 1268 1174 12.
1300 1127 1359 1192 ¹5·

306 1229 362 1295 ι4.
390 1229 444 1292 ι5.
475 1229 605 1293 17·19·
629 1229 687 1278 20.
708 1230 766 1282 tat.
789 1229 844 1292 25.
866 1227 921 1292 28.
945 1215 1084 1276 Vaticani
1108 1215 1150 1274 ita
1172 1216 1280 1274 etiam
1306 1214 1363 1274 ha·

300 1317 400 1379 buiffe
423 1317 586 1377 videntur.
638 1317 767 1396 Reiiqni
789 1321 848 1385 At,
879 1317 965 1398 quod
984 1315 1149 1376 revocavit
1175 1316 1359 1384 Vedianno,

302 1419 426 1500 excepit
446 1418 616 1486 Olivariua,
636 1431 770 1498 uterque
789 1437 865 1478 cum
881 1416 953 1486 iuio,
977 1419 1181 1476 retinuerunt
1201 1417 1359 1486 Vinctus,

301 1521 464 1586 Schottus.
498 1513 632 1587 Voffins,
665 1520 730 1582 aiii.
780 1519 890 1581 Recte.
943 1517 1018 1579 Non
1044 1519 1131 1577 enim
1154 1520 1274 1578 eadem
1305 1519 1359 1577 vei

304 1623 415 1682 familia
440 1620 555 1690 nectit,
588 1617 638 1679 sed
662 1617 783 1681 diversa
807 1617 979 1703 subiungit.
1033 1617 1118 1678 Nota
1139 1632 1255 1678 autem
1279 1620 1360 1678 alias

303 1723 347 1784 est
377 1725 541 1802 utriusque
573 1721 740 1802 particulae
772 1719 929 1791 confusio,
971 1721 1011 1780 de
1044 1739 1105 1800 qua
1134 1720 1282 1782 Bentlei.
1316 1719 1359 1780 ad

304 1824 416 1885 Horat.
449 1844 477 1885 t.
503 1821 555 1884 od.
587 1832 641 1898 ¹8·
670 1837 704 1896 7.
752 1820 917 1882 Drakenb.
951 1822 990 1882 ad
1016 1822 1074 1882 sit.
1104 1821 1173 1883 itai.
1200 1819 1235 1891 6,
1267 1839 1357 1900 190.

303 1937 337 1986 et
366 1925 436 1984 Lir.
464 1937 495 2002 5,
520 1921 576 1992 61,
602 1933 635 2001 4.
680 1923 880 1984 Bonemann.
911 1921 948 1983 ad
980 1923 1118 1984 Lactanr.
1144 1923 1177 1990 6.
1207 1942 1267 1992 ιι,
1292 1934 1356 1996 25.

303 2025 516 2088 schwartzius
549 2023 587 2084 ad
624 2024 706 2086 Plin.
735 2043 885 2106 panegyr.
913 2043 941 2084 c.
967 2025 1023 2086 26.
1051 2044 1082 2105 p.
1108 2033 1166 2098 80.
1208 2038 1246 2084 et
1273 2023 1356 2082 aiibi

303 2127 393 2208 plura
418 2126 551 2187 dabunt.
603 2122 655 2188 cf.
674 2125 771 2188 etiam
791 2126 831 2186 ad
854 2121 983 2208 praefat.
1013 2145 1042 2186 ι.
1065 2135 1097 2185 et
1120 2138 1153 2185 Ω.
1192 2141 1223 2195 t,
1252 2141 1287 2195 2,
1316 2135 1352 2201 5.

237 2307 242 2324 .
307 2240 365 2306 15.
386 2230 431 2288 in.
472 2239 559 2304 Μ.
588 2245 643 2290 ιιι.

379 2427 568 2490 deutrum
577 2426 597 2509 )
650 2425 757 2491 Cibin.
790 2427 929 2513 Rehdig.
952 2427 1035 2512 Lipi.
1059 2427 1146 2491 Gud.
1168 2425 1352 2497 dexteram,

302 2530 389 2610 quod
417 2531 489 2590 leve
519 2529 578 2599 est,
614 2531 664 2590 uti
692 2528 842 2591 Meotido
870 2543 945 2592 ante
970 2532 1003 2590 in
1027 2529 1111 2592 Gud.
1138 2529 1227 2614 Prag.
1267 2549 1351 2591 mco·

304 2628 405 2712 thyda
428 2633 460 2690 in
481 2629 620 2714 Reltdig.
640 2645 673 2692 et
692 2632 726 2691 in
741 2627 823 2712 Lips.
848 2630 1028 2695 meotidem.
1067 2633 1117 2694 De
1133 2633 1233 2713 priori
1251 2631 1349 2700 voce,
1400 2645 1401 2670 ι

304 2730 498 2803 [itantieii.
530 2727 571 2793 cf.
592 2732 680 2812 adp,
701 2744 733 2810 8,
755 2751 785 2796 t.
1353 2759 1358 2768 ’

380 2937 487 2999 Euro
495 2957 542 3016 pe
567 2933 645 3029 est)
694 2928 742 2998 Τὸ
764 2933 807 3028 ss
828 2937 986 2998 omittunt
1002 2934 1139 2998 Codices
1156 2937 1221 2998 mei
1239 2937 1343 2998 Vatic.

302 3035 399 3101 Parii.
427 3061 454 3099 t.
483 3055 514 3100 2.
541 3051 573 3115 3.
605 3036 712 3100 Cibin.
735 3037 820 3098 Gnd.
843 3037 933 3122 Prag.
957 3035 1040 3118 Lipi.
1064 3037 1202 3100 Vindob.
1224 3040 1342 3099 Venet.

302 3139 410 3200 Harn.
435 3139 607 3220 liehdiger.
631 3152 664 3198 et
690 3137 828 3199 vetustae
851 3141 924 3200 edd.
955 3159 983 3201 ι.
1008 3154 1041 3200 tt.
1068 3153 1099 3214 3.
1124 3148 1158 3216 4.
1185 3151 1219 3216 5.
1244 3141 1280 3203 6.
1307 3153 1340 3210 7.

303 3250 337 3316 5.
356 3257 389 3318 9.
414 3259 468 3302 ιο.
492 3260 545 3300 ιι.
569 3257 622 3302 tc.
648 3253 701 3318 15.
728 3249 781 3318 ι4.
806 3249 858 3314 15.
884 3253 937 3311 17.
960 3259 1013 3318 tr).
1033 3255 1091 3301 20.
1112 3239 1168 3317 23.
1206 3240 1344 3301 Addidit

300 3341 423 3420 primus
440 3341 596 3401 Vedianas
612 3359 684 3399 curn
702 3337 779 3408 iuis,
805 3339 874 3422 post
892 3351 949 3418 24.
978 3355 1033 3418 25.
1057 3343 1256 3422 omninoque
1273 3341 1339 3406 Oti,-

199 3463 204 3468 ·
300 3444 446 3502 varianae
473 3456 505 3503 et
531 3443 677 3522 reliquae.
743 3441 806 3502 Pro
836 3442 981 3522 Europe,
1015 3442 1100 3524 quod
1128 3457 1160 3502 et
1187 3441 1341 3504 obierunt

302 3541 406 3605 Codd.
431 3545 504 3613 mei,
537 3545 588 3604 vel
612 3543 659 3602 uti
682 3541 790 3605 Cibin.
810 3564 959 3622 europae,
991 3546 1066 3605 edd.
1087 3562 1115 3606 t.
1144 3561 1175 3607 2.
1198 3545 1338 3620 Europe,
1400 3571 1401 3588 ι

302 3661 336 3724 9.
361 3663 399 3704 ex
416 3645 495 3706 vitio
513 3663 617 3726 erope,
654 3655 686 3725 ¹5.
704 3657 739 3722 4.
758 3657 789 3722 5.
809 3643 841 3707 6.
859 3661 891 3720 7.
910 3656 943 3721 g.
966 3665 1019 3707 to.
1044 3657 1095 3720 15.
1122 3661 1174 3722 17.
1193 3659 1250 3706 oo.
1274 3657 1334 3720 23.

299 3745 466 3822 Europae,
493 3765 547 3808 ιι.
570 3764 631 3810 ta..
646 3759 701 3822 13.
723 3767 776 3828 ¹4·
797 3747 1031 3824 19.Ertropue,·
1059 3747 1215 3807 vadianus
1231 3743 1337 3827 posuit

299 3847 434 3925 Europa
454 3867 528 3908 cum
549 3845 611 3909 stris
635 3861 667 3908 et
691 3847 767 3907 hinc
789 3857 847 3925 24.
871 3861 928 3924 25.
954 3846 1163 3917 Olivarianae,
1191 3849 1335 3913 Videtur,

300 3947 461 4018 schottus,
490 3943 624 4019 Voffittt,
650 3947 863 4008 Gronoviiirt
885 3949 957 4010 edd.
982 3961 1040 4030 4ο.
1064 3970 1124 4026 4ι.
1149 3965 1208 4026 aa.
1262 3945 1335 4008 Post
1394 3947 1399 3958 ‘

300 4067 373 4110 cnm
414 4050 590 4111 lieinoidio
628 4063 814 4110 revocatum
856 4048 900 4110 est
932 4049 1060 4130 Europe
1099 4047 1330 4131 servatumque.

299 4169 499 4214 ratcuvcrta.
558 4152 626 4215 alia
646 4151 739 4214 lectio
763 4149 875 4214 habeta
918 4155 965 4213 Ac
983 4171 1040 4232 per
1061 4149 1190 4212 erutdem
1211 4169 1332 4214 amnem
