2836 4940
294 421 357 470 ⁸20
592 403 838 464 toncourt
878 402 1042 460 ntum

295 581 383 662 [vid.
407 579 479 644 Vol.
499 581 551 662 2.]
581 579 707 650 dicunt.
751 575 900 640 formicae
935 577 1057 638 indicae
1095 575 1156 638 ell'e
1189 577 1332 639 minoret

295 685 442 754 canibus.
470 679 521 742 led
540 683 674 744 maiorer
695 679 857 762 vulpibus.
917 676 994 740 Non
1015 691 1111 760 puto,
1137 678 1177 739 ab
1201 679 1267 740 illie
1289 698 1332 740 re·

295 782 409 848 ceffille
436 783 571 854 Melam
614 785 720 864 itaque
753 783 914 844 veriorem
946 778 1006 842 elle
1032 777 1143 842 censeo
1178 781 1330 842 omniunt

296 885 482 969 scriptorum
502 885 688 955 lectionem,
714 903 808 966 quam
832 897 952 944 temere
974 895 1154 942 mutarunt:
1180 882 1248 942 alit
1259 873 1332 972 for·

297 989 395 1052 micas
410 1007 474 1048 non
492 987 594 1048 motus
611 981 925 1048 murmurantem.
977 985 1073 1052 Dicit.
1098 980 1253 1046 formicas
1268 1003 1331 1046 non

294 1087 355 1152 elle
376 1091 484 1150 minua
508 1107 652 1172 magnae,
683 1107 777 1169 quam
799 1087 859 1148 lint
881 1103 984 1147 caneo.
1042 1085 1146 1145 Etiam
1172 1085 1258 1145 alibi
1285 1085 1333 1145 hic

294 1189 399 1252 noller
422 1187 617 1272 superlativis
640 1191 743 1250 utitur
764 1206 822 1270 pro
852 1187 1093 1266 comparativis,
1118 1186 1209 1268 quod
1232 1185 1332 1268 ipium

296 1307 330 1356 et
345 1293 426 1373 apud
443 1291 621 1354 Sallullium
642 1305 674 1352 et
690 1291 765 1352 alioa
786 1291 912 1373 liuguae
929 1289 1060 1349 Latinae
1079 1301 1229 1350 anctorea
1247 1279 1331 1370 saepe

295 1393 406 1456 videro
430 1391 482 1453 eil.
516 1411 655 1454 voearva.
708 1391 943 1472 superlativum
964 1386 1149 1470 paffimpro
1171 1407 1331 1472 compara·

296 1499 365 1556 tivo
387 1495 463 1576 poni
487 1495 568 1574 apud
596 1493 732 1554 Graecos
757 1493 869 1562 etiam,
903 1491 998 1552 docet
1025 1489 1194 1552 structurae
1220 1489 1331 1554 torna.

296 1597 369 1658 Vid.
387 1595 529 1656 Davisius
550 1595 588 1656 ad
609 1593 693 1656 Max.
708 1596 785 1674 Tyr.
808 1605 863 1672 a3.
880 1593 925 1653 in.
952 1589 1093 1653 Beckiue
1113 1593 1153 1652 ad
1169 1591 1331 1674 Aristoph.

295 1717 369 1758 avet
390 1717 420 1756 v.
440 1707 523 1771 822.
550 1710 583 1756 et
604 1715 681 1776 quoa
699 1695 751 1756 hic
766 1695 923 1758 nominat.
973 1688 1024 1754 Cf.
1050 1705 1212 1775 praeterea
1235 1695 1331 1758 Corte

296 1800 333 1860 ad
350 1797 467 1860 Sallull.
487 1797 557 1881 lug.
574 1817 601 1858 c.
619 1815 676 1880 3¹·
698 1808 751 1876 ¹4·
776 1796 831 1858 etsi
848 1796 928 1856 aliua
946 1793 992 1854 ibi
1009 1793 1053 1856 est
1069 1815 1181 1856 nexus.
1229 1797 1333 1857 Loca·

296 1899 455 1962 Herodoti
472 1911 504 1976 5.
527 1915 606 1962 ιον.
625 1899 712 1960 unde
726 1897 776 1960 [ua
790 1898 884 1979 petiit
895 1895 991 1965 Mela.
1015 1895 1054 1956 iic
1067 1895 1181 1958 habeta
1209 1889 1333 1986 μύρμη-

295 2021 346 2072 κες
374 1991 523 2086 μεγάθεα
548 1992 681 2082 ἔχοντες
706 1999 810 2062 κυνῶν
836 1995 892 2086 μὲν
917 1991 1095 2068 ἐλάσσονα,
1130 1994 1331 2062 elendona

296 2095 329 2162 δὲ
353 2095 482 2184 μέζονα.
535 2099 581 2160 Ad
600 2119 680 2180 quae
702 2100 722 2160 st
745 2099 840 2161 verba
863 2098 958 2160 nostri
975 2119 1014 2160 ex
1031 2094 1176 2160 Voffiana
1197 2101 1330 2182 explica·

293 2205 382 2262 tione
415 2195 593 2270 transierat.
630 2201 766 2260 minime
793 2219 829 2262 ea
855 2198 1057 2280 respondent.
1123 2201 1215 2260 Turn
1244 2202 1329 2262 enim

294 2298 399 2362 lenius
420 2299 553 2360 exsistat:
587 2319 653 2360 non
672 2302 813 2364 minoret
831 2299 891 2362 elle
908 2301 1052 2360 niaximia
1074 2299 1219 2371 canibus.
1246 2301 1331 2382 quod

295 2403 480 2464 Herodotua
505 2401 639 2463 minime
665 2403 770 2464 tradit.
822 2403 955 2464 Acutius
980 2413 1123 2462 mentem
1153 2403 1330 2485 Pomponii

294 2505 378 2564 vidit
403 2503 542 2584 Kappiue
567 2516 599 2564 et
620 2505 653 2564 in
684 2504 789 2565 indice
817 2502 839 2566 l.
866 2523 897 2564 v.
914 2493 1076 2591 formicae
1103 2502 1253 2584 exposuit
1274 2506 1327 2564 lic:

294 2603 445 2666 formicae
472 2603 579 2666 indiae
602 2606 824 2689 magnitudine
851 2603 1004 2687 praeliant
1025 2601 1174 2665 formicas
1198 2607 1329 2666 aliarum

293 2707 478 2790 regionum,
504 2705 581 2766 licut
596 2725 687 2768 canen
709 2707 809 2766 lndici
831 2706 1049 2788 magnitudine
1071 2703 1222 2786 superant
1238 2725 1329 2768 canoa

295 2809 425 2868 aliarum
446 2807 629 2891 regionum,
659 2819 847 2888 quapropter
867 2807 962 2868 etiam
979 2806 1099 2886 adlegat
1118 2805 1275 2868 Curtium
1294 2825 1328 2886 9.

302 2929 330 2976 ι,
350 2923 392 2987 3¹
415 2907 457 2988 lq.
509 2907 665 2970 Posterior
687 2922 793 2968 tamen
812 2907 881 2970 eiua
901 2908 1118 2988 explicationis
1139 2927 1210 2987 pare
1229 2909 1330 2970 recidi

294 3007 375 3070 forte
392 3003 503 3090 pollit.
530 3022 562 3070 et
581 3009 773 3090 comparatio
794 3009 929 3070 omuino
946 3007 983 3067 ad
999 3026 1089 3069 caneo
1106 3011 1260 3071 omniurn
1281 3030 1329 3072 re·

293 3111 428 3192 gionum
443 3107 569 3184 referri,
593 3111 681 3191 qnod
697 3107 770 3170 facit
787 3111 882 3170 etiam
899 3109 1092 3184 Herodotus.
1138 3111 1192 3172 Sic
1212 3113 1328 3174 Strabo

293 3209 350 3270 lib.
380 3219 436 3284 15.
468 3229 500 3290 p.
523 3221 609 3288 483.
632 3208 653 3274 s.
672 3224 754 3290 793.
785 3211 825 3272 dc
849 3209 956 3270 lndia:
997 3209 1232 3298 κερκοπὶθηκον
1263 3209 1331 3301 μεί-

294 3306 369 3396 ζους
388 3307 454 3374 τῶν
475 3307 635 3396 μεγίστων
657 3310 769 3375 κυνῶν.
806 3311 931 3372 Eodem
954 3307 1019 3373 iere
1041 3311 1139 3378 modo
1158 3313 1242 3374 dixit
1261 3315 1328 3374 llo·

294 3415 391 3474 ratiue
411 3413 511 3490 Satyr.
541 3433 569 3479 a.
594 3409 626 3482 6,
654 3423 709 3494 24.
753 3413 855 3474 trahit
878 3412 981 3491 gloria
1007 3432 1097 3472 curm
1123 3433 1186 3472 non
1222 3417 1326 3474 minus

294 3516 422 3593 ignotos
440 3509 601 3600 generosis.
654 3512 769 3576 sensns
792 3514 902 3596 igitur,
932 3513 950 3570 st
974 3513 1012 3573 ad
1032 3513 1164 3572 fictilem
1189 3511 1325 3575 formam

293 3614 433 3698 effingas,
457 3615 587 3676 mutatio
603 3615 706 3676 verbi·
721 3615 774 3676 hic
791 3613 848 3675 eli:
876 3615 940 3674 Alit
953 3611 1097 3675 formicas
1113 3633 1211 3694 aeque
1228 3615 1324 3675 maxi-

293 3735 376 3785 mat,
402 3735 436 3776 ac
461 3734 561 3778 canes.
612 3715 674 3776 Pro
700 3716 895 3796 Gryphomm
921 3713 1029 3776 Cibin.
1051 3735 1239 3796 gryporum
1270 3717 1323 3775 alii

293 3817 494 3899 griphonem,
522 3817 569 3874 uti
590 3819 686 3876 ctiam
711 3819 783 3880 edd.
805 3837 832 3876 ι.
859 3831 892 3877 2.
913 3833 946 3893 9.
971 3829 1026 3893 13.
1048 3811 1235 3903 griffontm,
1259 3816 1320 3897 gri·

292 3919 436 3996 phorum,
457 3931 490 3977 et
511 3917 711 3996 gryphorum,
736 3917 822 3998 quod
843 3919 904 3978 iam
922 3917 1080 3978 dederunt
1097 3919 1170 3978 edd.
1189 3933 1222 3996 5.
1238 3928 1270 3999 4.
1284 3927 1316 3992 5.

295 4019 328 4080 6.
349 4032 381 4092 7.
406 4029 439 4093 8.
464 4037 596 4080 to.ar.
622 4036 678 4082 ta.
707 4029 761 4098 14.
793 4047 843 4061 —
882 4019 967 4080 Hinc
990 4036 1057 4100 cap.
1080 4031 1138 4098 33.
1165 4039 1183 4080 a
1208 4021 1315 4082 Vineto
1405 4063 1406 4102 ἢ

292 4119 437 4202 ponitur.
