2848 4942
331 447 373 509 60
632 447 872 506 POMPONII
909 447 1079 505 matta

333 630 431 689 etiam
454 621 602 701 deseruit,
632 638 690 687 21.
715 637 746 686 ct
770 623 913 706 posted.
937 633 998 702 42.
1023 643 1097 686 cum
1113 621 1289 686 Reinoiriio
1310 619 1379 681 rali-

334 747 413 810 quae
444 727 482 786 ad
513 723 644 808 priscam
673 719 846 788 sectionem
874 725 1050 790 redierunt.
1105 725 1258 810 Ignorant
1283 723 1378 784 etiam

328 850 404 892 eam
431 843 546 888 vocem
572 830 608 888 A.
636 827 795 888 Gronovii
826 829 951 888 codices
977 846 1090 888 omnes
1118 846 1216 908 aeque
1239 845 1276 886 ac
1303 826 1375 884 mei.

334 931 427 993 Solus
450 927 545 992 Paris.
567 946 597 992 2.
621 927 760 990 habuiiie
781 929 920 992 videtur.
963 927 1047 991 Cum
1066 929 1118 989 hio
1137 931 1272 989 minime
1294 925 1375 1004 libri,

334 1045 419 1093 oerte
454 1050 585 1099 omnes,
625 1029 664 1091 de
697 1030 813 1112 quibus
846 1030 980 1101 constat,
1016 1032 1227 1101 fluctuentur,
1260 1027 1376 1088 melius

334 1133 427 1196 abest.
472 1131 543 1194 Post
565 1131 681 1196 Vertat.
705 1133 776 1196 Nec
795 1123 930 1222 foedera
952 1147 986 1196 et
1006 1130 1091 1218 Lips.
1124 1133 1205 1194 iuter
1228 1141 1377 1200 crucium

335 1234 419 1298 Gud.
445 1245 586 1297 cruenta.

410 1458 506 1541 quii)
556 1459 638 1520 Edd.
662 1473 719 1536 50.
742 1471 800 1537 32.
826 1473 884 1538 37.
907 1460 1005 1543 quiu3
1036 1458 1106 1543 post
1128 1477 1188 1540 pro
1211 1465 1373 1522 exemtum.

334 1561 382 1622 uti
404 1563 520 1621 rectius
542 1559 681 1622 scribunt
706 1563 831 1623 codices
852 1563 976 1646 aliqui,
998 1559 1191 1624 Henischiua
1212 1559 1302 1621 dedit
1322 1557 1374 1636 (in

335 1665 387 1726 ed.
406 1665 483 1742 54.)
508 1673 742 1746 exceptumque.

410 1881 479 1946 ubi
511 1875 818 1976 permiscuere)
868 1885 1075 1972 Legitimum,
1116 1883 1171 1947 ubi
1201 1885 1282 1946 uino
1312 1900 1374 1959 per·

336 1977 493 2077 miscuere.
545 1987 705 2048 Sallustius
732 1981 793 2074 [de
817 1989 853 2052 B.
872 1991 965 2052 Catil.
990 1979 1230 2071 c.18.s.22.]
1258 1987 1302 2044 ait
1322 1983 1373 2043 Ca·

336 2089 462 2148 tilinam
485 2089 618 2148 humaui
648 2091 787 2170 corporis
806 2083 995 2182 saraguinem
1025 2093 1101 2150 vitto
1126 2092 1318 2162 permixtum
1345 2084 1373 2141 in

335 2192 455 2270 poterit
479 2183 705 2278 circmutult'ffe.
740 2209 946 2254 ciaccotttve.
1003 2192 1035 2252 V
1037 2189 1069 2251 bt‘
1083 2193 1159 2251 virro
1176 2177 1372 2278 perrariscucrc

338 2311 376 2352 ex
397 2291 556 2352 Herodoti
582 2292 786 2372 Melpomene
809 2287 864 2380 [4,
890 2287 972 2380 7ο.]
993 2294 1053 2376 leg.
1079 2293 1228 2353 coniicio.
1262 2304 1372 2350 sertor·

337 2412 409 2454 'ra-s.
456 2389 531 2480 [qui
571 2393 655 2454 idem
699 2396 815 2474 repetit
853 2395 891 2454 ad
932 2395 1149 2478 Geographica
1186 2377 1371 2468 Herodoti]

337 2493 459 2592 Minuti
485 2493 614 2576 quidam
637 2497 736 2555 critici
762 2497 872 2580 legunt
894 2496 961 2564 hic,
995 2493 1047 2555 ubi
1066 2496 1143 2554 virro
1165 2483 1371 2582 pernoscatur.

338 2595 485 2678 Nempe,
516 2597 590 2676 qnia
615 2598 656 2656 itu
683 2598 888 2668 Herodotum
920 2596 1003 2679 qrtafi
1030 2615 1108 2658 vero
1135 2615 1201 2655 non
1225 2607 1258 2653 et
1282 2590 1372 2652 multa

338 2697 395 2758 alia
420 2698 483 2758 illic
509 2696 616 2756 habeat
637 2699 837 2768 Herodotus,
865 2720 943 2779 quae
967 2718 1032 2759 non
1057 2697 1149 2758 habet
1168 2695 1372 2776 Pomponius.

272 2832 278 2848 ·
338 2797 431 2860 Nihil
456 2799 507 2860 hic
529 2801 732 2862 mutandum.
773 2801 907 2879 Scythae
937 2801 1001 2870 isti,
1039 2800 1079 2860 de
1102 2799 1218 2879 quibua
1240 2796 1294 2855 hic
1314 2793 1373 2875 ugit

337 2915 446 2962 auctor
463 2901 576 2968 noster,
599 2915 751 2961 mutuum
772 2900 957 2985 sangninem
973 2885 1136 2963 exemtttm
1159 2921 1176 2960 e
1192 2896 1371 2958 vulneribus

337 3002 577 3084 permiscebant,
604 3017 696 3083 atque
723 3023 797 3063 eum
821 3004 960 3063 invicem
986 3001 1160 3069 sorbebant,
1188 3019 1263 3060 cum
1289 2996 1373 3056 [ocie-

337 3115 436 3164 tatem
459 3107 587 3164 inirent.
623 3123 765 3166 vosatvo.
836 3105 923 3188 Quid
955 3105 1113 3184 exceperit
1138 3123 1176 3162 ex
1200 3101 1371 3160 Herodoto,

339 3206 414 3286 quid
441 3207 585 3266 reiecerit
610 3207 710 3275 Mela,
746 3225 818 3266 cum
851 3226 917 3267 non
943 3205 1001 3265 niti
1028 3225 1065 3265 ex
1092 3203 1180 3264 libris
1207 3201 1373 3262 diiudicare

337 3305 447 3374 liceat,
482 3307 598 3368 melina
627 3306 804 3379 omittitur,
844 3327 886 3370 ne
912 3308 1036 3368 invitus
1065 3303 1240 3368 excrescere
1272 3313 1374 3364 auctor

340 3421 480 3491 cogatur.

415 3620 625 3721 mansurae
651 3619 761 3712 fidei
771 3628 788 3711 )
825 3629 932 3693 Cibin.
949 3627 1031 3723 fidei
1051 3620 1211 3721 mansura
1233 3621 1326 3691 Paris.
1345 3640 1370 3683 1·

339 3733 456 3815 pignus
477 3725 668 3824 incrusurum.
709 3733 783 3794 Post
806 3733 914 3796 Cibin.
939 3733 1035 3815 quod.
1077 3735 1235 3814 Deinceps
1259 3725 1372 3789 omittit

341 3854 415 3895 cnm
439 3835 610 3919 liehdiger.
633 3847 664 3896 et
686 3836 794 3896 codice
817 3836 850 3896 in
872 3836 944 3895 edd.
971 3851 1028 3910 27.
1057 3851 1114 3918 29.
1139 3845 1315 3893 memorato
1336 3843 1372 3883 rc·

333 3927 437 4027 ferre.
489 3937 552 3996 Pro
579 3931 747 4028 lact-affimat
773 3935 855 4020 Lipt.
880 3936 983 3999 Vettio.
1008 3950 1040 4016 3.
1070 3936 1161 4020 l'rag.
1193 3934 1296 3993 Havn.
1319 3925 1372 3985 ccr-

341 4033 478 4128 ttffimo5
518 4037 635 4100 Venet.
664 4052 693 4100 et
727 4041 781 4120 qui
810 4038 983 4119 plurimum
1025 4037 1115 4121 Preg.
1148 4035 1250 4097 Vatic.
1280 4045 1311 4110 5·
1342 4034 1373 4084 ¹¹3

340 4140 504 4220 plurimos.
556 4141 616 4203 Etl.
636 4161 670 4221 9.
694 4159 752 4224 pro
773 4140 901 4203 retulere
921 4141 1055 4222 adponit
1079 4139 1218 4201 retinere.
