2832 4946
312 434 375 504 59ss
605 425 854 483 nonrourr
896 427 1058 482 natan

318 617 352 688 9.
382 619 437 663 ιο.
467 617 523 662 11.
556 615 612 664 12.
643 615 697 681 ¹3·
729 613 783 681 ι4.
810 612 862 677 ι5.
893 615 948 675 ¹7·
977 617 1034 678 19.
1057 613 1116 660 20.
1138 609 1198 675 25.
1226 610 1360 674 aperta,·

319 717 445 762 tantum
471 701 637 765 Gudianus
658 705 800 787 neglecta
827 703 943 764 lineola
965 714 1057 780 apta.
1118 700 1298 770 Vadianua,
1329 715 1385 761 re'

318 801 382 886 ipsa
400 802 547 864 suadente
565 807 764 886 aliorumque
780 819 947 866 auctorum
967 803 1154 865 testimoniis
1168 805 1315 863 mutarit
1329 807 1361 864 in
1385 805 1386 810 ’

319 907 441 978 Aleria,
468 909 519 968 cui
535 907 624 968 sacile
642 907 757 989 reliqui
778 919 960 990 paruerunt.

397 1109 626 1193 Mariana)
659 1112 772 1176 Vener.
788 1111 879 1196 Prag.
897 1110 1069 1182 Mariane,·
1087 1107 1196 1172 Cibin.
1215 1109 1320 1171 Vatia.
1332 1121 1362 1188 3.

319 1211 428 1276 Havn.
453 1214 626 1274 Marianae
649 1233 723 1276 cum
747 1213 943 1274 editionibus
966 1213 1002 1272 ad
1035 1214 1060 1273 l.
1085 1211 1315 1282 Gronovium‚
1348 1231 1364 1270 a

320 1335 385 1396 quo
415 1313 554 1378 successit
577 1317 753 1386 Mariana,
786 1316 836 1376 uti
865 1315 983 1376 habent
1008 1313 1122 1394 reliqui
1147 1315 1278 1374 codices
1301 1314 1363 1373 mei

323 1435 396 1476 curn
414 1417 597 1478 Ciacconio.
635 1418 697 1479 Sed
713 1432 745 1478 et
761 1432 833 1478 ante
849 1417 1058 1478 Gronovium
1075 1417 1161 1475 idem
1183 1414 1362 1496 praetulisse

321 1519 452 1578 ridetur
467 1521 574 1578 Vineti
590 1519 700 1582 editio.
727 1537 933 1581 rzscttvctts..
977 1517 1087 1580 Scribo
1104 1517 1275 1586 Mariana,
1300 1537 1363 1575 non

322 1621 504 1690 Marianae,
530 1640 569 1680 ex
591 1621 788 1690 Ptolemaeo,
818 1617 872 1708 [5.
893 1613 946 1706 2.]
976 1620 1095 1688 Plinio,
1121 1615 1175 1704 [3.
1198 1637 1256 1680 ro.
1272 1616 1295 1680 s.
1309 1610 1362 1702 6.]

321 1722 445 1784 Solino.
482 1741 680 1783 rrn'rrrnrs.
733 1725 890 1784 Mariana
911 1719 1121 1790 scribendum,
1148 1740 1215 1781 non
1238 1721 1363 1780 Maria·

325 1841 401 1892 nae,
436 1824 521 1902 quod
547 1843 585 1883 ex
613 1825 714 1886 veteri
746 1843 820 1885 meo
843 1825 954 1884 codice
979 1823 1108 1886 constat.
1144 1841 1360 1882 craecorum.

325 1923 483 1984 Mariana
506 1926 611 1996 edidi,
645 1923 767 1986 secutus
787 1927 874 1987 viros
895 1927 1006 1988 doctos
1022 1941 1055 1986 et
1071 1925 1162 1986 MSS.
1186 1943 1269 2005 quos
1288 1923 1364 1984 nori

326 2025 402 2094 duo,
426 2045 493 2086 non
516 2029 697 2096 Marianae,
724 2041 761 2086 ut
781 2047 894 2108 nuper.
929 2047 952 2090 1.
977 2047 1185 2088 oaouovrvs.
1240 2027 1362 2086 Marin-

325 2145 387 2186 naa
408 2127 441 2186 in
465 2129 598 2208 optimis
620 2129 732 2189 nostris
759 2131 944 2190 invenimus
967 2130 1170 2197 membranis,
1197 2147 1268 2187 non
1291 2129 1362 2188 Ma·

325 2226 437 2298 riano,
472 2229 519 2287 uti
543 2231 614 2289 vult
631 2230 827 2292 Gronovius.
879 2233 1011 2292 Putavit
1033 2251 1151 2312 nempe
1174 2249 1276 2291 unam
1300 2243 1363 2288 tan·

323 2340 394 2388 tum
411 2330 443 2388 in
463 2331 586 2392 Corsica
606 2331 665 2392 else
682 2333 856 2393 Marianam
875 2334 1045 2402 coloniam,
1072 2353 1147 2408 cnm
1165 2334 1244 2392 duas
1260 2352 1364 2391 recen·

324 2427 387 2490 seat
403 2431 614 2502 Ptolemaeus,
641 2453 775 2514 quarum
790 2455 853 2495 una
875 2436 913 2495 ad
929 2436 1109 2496 Marianum
1126 2449 1192 2494 erat
1213 2452 1364 2516 promon-

326 2534 465 2603 torium,
496 2535 589 2595 altera
613 2537 719 2597 vicina
740 2538 872 2600 Aleriae.
931 2539 1101 2616 Vtramque
1126 2549 1235 2596 autem
1259 2555 1362 2594 recen·

327 2631 416 2695 suille
438 2636 555 2696 Melam
579 2638 693 2697 exinde
715 2652 818 2720 patet,
849 2639 951 2719 qnod,
984 2639 1004 2698 li
1027 2639 1066 2697 rle
1085 2657 1146 2697 una
1170 2651 1299 2696 tantum
1321 2638 1362 2698 in·

328 2735 504 2810 tellexisset,
539 2736 722 2820 sequeretur
741 2741 870 2802 alteram
894 2740 1066 2800 lllarinnam
1083 2759 1100 2800 a
1115 2737 1255 2799 barbaria
1278 2737 1363 2798 suisle

329 2853 526 2920 occupatam.
561 2843 740 2903 vosstvst'n
763 2841 935 2922 appendice
948 2839 992 2901 ncl
1010 2841 1041 2900 tr.
1058 2840 1079 2902 l.
1131 2841 1291 2901 Mariana
1313 2859 1363 2900 no·

328 2941 410 2999 tavit
433 2943 527 3002 etiam
549 2943 655 3004 Frater
676 2963 714 3004 ex
733 2943 909 3005 Mediolan.
963 2945 1010 3004 lta
1031 2961 1109 3003 vero
1134 2961 1236 3022 quum
1258 2940 1364 3022 scripsi,

328 3039 496 3124 intelligis,
530 3046 583 3104 vel
610 3047 642 3103 in
666 3047 777 3126 primis
802 3045 991 3108 Clrrrerium
1017 3065 1034 3105 a
1059 3063 1113 3104 me
1139 3043 1270 3127 signari;
1317 3043 1365 3102 ille

327 3145 496 3224 praecipuo
520 3145 674 3227 descripsit
691 3147 864 3218 Corsicam3
899 3147 949 3207 ille
968 3149 1006 3208 stc
1025 3147 1152 3216 citavit;
1177 3145 1233 3205 ille
1258 3147 1366 3206 locum

328 3243 508 3306 Ptolemaei
536 3249 619 3317 citat,
653 3247 827 3308 Marianam
854 3261 1022 3329 utramque
1044 3259 1144 3309 notat.
1194 3247 1239 3306 Et
1262 3261 1366 3307 tamen

329 3339 455 3406 Vossius
476 3347 508 3407 id
530 3347 632 3430 ipsum
656 3371 743 3410 nunc
761 3351 866 3410 voluit
887 3353 1083 3431 praecipere,
1117 3347 1199 3429 quast
1222 3369 1295 3410 rem
1318 3349 1368 3408 ha·

330 3443 421 3506 beret
440 3468 513 3508 cum
532 3452 645 3530 templi
666 3453 807 3513 camillis.
845 3469 868 3512 r.
894 3469 1098 3513 ononorrvs
1118 3453 1149 3510 in
1166 3463 1246 3510 nota
1269 3447 1368 3542 poste·

328 3549 419 3610 riore.
473 3553 559 3612 Duas
585 3553 757 3614 Marianas
784 3555 893 3634 utique
926 3555 1018 3614 novit
1044 3553 1245 3613 Ptolemaeus
1274 3565 1309 3630 3,
1337 3567 1368 3613 Ω.

328 3653 391 3720 cui,
419 3637 459 3714 de
483 3671 617 3714 numero
636 3669 718 3716 certe
738 3657 860 3739 plurali,
887 3656 960 3715 addi
981 3654 1081 3738 potest
1097 3655 1198 3714 tabula
1215 3655 1368 3736 Peuting.

332 3765 365 3830 3.
384 3755 426 3816 D.
452 3753 510 3814 ubi
532 3757 712 3827 Marianis,
746 3778 803 3839 pro
825 3779 887 3839 qno
912 3756 1023 3830 vitiose
1049 3759 1082 3816 in
1106 3756 1223 3838 Geogr.
1242 3756 1367 3816 llaven.

332 3866 365 3930 5.
394 3871 450 3932 27.
477 3857 572 3918 exstat
593 3860 816 3921 Martinianir.
869 3859 963 3920 Forte
984 3859 1082 3942 igitur
1096 3857 1199 3938 postea
1217 3857 1276 3917 alia
1294 3857 1368 3916 urbs

330 3959 416 4018 idem
435 3977 556 4020 nomen
574 3959 679 4022 sortita
695 3961 748 4023 eli.
799 3961 881 4022 Nam
903 3961 1027 4022 Plinius
1049 3973 1079 4036 3,
1104 3973 1157 4021 12.
1175 3957 1195 4020 s.
1211 3961 1245 4022 6.
1274 3961 1370 4019 etiam

330 4061 516 4124 Antoninus
539 4063 574 4124 in
597 4065 703 4127 itiner.
730 4085 762 4146 p.
786 4075 845 4142 85.
866 4077 899 4126 et
918 4071 1003 4143 445.
1028 4063 1218 4125 Marianam
1243 4075 1368 4122 tantum
