2848 4942
398 421 490 476 Lm.
522 423 560 476 rr.
604 421 637 477 c.
661 422 684 474 1.
727 419 806 492 aa.
1088 427 1128 498 49

90 594 235 658 Schortua.
286 593 346 666 At,
382 613 467 677 quoa
489 611 551 677 ego
575 578 671 662 nori,
704 614 817 676 pamm
839 593 895 655 libi
924 593 1066 658 coustant
1091 597 1124 656 in

90 697 258 780 adfignanda
281 697 331 756 illi
355 697 519 758 vocabulo
543 693 625 756 sede.
675 695 726 756 Sic
743 695 826 758 Vols.
851 717 880 760 r.
903 696 1012 761 Cibin.
1037 699 1123 758 l'arr.

91 800 120 857 in
140 799 205 859 edd.
228 813 286 872 Μ.
313 815 377 877 29.
411 797 567 858 imrrrorrr'a
601 817 788 876 magnarum
821 801 962 878 goriirmr
987 790 1125 892 spolior

90 901 189 962 vener.
209 897 302 960 Paris.
322 915 358 962 2.
385 899 472 961 Vols.
491 913 524 975 5.
550 897 656 960 Ham.
679 897 769 984 Prag.
788 917 863 960 cum
881 903 955 964 edd.
980 913 1033 978 15.
1066 915 1120 974 ιτ.

91 1017 142 1062 20.
165 1014 216 1079 23.
241 1015 298 1080 5¹·
322 1003 486 1080 (Vineti)
513 1001 547 1060 in
563 1019 624 1080 que
644 1001 740 1062 eiiam
759 1019 824 1062 vox
844 1003 988 1080 gentium
1002 1003 1124 1064 ruinna-

90 1104 157 1164 culia
172 1103 267 1164 literis
289 1101 436 1186 expressa
459 1101 518 1170 est,
550 1123 607 1180 per
627 1103 781 1162 immania
793 1093 911 1192 spatia
934 1119 1122 1184 ordgrramm

88 1205 231 1284 gentiana
265 1219 297 1265 at
320 1207 380 1265 alii
410 1222 610 1283 numeroque
633 1203 738 1283 plures
762 1205 904 1276 codices,
937 1225 996 1266 neo
1022 1209 1054 1268 iu
1082 1207 1121 1268 iia

87 1307 259 1366 auctoritate
281 1307 421 1388 quidam
442 1304 608 1367 inseriorer
636 1305 783 1388 ignorant
805 1325 878 1368 curn
901 1307 1033 1390 reliquia
1057 1309 1124 1368 erli-

86 1407 229 1470 tionibua.
261 1425 478 1470 rzacuvcrru.
530 1407 648 1486 Spurio
670 1407 954 1488 interponendum.
990 1427 1122 1468 crocco·

86 1528 169 1571 urvo.
219 1509 331 1587 Spurio
358 1509 489 1570 addunt
511 1509 640 1589 quidam
664 1510 801 1571 codicer.
853 1509 916 1572 sed
939 1511 991 1571 hic
1013 1511 1122 1592 glosse-

85 1611 170 1670 matie
200 1607 367 1671 foedarunt
404 1610 459 1669 vel
494 1607 700 1690 ludimagistri
735 1609 789 1670 vel
829 1609 948 1672 librarii
980 1613 1122 1694 oprimoa

86 1731 216 1792 quosque
237 1725 406 1780 auctores,
444 1711 532 1771 nulla
554 1709 801 1772 habitatatione
824 1712 946 1774 concise
967 1713 1121 1796 loquendi

87 1811 311 1876 consuetudinis
342 1813 473 1882 llielae,
513 1831 587 1872 curn
617 1811 727 1892 Crispo
751 1813 897 1876 Sallullio
923 1817 1122 1887 communica

87 1935 151 1973 mm
166 1931 196 1975 er
213 1915 265 1974 hic
281 1917 367 1975 mire
386 1915 551 1994 hodieque
573 1913 773 1994 harpyiarum
792 1915 954 1997 unguibus
972 1917 1124 1978 concarni-

89 2029 169 2076 uarua
187 2015 426 2078 circumfertur.
462 2031 639 2076 rcuoc'rvr.
699 2016 799 2078 Recte
825 2017 985 2098 improbat
1011 2017 1123 2082 Schot-

92 2127 150 2184 tur,
178 2139 244 2178 cum
268 2117 408 2202 glossam
432 2117 551 2177 incerta
577 2117 674 2176 eiiam
698 2115 784 2178 serlcr
813 2132 971 2202 coarguat.
1024 2120 1124 2200 Quod

91 2219 193 2299 optimi
215 2221 351 2300 quidam
390 2217 563 2288 adiiciunt,
597 2219 669 2298 quia
705 2223 843 2303 cogitate
880 2223 980 2302 magia
1010 2237 1124 2280 eorum

86 2335 213 2383 auctum
231 2319 451 2404 scripserunt,
483 2317 602 2380 sacrum
627 2319 685 2382 else
709 2335 802 2402 puro.
863 2321 952 2382 Tum
974 2341 1052 2382 vero
1077 2323 1123 2382 illl

82 2417 277 2503 subplenrlam
300 2423 390 2482 hauc
414 2441 528 2482 vocem
550 2434 712 2502 purarum.
762 2423 815 2484 Sic
835 2421 932 2504 aliqui
958 2421 1025 2504 post
1051 2443 1124 2502 gerr-

81 2525 152 2581 riam
172 2524 322 2587 inserunt
356 2513 515 2614 diffisus,
549 2523 599 2583 uti
620 2523 716 2586 Valle.
742 2537 774 2604 3.
802 2523 897 2588 Paris.
922 2540 953 2590 2.
982 2523 1063 2588 Vols.
1088 2535 1121 2602 5.

79 2623 181 2690 senet.

143 2829 261 2912 eum)
318 2829 458 2894 Codices
480 2829 534 2890 alil
554 2829 719 2898 omittunt,
745 2825 869 2890 addunt
890 2829 955 2892 alii.
992 2827 1125 2888 invenit

77 2931 107 2990 in
127 2931 257 2994 duobus
282 2933 310 2994 l.
330 2931 535 3000 Gronoviur‚
571 2935 605 2991 in
628 2929 774 2994 Leidens.
801 2929 889 2992 Vols.
912 2941 945 3010 q.
975 2930 1123 2992 l’erlaon.

77 3033 173 3105 filine,
199 3053 266 3118 ego
284 3035 321 3094 in
341 3033 519 3114 plerisque;
551 3045 675 3093 tautum
694 3045 817 3092 murato
833 3033 946 3093 orrline
969 3030 1072 3096 Vario.
1095 3049 1123 3091 r.

78 3133 158 3196 Gud.
181 3131 432 3214 appellantibus
455 3153 540 3205 eamr
581 3133 684 3196 Varie.
711 3147 743 3212 3.
768 3132 862 3196 Paris.
889 3151 921 3194 n.
945 3147 977 3212 5.
1010 3133 1125 3212 aliique

78 3237 230 3296 omittunt
257 3256 340 3296 cum
367 3233 518 3296 omnibus
541 3234 753 3304 editionibus,
787 3237 865 3295 dum
888 3236 1010 3316 primus
1032 3235 1127 3294 inter·

76 3335 178 3416 posuit
199 3337 415 3404 lieinoldinc.
442 3356 536 3416 quem
553 3334 675 3398 secutor
692 3335 734 3396 est
754 3337 788 3396 in
808 3335 962 3417 postrema
984 3337 1127 3396 editione

76 3439 110 3498 A.
128 3439 327 3500 Gronovius
344 3457 419 3498 curn
440 3437 580 3518 reliquia.
634 3438 774 3500 Videtur
796 3441 906 3518 utique
923 3438 955 3496 in
972 3435 1128 3496 brevitate

77 3537 176 3601 llielae
195 3539 291 3600 [alvo
315 3542 413 3600 etiam
433 3537 519 3600 sensu
539 3537 637 3600 abelse
660 3539 756 3621 polle.
810 3539 895 3600 Cum
918 3551 1026 3598 tameo
1046 3533 1101 3598 ads
1118 3567 1129 3582 ·

77 3656 143 3702 nnr
165 3643 305 3703 codices
328 3641 455 3720 oprimi.
482 3649 592 3704 oroneo
614 3639 690 3714 fere,
716 3640 840 3722 reliqui.
892 3641 1129 3704 Desideraverat

79 3743 173 3804 eriam
195 3743 286 3806 olim
309 3741 509 3806 Ciacconiue.

13 3915 14 3924 ἵ
141 3937 222 4036 sit
255 3941 389 4036 Ister)
439 3945 805 4028 Viorlob.Gud.Prag.
832 3941 998 4036 insterfir.
1026 3939 1131 4010 eisc.

81 4059 205 4107 rantum
222 4045 311 4138 Ister
323 4043 380 4138 fit,
398 4047 460 4116 vel,
482 4052 579 4110 racina
596 4063 713 4116 tamen.
738 4061 774 4108 ui
789 4047 932 4116 Vinctus.
958 4039 1131 4134 Histerfit.

82 4149 243 4211 editiones
269 4149 346 4210 iuda
371 4147 410 4208 ab
434 4147 655 4253 antiquilsrrnir
679 4169 793 4212 omner
819 4149 857 4212 ari
881 4143 1045 4216 Volsunu,
1080 4143 1135 4224 qul

124 4265 229 4338 Pomp.
255 4263 352 4321 Mela.
384 4267 421 4320 L.
439 4267 476 4322 11.
772 4253 802 4314 D
