2814 4946
29 488 31 530 l

373 387 461 442 ΗΒ.
492 389 530 448 11.
574 389 607 445 c.
630 388 694 446 vu.
737 387 763 458 ς.
788 406 836 444 ιι.
1065 399 1128 462 535

93 554 247 648 Cafimi53
270 560 410 622 Vindob.
435 561 600 634 Scalimir,·
626 561 719 646 Prag.
741 561 897 624 Camiror.
936 559 1019 622 Edd.
1041 582 1071 623 ι.
1089 575 1123 624 tt.

90 679 125 737 9.
152 674 203 740 t5.
231 661 385 734 (latrinis,
426 677 458 742 3.
480 675 515 742 4.
544 676 575 740 5.
596 677 628 724 et
651 661 788 745 reliquae
806 662 971 746 Calydnae
988 663 1027 722 ad
1050 661 1123 724 Vos·

88 761 182 834 lium,
209 775 333 824 tantum
357 765 493 844 aliquae,
527 778 563 825 ιιι
591 785 644 826 ιι.
666 784 723 844 29.
750 779 806 844 33.
828 785 901 824 cum
920 762 1039 826 Vincta
1060 763 1122 824 Ca·

88 861 184 942 lydae.
220 861 345 926 Voffius
359 867 448 926 dedit
463 865 641 946 Calynrnia,
663 887 759 948 quem
777 881 809 928 et
825 863 921 926 secuti
936 863 1007 926 sunt
1022 865 1121 946 polie-

86 967 191 1026 riorea.
227 985 427 1028 azscnvcna.
492 968 580 1028 Libri
609 971 731 1050 antiqui
767 969 921 1030 Caminis.
973 967 1015 1026 Et
1040 965 1121 1028 banc

85 1085 210 1146 quoque
236 1066 382 1128 vitiosam
408 1069 578 1130 lectionem
603 1067 723 1132 secutus
745 1069 788 1131 est
814 1069 952 1136 Plinius,
978 1063 1035 1154 [4,
1062 1081 1118 1146 23.

84 1161 201 1252 s.t2.]
229 1182 262 1230 et
288 1171 363 1230 iude
390 1169 522 1230 insulam
548 1169 727 1232 Cominium
753 1171 805 1232 vel
830 1159 1047 1258 Caminisam,
1082 1181 1119 1228 ut

82 1268 197 1328 babent
215 1269 311 1352 aliqui
333 1271 458 1334 codices
476 1271 589 1352 scripti.
622 1273 655 1332 in
673 1273 819 1334 ordinem
841 1269 1011 1330 insularum
1027 1287 1118 1350 repo·

81 1368 149 1432 suit.
187 1372 276 1430 Dum
290 1373 329 1433 stc
345 1371 427 1441 facit,
448 1391 514 1434 uon
533 1376 650 1434 mirum
669 1375 721 1443 esi,
741 1373 916 1456 catalogum
933 1369 1117 1442 insularum,

82 1491 154 1552 quaa
174 1473 209 1530 in
235 1473 298 1534 hoe
322 1475 401 1534 mari
418 1471 557 1536 recenset
578 1475 716 1546 Plinius,
751 1475 925 1534 admodum
947 1471 1007 1533 else
1031 1473 1118 1532 locu·

80 1573 217 1653 pletem,
250 1589 431 1636 recurrente
455 1587 502 1636 ter
530 1589 562 1638 et
588 1589 697 1658 quater
724 1577 835 1638 eadem
862 1572 983 1654 semper
1004 1571 1115 1638 insula.

79 1671 194 1736 Procul
225 1675 325 1736 dubio
357 1674 514 1758 scripserat
548 1677 632 1738 Mela
666 1677 845 1760 Calyrnur‘a.
900 1675 1057 1756 Calymne
1081 1687 1114 1734 et

82 1775 250 1856 Calynnria
276 1791 445 1860 utrumque
471 1791 595 1840 rectum
619 1777 678 1852 est,
712 1793 748 1840 ut
771 1777 897 1838 testatur
923 1776 1113 1858 Stephanus.

76 1877 174 1938 Aliter
209 1877 372 1958 Calydna,
414 1893 467 1940 aut
503 1879 666 1961 Calydnae
698 1881 848 1942 dicuutur
876 1879 948 1940 isiae
980 1875 1112 1938 insulae.

75 1979 160 2040 Hinc
174 1977 234 2038 mel
254 1979 442 2061 Calydnium
457 1982 629 2062 appellatur
643 2001 770 2063 quoque
781 1979 839 2041 mel
851 1979 1060 2062 Calymuinm‚
1079 1989 1112 2040 et

75 2099 111 2140 ex
128 2079 293 2162 Stephano
311 2081 436 2142 teslatur
451 2081 632 2144 Eusiathiua
651 2085 684 2144 in
702 2079 905 2161 Dionysium.
930 2077 984 2157 [v.
1002 2080 1111 2160 530.]

72 2179 172 2242 Porro
195 2181 403 2260 Lebyntltum
426 2203 500 2242 cum
525 2184 582 2244 hac
603 2183 701 2244 insula
722 2185 891 2266 coniungit
911 2182 1008 2243 etiam
1033 2179 1113 2242 Ori·

72 2282 159 2352 dius,
186 2303 262 2343 cum
284 2285 315 2342 in
338 2285 424 2344 libris
441 2286 481 2346 de
502 2299 566 2346 arte
583 2287 727 2356 amandi,
755 2279 810 2372 [a.
829 2277 911 2370 go]
938 2295 1009 2342 turn
1035 2299 1112 2364 quo·

73 2405 133 2464 que
153 2383 458 2464 Metamorphoseon
481 2397 514 2462 8.
537 2380 667 2474 [222]
693 2387 826 2448 Dextra
846 2381 1029 2466 Lehyutlros
1053 2377 1111 2470 [ut

70 2485 112 2546 ibi
143 2505 243 2566 prave
276 2479 402 2571 editur]
435 2501 520 2556 erat,
559 2479 787 2576 soecundaque
824 2485 909 2546 melle
948 2483 1109 2566 Calynme.

69 2607 215 2648 rosetus.
268 2587 437 2648 Librorum
453 2589 548 2650 lectio
564 2589 651 2650 ducit
671 2589 710 2650 ad
729 2589 910 2652 Cominium
927 2585 1037 2654 Plinii,
1059 2585 1112 2644 cui

67 2689 197 2750 nomini
220 2707 260 2750 eo
284 2691 384 2772 magia
408 2689 519 2770 aliquia
541 2689 722 2762 inhaereat,
754 2689 840 2772 quod
857 2687 982 2749 Plinius
1007 2683 1112 2746 scribit

66 2809 83 2850 a
103 2791 214 2850 Platea
237 2790 345 2850 distare
371 2803 429 2868 38.
455 2791 501 2852 bl.
524 2792 561 2854 l‘.
613 2791 654 2854 tr
677 2809 774 2852 neruo
803 2789 897 2850 talem
918 2785 1052 2848 insulam
1074 2787 1110 2846 io

65 2890 128 2952 hoc
148 2892 228 2950 mari
244 2893 377 2960 audivit.
401 2905 433 2952 et
451 2891 611 2954 manifeste
629 2913 667 2954 ex
684 2893 778 2954 variis
795 2889 976 2952 aratoribus
999 2885 1109 2948 insula-

65 3013 139 3052 rum
174 2995 309 3052 uomina
340 2989 493 3076 congessit
519 3013 693 3077 eorumque
721 2995 840 3054 variam
867 3003 900 3052 et
926 3003 1109 3071 corruptam

66 3090 256 3174 scripturam
295 3091 418 3154 secntne
452 3093 624 3155 insularum
655 3098 752 3156 etiam
785 3111 956 3154 numerum
990 3104 1110 3151 temere

64 3197 168 3256 auxit.
222 3194 323 3254 Porro
346 3217 410 3256 non
433 3195 596 3258 arbitrario
621 3198 768 3278 autiquae
789 3195 948 3254 editionet
972 3193 1111 3253 Venetae

64 3295 187 3356 dedisse
211 3297 363 3356 videntur
389 3296 569 3377 Calydnae,
606 3295 657 3358 sed
681 3296 809 3358 aliunde
832 3309 923 3356 etex
945 3293 1033 3356 librie
1055 3293 1110 3354 de·

63 3395 240 3478 protulisse.
291 3397 393 3477 Atque
411 3417 449 3458 eo
464 3401 561 3458 etiam
577 3399 665 3458 ducit
682 3399 783 3460 codex
799 3395 936 3456 Vindob.
963 3394 1018 3456 etsr
1035 3395 1110 3458 aliae

64 3521 133 3560 non
158 3497 264 3558 bonae
285 3511 395 3568 notae,
431 3497 492 3560 suis
512 3514 618 3560 tamen
637 3499 711 3562 ideo
736 3499 889 3578 exemplis
912 3497 1043 3580 propius
1060 3495 1108 3556 in·

65 3599 219 3669 haerens,
254 3599 310 3679 qui
330 3597 475 3680 adposuit
496 3601 659 3670 Scalimis,
693 3600 731 3660 stc
752 3613 786 3660 ut
814 3600 901 3660 litera
923 3617 939 3658 ι
960 3617 999 3657 ex
1021 3615 1109 3678 prae·

65 3703 203 3762 cedente
229 3699 384 3760 vocabulo
407 3699 505 3760 suerit
528 3703 673 3764 adtracta.
726 3701 813 3762 Hinc
838 3717 916 3760 vero
938 3717 1004 3758 non
1027 3697 1108 3760 male

65 3798 195 3862 Vossius
219 3799 402 3862 substituisse
426 3803 553 3862 videtur
580 3801 768 3884 Casyrnuia,
804 3821 877 3860 cum
900 3799 963 3859 hoc
986 3817 1109 3860 nomen

63 3903 181 3986 probet
199 3903 296 3962 etiam
313 3903 503 3984 Stephanus,
524 3903 709 3984 Calymnam
727 3915 832 3962 autem
849 3901 906 3960 hac
922 3897 1022 3960 sornra
1039 3918 1110 3980 pro·

63 4007 160 4064 ducat
185 4005 281 4064 etiam
300 4004 421 4066 Plinius
439 4017 474 4086 4,
496 4019 550 4078 ις.
570 4003 590 4066 s.
609 4020 663 4066 ια.
693 4016 725 4064 et
749 4001 861 4066 Strabo
879 4001 933 4061 lib.
958 4021 1012 4062 ro.
1028 4013 1107 4062 extr.

62 4101 110 4170 Τὸ
132 4129 154 4166 ιι
177 4105 212 4166 in
236 4105 401 4169 codicibus
421 4107 663 4190 adproximant
683 4125 804 4168 nomen
821 4103 982 4188 migravit.
