2836 4940
296 479 356 526 etr
592 467 837 526 ΡΟΜΡΟΝΗ
879 469 1041 526 tuum

294 639 364 704 lust.
385 639 425 700 de
446 638 485 702 B.
511 639 580 722 iug.
606 653 664 718 32.
690 653 722 720 3.
757 651 817 726 4⁰·
843 661 874 706 r.
909 639 967 712 62,
989 655 1023 720 5.
1054 641 1117 703 ubi
1141 643 1243 704 etiem
1265 640 1335 702 cod.

294 741 456 804 Polantin.
473 741 568 803 hebet
588 743 783 822 elephantes,
810 745 1021 827 Oudendorp.
1045 739 1155 824 paffirn
1172 744 1215 804 ad
1240 743 1336 804 fron·

293 845 401 904 tinum
426 843 579 924 idemque
602 844 640 904 ed
662 843 804 906 Hirtium
828 847 869 908 de
890 846 928 908 B.
947 845 1013 908 ttr.
1030 860 1087 916 27.
1111 863 1166 924 19.
1190 861 1253 920 72,
1281 855 1335 921 34.

294 945 347 1008 Sic
366 947 398 1004 in
415 945 573 1026 Eutropio
588 955 623 1022 4,
643 962 699 1024 27.
719 944 738 1009 l.
761 967 816 1010 ιι.
836 961 870 1007 et
884 947 970 1007 alibi.
1022 946 1174 1008 Ceterum
1196 944 1336 1008 conferri

293 1045 436 1129 pellunt,
471 1066 549 1126 quae
574 1044 661 1128 supra
685 1048 723 1107 ad
751 1063 783 1118 2,
809 1063 841 1122 7.
873 1061 927 1124 15.
962 1049 1002 1110 de
1024 1048 1083 1109 hac
1105 1049 1335 1109 terminatione

294 1147 496 1232 disputarunt
517 1147 791 1212 1.Gronoviueet
811 1145 945 1213 Voliiue.

372 1371 444 1412 eon
446 1339 479 1440 s
482 1350 494 1412 i
501 1351 539 1412 ei
545 1363 617 1414 ant
624 1349 642 1432 )
680 1351 803 1414 Omnee
820 1353 885 1414 mei
898 1353 1024 1415 codices
1044 1344 1192 1446 afficiant
1213 1366 1334 1434 praeter

293 1449 392 1516 Parit.
414 1471 443 1516 ι.
468 1453 523 1533 qui
541 1451 686 1514 obiecilie
701 1455 828 1516 videtur
850 1453 1046 1545 conficiant,·
1078 1469 1209 1514 tantum
1226 1455 1332 1518 Cibin.

295 1551 367 1616 autb
382 1567 415 1612 tu
438 1545 583 1646 officiunt
604 1557 760 1634 corporis,
786 1570 818 1616 et
844 1557 1017 1640 liehdiger.
1044 1553 1167 1616 ontbitu
1190 1557 1333 1634 corporis

293 1649 434 1748 ffcinut
450 1647 614 1746 afficiam
640 1657 676 1718 Δ.
695 1657 887 1724 Gronovius,
910 1656 963 1718 etfi
984 1657 1072 1718 facile
1088 1671 1228 1736 Poterat,
1252 1657 1332 1716 nihil

293 1769 401 1816 remon
429 1755 541 1816 dil'erte
568 1757 607 1818 de
632 1757 691 1818 hac
718 1757 853 1818 lectione
880 1759 1014 1829 adtulit3
1050 1757 1222 1818 Gudianus
1250 1771 1332 1818 cene

295 1875 368 1918 curn
390 1857 457 1918 aliie
481 1857 575 1918 habet
593 1851 744 1952 afficiant,
770 1877 827 1918 nec
848 1857 934 1918 aliter
956 1861 1115 1918 editiones
1135 1871 1273 1926 veteres,
1301 1872 1331 1918 et

294 1961 348 2039 qui
376 1977 426 2019 ees
451 1955 602 2020 referunt.
653 1961 805 2020 Sclrottue
837 1961 957 2040 primus
982 1959 1119 2040 reposuit
1144 1957 1329 2048 conficiant.

292 2060 388 2138 idque
411 2061 611 2119 retirureruut
632 2079 704 2119 cum
727 2058 860 2122 Schotto
882 2058 1013 2126 Voffius.
1040 2059 1204 2120 Gronovii
1228 2061 1331 2122 etalii

292 2173 414 2242 praeter
431 2161 648 2230 lieiuoldium‚
670 2162 724 2240 qui
742 2158 871 2239 priscam
888 2161 1057 2222 lectionem
1072 2163 1216 2222 reduxit.
1249 2162 1329 2224 Corr-

283 2257 404 2352 ficr'out
424 2261 541 2320 volunt
562 2263 657 2321 etiam
679 2262 843 2322 Pintiauus
866 2275 898 2323 et
916 2263 1110 2324 ciacconius.
1157 2265 1329 2342 Vtriusque

292 2363 383 2421 verbi
407 2363 542 2422 mutatio
566 2375 599 2422 et
621 2363 696 2422 alibi
718 2376 866 2432 notatur,
902 2365 941 2424 de
966 2383 1025 2444 qua
1049 2361 1087 2423 ci.
1113 2363 1327 2446 Oudendorp.

292 2469 330 2522 ad
357 2463 500 2524 Frontin.
522 2481 551 2534 o,
570 2479 601 2540 5,
625 2478 683 2542 39.
735 2465 787 2524 sic
808 2463 889 2524 cod.
913 2467 1008 2526 Vatic.
1031 2465 1064 2524 in
1088 2465 1174 2525 lulio
1199 2465 1327 2528 Caelne

292 2563 333 2624 de
357 2564 393 2625 B.
417 2564 455 2626 C.
482 2577 512 2642 5,
537 2577 569 2642 5.
593 2577 625 2626 et
646 2584 680 2644 9.
711 2584 768 2646 pro
792 2557 932 2653 consecti
955 2566 1050 2626 habet
1074 2561 1207 2652 offecti,
1243 2583 1276 2626 et
1295 2572 1326 2626 iu

292 2664 378 2725 Mein
402 2685 428 2735 ι,
451 2685 505 2744 19.
527 2685 582 2729 to.
619 2665 819 2736 Ciacconiue‚
841 2679 878 2725 ut
900 2667 962 2734 hic,
981 2686 1038 2747 pro
1061 2663 1222 2754 adficiunt
1241 2670 1327 2727 malit

291 2764 481 2858 conficiunt,
508 2767 563 2828 ubi
582 2765 621 2828 cf.
640 2781 756 2828 notata.
809 2769 869 2829 Sed
886 2787 944 2828 uec
964 2767 1017 2826 hie
1038 2768 1223 2827 mutatione
1247 2787 1327 2848 opus

291 2865 351 2936 est,
378 2883 485 2930 contra
505 2869 603 2930 libros
622 2867 756 2930 obtrusa.
778 2867 839 2926 'Vt
852 2869 940 2927 enim
960 2868 1004 2927 ibi
1025 2867 1128 2927 inedia
1145 2870 1244 2930 unius
1262 2871 1326 2928 diei

176 2971 178 2974 ’
223 3031 227 3040 ,
291 2969 383 3028 adfici
408 2983 492 3030 recte
517 2971 650 3040 dicitur,
686 2973 728 3030 ita
751 2983 783 3030 et
806 2969 860 3028 hic
885 2969 1021 3049 intelligi
1045 2967 1155 3048 potest.
1219 2968 1326 3058 deifici

289 3071 378 3130 euim
402 3071 532 3139 (licitur,
566 3071 651 3152 quod
672 3089 739 3130 non
764 3071 801 3130 ad
829 3071 925 3130 linem
947 3068 1079 3152 ipsum.
1099 3066 1150 3128 sed
1174 3073 1325 3149 proxime

289 3169 386 3229 finem
408 3171 600 3253 progress'um
623 3171 666 3232 est
688 3191 723 3231 ac
747 3171 937 3240 deductum,
971 3172 1016 3228 uti
1041 3171 1175 3250 explicat
1201 3171 1326 3232 Gellius

290 3269 332 3331 N.
354 3271 391 3330 A.
417 3285 448 3348 5,
474 3273 528 3334 16.
582 3273 654 3332 Vid.
674 3272 912 3333 Drakenborch.
931 3273 967 3332 ad
988 3271 1043 3332 Sil.
1065 3271 1132 3332 ital.
1154 3285 1209 3346 15,
1237 3283 1323 3348 5⁰5·

287 3389 351 3451 quo
370 3373 500 3452 quidem
520 3370 607 3434 sensu
627 3375 748 3454 optime
765 3373 808 3434 est
822 3373 1108 3433 accommodatum.
1145 3373 1198 3433 Sic
1220 3375 1324 3456 gravi·

288 3487 336 3534 ter
361 3473 527 3534 vulnerare
548 3487 638 3534 notat
661 3476 694 3534 iu
721 3475 779 3535 iul.
803 3473 889 3536 Caes.
914 3475 954 3535 de
975 3474 1012 3532 Β.
1036 3473 1073 3534 C.
1092 3487 1124 3550 5,
1144 3485 1203 3556 95.
1248 3472 1321 3536 Vid.

289 3573 496 3656 Oudendorp.
511 3575 548 3636 ed
567 3576 710 3637 Frontin.
730 3591 760 3643 α,
775 3588 808 3652 5,
823 3585 857 3653 4.
884 3595 979 3656 quem
1000 3573 1039 3633 lic
1055 3574 1196 3634 vindicet
1212 3589 1320 3636 contre

288 3675 465 3758 Cuperum.
506 3677 662 3760 Quamvis
682 3696 758 3736 vero
775 3679 870 3736 etiarn
894 3677 938 3735 ibi
958 3667 1098 3762 confecti
1112 3675 1151 3734 de
1170 3675 1319 3755 elephan-

285 3779 326 3837 tie
348 3779 477 3847 dicitur,
510 3780 656 3838 adiuncta
674 3791 778 3836 tamen
795 3775 916 3838 causam
938 3788 1075 3836 mutent.
1127 3775 1196 3860 ligo
1222 3777 1319 3860 igitur

286 3897 361 3938 eum
383 3879 553 3942 lieiuoldio
576 3893 718 3941 veterem
740 3879 912 3940 lectionem
935 3878 1094 3940 revocari.

359 4093 399 4142 et
423 4093 501 4141 tum
528 4074 725 4171 feracis)
776 4081 882 4144 Cibin.
908 4076 1028 4139 nlimhr'
1048 4091 1170 4140 ettam
1191 4071 1313 4168 ferueir

275 4171 344 4271 soli
364 4195 396 4243 ee
418 4194 486 4243 tam
509 4184 656 4264 pinguim
692 4187 726 4243 in
748 4184 797 4245 ed.
812 4183 962 4245 lieiuold.
982 4182 1057 4242 anui
1078 4195 1184 4256 1775.
1206 4181 1313 4242 inveni
