2826 4936
311 407 370 474 204
519 445 524 454 ,
605 396 847 455 rourourr
894 393 1056 453 nnete

312 591 380 634 non
399 571 501 656 liceat.
539 571 704 634 Fontanus
719 571 754 631 in
769 567 1016 652 chorogrspltics
1032 565 1153 628 Danise
1169 553 1333 645 descriptio·
1370 559 1371 576 ¹

314 695 357 738 ne
381 695 413 756 p.
432 677 516 754 673.
531 688 564 736 et
585 675 669 752 675.
701 673 773 755 quia
795 671 988 733 Hermiones
1007 669 1115 734 Plinio
1134 668 1192 728 lint
1214 668 1246 727 in
1266 666 1333 725 nlre·
1370 679 1371 702 t

315 777 393 838 riori
420 775 607 847 Germania,
639 771 776 857 praefert
801 773 988 841 Helvium,
1027 770 1097 854 post
1123 785 1228 831 tamen
1251 769 1334 829 etiam
1370 805 1371 840 5

317 877 464 947 Suiones,
490 875 544 938 stst
564 897 596 959 p.
614 879 699 952 716.
720 877 757 936 sd
774 873 968 936 Hiileviorres
982 877 1126 936 recurrit.
1164 870 1335 933 Hermiones

316 990 425 1040 tarnen
448 979 563 1040 volunt
582 977 654 1040 libri
676 977 788 1048 nostri.
811 979 896 1060 qnod
912 997 952 1039 err
973 973 1149 1056 compolito
1164 971 1276 1033 iactum
1292 987 1335 1028 ne

316 1097 373 1141 mo
391 1079 570 1141 crediderit.
621 1081 668 1142 lts
684 1079 780 1140 etism
800 1078 953 1140 constanti
971 1073 1124 1139 consensu
1146 1085 1294 1136 vocantur
1308 1070 1335 1128 in

316 1179 425 1244 Plinio
442 1193 475 1259 lp,
493 1190 549 1258 28.
562 1177 583 1243 i.
597 1189 652 1260 14.
678 1193 786 1244 contra
805 1183 838 1240 in
855 1182 958 1241 Taciti
975 1179 1084 1241 Germ.
1099 1195 1128 1238 c.
1147 1192 1180 1237 Ω.
1204 1174 1258 1234 ubi
1271 1169 1336 1232 Her·

272 1353 275 1360 ¹
318 1283 459 1344 minones
475 1283 529 1344 alii
551 1281 673 1365 legunt,
700 1283 747 1342 uti
765 1281 962 1351 Dithmarus‚
987 1279 1120 1348 Ernesti,
1142 1277 1195 1338 alii
1211 1273 1335 1337 Hennio

318 1403 386 1450 nes.
419 1383 506 1464 qnod
533 1384 682 1464 praetulit
712 1383 902 1452 Brotierins‚
932 1381 1109 1466 Longolius
1135 1377 1333 1440 Herminones.

321 1484 487 1566 Quidquid
509 1483 562 1554 est.
589 1485 790 1548 Hilleviones
811 1483 884 1544 libri
906 1482 1072 1567 respuunt,
1099 1499 1160 1543 nec
1178 1479 1249 1540 dtus
1267 1473 1335 1557 apud

197 1660 200 1670 ,
318 1585 466 1648 Plinium
494 1586 652 1655 admittit,
685 1605 759 1648 curn
783 1585 1010 1647 Smndinaviae
1038 1597 1162 1666 partem
1185 1577 1336 1642 tenuerint,

320 1679 416 1768 qnam
441 1686 524 1748 Mela
554 1687 718 1772 adtingere
740 1687 792 1748 hic
815 1688 870 1748 rix
898 1677 1070 1748 commodo
1100 1683 1218 1769 potnit.
1264 1679 1336 1738 'run

318 1805 401 1848 vern
423 1787 509 1848 ultra
529 1789 687 1870 populum
705 1787 820 1870 spectat
841 1791 875 1849 in
893 1801 1031 1850 extrema
1049 1787 1238 1849 Germaniae
1257 1775 1338 1840 conti·

320 1889 428 1950 nentis
451 1903 538 1968 parte
560 1887 667 1952 verius
684 1891 882 1952 occidentem
903 1889 1077 1951 hibernum
1100 1889 1184 1949 suos.
1234 1874 1337 1963 Quodfi

321 2007 402 2049 vero
424 1989 608 2050 Sarmatiam
629 1994 790 2054 confinem
807 1991 933 2073 [pectes.
960 1991 999 2052 ad
1020 1991 1090 2052 elus
1113 1989 1265 2050 terminos
1283 1997 1338 2062 pro·

228 2139 230 2142 .
323 2108 459 2152 movere
483 2091 629 2160 viderur,
672 2107 709 2155 ut
731 2106 816 2157 recte
840 2093 1030 2155 narrationis
1059 2088 1156 2154 feries
1184 2087 1333 2150 coornat

322 2191 388 2254 Sed
410 2193 451 2252 tle
474 2190 536 2254 hoc
560 2191 646 2257 alibi.

708 2465 854 2533 CAP.
914 2467 976 2531 tv.

418 2647 553 2714 Codices
566 2651 633 2712 mei
649 2663 681 2712 et
697 2653 855 2716 editiones
870 2665 994 2716 veteres
1015 2649 1078 2712 hoc
1099 2660 1194 2734 caput
1210 2633 1335 2726 superiori

328 2750 420 2814 nullo
444 2754 629 2837 interpolrto
654 2751 752 2836 spatio
781 2757 929 2836 deinceps
955 2755 1141 2815 adnectunt.
1200 2741 1337 2831 Quaedam

328 2853 498 2924 editiones.
521 2856 570 2915 nti
594 2875 645 2918 rr.
669 2871 723 2917 ru.
739 2858 922 2942 paragraphi
939 2853 1062 2940 lignum
1082 2855 1259 2935 adponunt;
1278 2843 1338 2904 sliat

328 2953 503 3016 inscribunt
521 2957 572 3018 vel
587 2955 625 3016 cle
641 2955 803 3018 Sarmatia
826 2959 885 3041 (lic
907 2979 960 3019 ιι.
981 2958 1013 3018 in
1032 2974 1092 3036 qua
1112 2955 1205 3014 etiam
1223 2949 1290 3008 hinc
1305 2941 1340 2998 in·

331 3057 410 3135 cipit
432 3057 604 3138 capitulum
627 3059 797 3140 quintum)
821 3061 874 3122 vel
897 3059 1068 3126 Sarmatia,
1096 3057 1131 3116 in
1146 3055 1184 3114 iis
1199 3048 1339 3112 varianae.

224 3157 231 3182 ¹
331 3155 532 3219 Olivarianae
551 3160 747 3240 omninoque
762 3163 963 3222 recentiores.
995 3160 1111 3219 Vineto
1135 3153 1176 3218 est
1197 3155 1339 3232 ⁶³P¹¹t²7⁰

332 3255 484 3318 Cetenrrn
502 3260 581 3320 hanc
598 3261 700 3320 Melae
716 3276 838 3344 partem
853 3282 927 3323 cum
942 3260 1071 3320 vadiani
1087 3247 1301 3318 commentario
1313 3243 1341 3300 in

334 3377 467 3442 corpore
485 3359 652 3422 Polonitae
667 3361 811 3426 historiae
827 3364 951 3446 excepit
963 3359 1115 3423 Pistorius
1130 3359 1171 3422 T.
1190 3377 1218 3418 t·
1232 3372 1261 3436 P·
1276 3353 1339 3423 ¹55·

333 3463 389 3542 qui
411 3476 520 3560 tamen·
532 3461 572 3523 de
589 3461 643 3524 luo
665 3463 750 3524 nihil
770 3465 903 3529 addidit.

500 3649 518 3726 5
565 3668 593 3712 t.
646 3648 888 3733 Sarmatia)
938 3647 1047 3714 Cibin.
1073 3641 1249 3711 Sarmatico
1275 3631 1339 3695 inter

332 3763 450 3830 quam
481 3749 619 3813 Vindob.
645 3751 770 3816 Sarma.

411 3913 458 3976 ab
490 3917 582 4001 lais)
632 3921 714 3984 Edd.
738 3937 769 3985 a.
797 3935 829 3999 3.
851 3931 885 4004 4.
910 3931 944 3999 5.
971 3923 1005 3986 6.
1030 3936 1063 3984 et
1084 3919 1215 4001 reliquae
1236 3908 1270 3974 ad
1290 3909 1337 3981 4⁹·

335 4012 378 4076 ab
393 4019 449 4086 iis,
474 4021 561 4083 unde
577 4041 649 4083 cnm
668 4024 888 4086 Reinoldianis
907 4024 1045 4107 polrtnm
1063 4023 1106 4086 eu
1125 4020 1164 4084 ab
1177 4011 1233 4080 iris·
1269 4008 1337 4068 Lett

335 4117 370 4178 id
390 4121 521 4201 quidem
537 4142 594 4206 per
609 4123 640 4188 le
664 4140 698 4188 et
712 4127 879 4209 aliquoties
900 4139 1059 4209 praeterea
1077 4124 1121 4188 eli
1139 4129 1280 4187 notatum·
