2826 4936
323 445 382 510 ²ao
610 435 853 493 rouronu
896 437 1059 494 uculo

319 607 423 674 avulsa
448 607 649 690 sequentibus
677 609 910 672 adtribuantur.
944 629 1148 672 rzscurcrru.
1205 605 1328 668 Luxatue

319 714 382 783 est,
414 725 451 774 ut
473 715 604 794 opinor,
638 712 717 774 ordo
748 713 935 774 verborum.
989 713 1191 798 Legendum:
1221 710 1327 792 Syloae,

319 817 427 896 utique
450 813 646 896 Hyrcaniae,
672 813 737 874 alia
758 835 880 896 qreoqne
901 813 977 874 dira
997 815 1165 884 animalia,
1188 833 1285 874 verunt
1304 824 1329 872 et

319 921 419 996 tigres
425 907 554 1008 ferrent,
573 908 707 1006 strennui
715 908 866 1004 serarnrn
881 937 990 996 gertus.
1016 935 1210 978 ernrtnnva.
1248 915 1327 976 Forte

318 1033 409 1078 vacat
443 1019 549 1100 urique
581 1017 773 1098 Hyrcaniae.
814 1037 1028 1082 ciacconius.
1089 1021 1163 1080 Duo
1193 1017 1328 1098 postrema

317 1119 415 1182 verba
435 1113 565 1204 [ntique
582 1115 783 1206 Hyrcaniae]
808 1117 963 1200 superent,
987 1133 1020 1182 et
1038 1140 1078 1182 ex
1095 1121 1223 1204 Virgilio
1243 1113 1327 1204 [Aen
1386 1133 1387 1138 ’

317 1235 352 1302 4,
374 1215 479 1306 367.]
500 1219 657 1280 desumta:
687 1221 917 1302 Hyrcanaeque
937 1221 1110 1283 admorunt
1129 1220 1221 1284 ubera
1238 1221 1328 1301 tigret.
1386 1249 1387 1282 r

317 1327 398 1385 Vide
414 1323 554 1384 Plinium
569 1323 622 1383 lib.
643 1334 677 1400 8.
700 1325 782 1404 [cap.
805 1336 863 1400 25.
880 1321 900 1384 s.
923 1327 993 1404 tn]
1019 1343 1192 1386 ecno'rrve.
1217 1312 1328 1410 senine.
1386 1329 1387 1404 ᾗ

322 1427 441 1504 Utique
470 1425 651 1504 Hyrcaniae
674 1416 809 1514 [aeunni
832 1421 902 1508 ·-)
960 1427 1060 1506 Atqui
1093 1447 1159 1488 non
1192 1423 1329 1503 Hyrcania
1386 1431 1387 1472 i

317 1527 379 1588 sola
396 1525 455 1587 sert
474 1527 621 1610 tigrides,
653 1545 758 1607 neque
775 1529 808 1588 io
829 1527 879 1587 illa
902 1523 963 1588 sola
986 1525 1142 1591 saeviunt.
1191 1527 1265 1586 Vide
1284 1527 1329 1584 ita·
1386 1599 1387 1612 χ

318 1651 397 1710 qne,
430 1647 511 1688 unm
532 1627 619 1688 locus
639 1627 691 1688 hic
711 1630 773 1690 hoc
796 1627 942 1708 pactosn
962 1629 1210 1712 concipiendae:
1241 1627 1330 1689 Silvae
1386 1667 1387 1674 κ

317 1731 442 1812 aliaque
464 1729 535 1789 dira
557 1729 729 1809 animalia,
767 1751 873 1790 uerum
900 1740 932 1790 et
957 1731 1054 1810 tigres
1073 1723 1208 1820 ferunt,
1241 1729 1331 1810 utipn
1386 1769 1387 1788 r

318 1833 495 1914 Hyrcania.
540 1829 673 1890 Saeannr
698 1823 838 1908 ferarum
860 1851 957 1910 genus
979 1844 1039 1892 etc.
1071 1853 1212 1898 vocatos.
1258 1831 1330 1890 Peri·

315 1935 428 1994 zonlue
443 1933 479 1992 ad
501 1953 528 1998 t,
546 1949 579 2009 9,
599 1951 632 2011 9.
661 1933 717 1992 ubi
732 1933 818 1992 hunc
832 1933 939 1994 locum
953 1933 993 1994 de
1011 1931 1066 1992 ulo
1083 1949 1117 1996 et
1131 1937 1165 1996 vi
1181 1931 1330 2018 particulae

315 2037 420 2114 ncicpn
440 2035 579 2116 adlegat,
614 2031 736 2102 scribit,
770 2034 876 2116 utiqne
904 2033 937 2094 in
965 2033 1146 2114 Hyrcania.
1196 2033 1329 2098 Fortesic

316 2137 379 2218 legi
401 2134 514 2194 voluit.
569 2132 745 2204 Haeserunt
766 2153 881 2196 omues
905 2135 937 2194 iu
961 2154 1041 2196 voce
1066 2137 1249 2218 Hyrcaniae
1266 2149 1328 2196 tam·
1386 2167 1387 2178 ,

313 2257 408 2317 «luam
432 2236 464 2294 iu
489 2233 627 2314 scopulo,
659 2238 808 2318 varieque
831 2236 914 2298 elabi
939 2250 1111 2308 tentarunt,
1147 2259 1218 2299 com
1241 2249 1329 2318 aperta

314 2339 373 2398 siut
394 2338 502 2398 omnia
523 2348 555 2396 et
574 2337 682 2418 plena,
709 2339 890 2402 dummodo
914 2337 1098 2418 Hyrcaniae
1120 2341 1264 2402 adiectiri
1283 2333 1327 2396 uso

314 2439 351 2499 ed
378 2437 485 2500 Silvae
504 2433 628 2500 reseras.
689 2439 765 2500 Nou
790 2441 877 2500 enim
906 2437 1005 2502 solum
1029 2443 1197 2521 Hyrcanae
1222 2441 1328 2504 dicitur,

314 2555 346 2600 et
362 2543 392 2614 ‘nl
411 2541 539 2620 quidem
556 2541 594 2601 de
616 2542 736 2622 populo
754 2543 901 2608 maxime,
926 2543 1116 2618 (nonenim
1134 2542 1268 2626 semper)
1287 2536 1328 2599 sed

313 2657 345 2704 et
364 2645 541 2721 Hyrcanius
558 2644 589 2702 iu
604 2644 727 2726 gentili.
755 2645 808 2706 ste
821 2642 1018 2724 Hyrcanium
1034 2665 1121 2704 mare
1136 2645 1218 2708 Plin.
1235 2655 1263 2720 5,
1282 2654 1327 2712 27.

315 2747 347 2814 6,
373 2767 381 2806 ι
394 2757 425 2821 5.
449 2741 470 2806 s.
490 2757 544 2822 13.
569 2755 602 2804 et
624 2755 677 2820 18.
698 2741 718 2808 [.
739 2747 795 2808 16.
847 2744 961 2824 Neque
991 2745 1054 2806 hoc
1083 2745 1221 2808 insolens
1243 2741 1327 2808 fuisse.

313 2845 383 2908 satis
405 2847 499 2906 docet
519 2846 708 2926 Stephanae.
761 2844 838 2906 Non
860 2848 957 2930 igitur
977 2848 1161 2928 transposita
1181 2846 1249 2908 sunt
1265 2846 1328 2905 haec
1386 2877 1387 2880 =

312 2947 426 3015 verba,
461 2967 564 3027 neque
592 2961 710 3008 temere
737 2945 872 3018 intrusa,
912 2965 1016 3027 neque
1040 2948 1219 3032 posterioria
1242 2945 1329 3008 sorana
1386 2975 1387 2992 ,

312 3049 463 3109 mutanda
492 3049 525 3108 in
551 3045 733 3130 Hyrcania,
768 3048 854 3128 quod
886 3048 1048 3110 duriorem
1073 3069 1193 3111 nexum
1218 3046 1328 3114 efficiat,

311 3169 384 3212 curu
410 3151 447 3208 ad
467 3147 574 3238 stivae
603 3163 761 3230 tetriquam
793 3150 979 3230 primarium
1005 3149 1170 3214 reseratur.
1221 3149 1329 3210 Mirum

310 3253 407 3313 etiam
430 3251 591 3319 videatur,
628 3250 646 3308 li
671 3251 711 3311 sic
733 3269 844 3311 oroneo
866 3251 983 3311 librarii
1003 3251 1143 3314 aberrare
1168 3250 1328 3336 potuerint.

310 3354 529 3433 Vndecuuqne
552 3371 628 3414 vero
644 3353 736 3412 ducta
754 3353 803 3411 illa
821 3351 895 3420 suit,
922 3353 961 3414 de
978 3372 1041 3434 quo
1058 3357 1135 3415 certi
1157 3355 1235 3414 nihil
1247 3347 1328 3420 sletui
1386 3373 1387 3382 ¹

309 3456 427 3544 puell,
469 3454 490 3512 li
522 3454 576 3514 rel
611 3453 703 3514 ducta
738 3451 808 3512 suut
839 3473 878 3515 ex
910 3455 1061 3539 Virgilio,
1103 3456 1205 3516 Melae
1235 3451 1327 3536 potius
1386 3473 1387 3480 ¹

311 3559 467 3626 «interiori,
497 3575 590 3634 quoru
615 3555 769 3636 imperitis
798 3555 929 3616 librariis
954 3557 985 3614 id
1010 3557 1150 3617 dandum
1173 3557 1224 3618 ell.
1270 3553 1327 3615 Cur
1386 3579 1387 3586 .

309 3665 349 3724 de
368 3661 461 3721 l’linli
488 3659 557 3717 locu
576 3657 660 3716 nulla
677 3657 818 3716 inlicitur
833 3655 1013 3720 dubitatio?
1047 3673 1084 3718 ut
1101 3672 1234 3727 taceant,
1258 3669 1326 3735 quot

308 3762 456 3846 producit
477 3759 622 3818 llartliius
638 3759 673 3817 nt
690 3759 854 3820 claudian.
874 3757 914 3818 de
936 3773 1029 3842 raptu
1046 3759 1189 3842 Proserp.
1206 3775 1235 3839 3,
1251 3757 1324 3832 265·

309 3869 359 3926 lle
387 3862 646 3940 interpunctione
677 3878 754 3922 vero
783 3872 866 3920 recte
897 3861 1026 3921 monuit
1052 3857 1185 3924 Vossius.
1230 3861 1324 3922 llevo·

309 3967 377 4028 cavi
403 3964 500 4046 igitur
523 3959 723 4044 Hyrcaniae,
764 3959 805 4023 stc
828 3973 864 4022 ut
889 3962 958 4024 eiua
984 3961 1217 4026 distinctionem
1248 3957 1323 4021 edhi-

294 4067 428 4130 ‘bereru
