2880 4940
399 385 489 445 Ltn.
516 385 569 441 111.
613 384 647 442 C.
671 385 722 442 IX·
764 384 843 458 §.a
1079 399 1142 464 553

99 558 314 640 Areopagitae
333 557 414 642 quid
436 557 544 620 dedere
564 579 660 642 quam
687 557 819 638 predam.
848 552 967 646 [vulgo
990 557 1139 650 pedam]

100 661 157 724 Sic
178 659 350 722 Turnebue
372 662 408 722 in
431 657 510 732 luia,
540 660 581 720 lic
606 678 735 742 quoque
757 679 817 723 noe
840 661 873 721 in
893 661 1005 726 nollrie
1024 667 1140 746 reperi·

100 781 177 822 mue
199 761 373 825 codicibue.
424 762 513 824 lnter
528 762 667 822 minutae
682 779 812 831 mercer.
838 781 917 843 quae
933 783 973 826 ex
991 765 1139 849 Aegypto

5 914 11 922 .
100 863 244 926 Athenae
257 861 519 948 deportabantur.
546 875 634 924 erant
655 863 749 954 etiarn
764 863 920 944 ellychnia
944 885 983 926 ex
1005 886 1138 949 papyro.

5 1003 7 1006 -
100 964 266 1048 Significat
282 965 386 1048 itaque
408 965 612 1047 Areopagitas
632 963 671 1024 ad
693 960 761 1024 seut
785 964 1029 1029 celebrationem
1054 969 1139 1030 nihil

100 1078 226 1148 praeter
250 1065 408 1144 ellychnia
430 1063 556 1128 dentlre.
622 1064 749 1128 Frivola
772 1063 862 1136 lunt,
887 1085 966 1147 quae
990 1069 1028 1128 ud
1052 1069 1138 1132 hunc

100 1166 210 1227 locum
231 1153 397 1228 en'notnrit
416 1167 564 1250 Scaliger.
598 1184 742 1229 voesrva.
800 1165 996 1228 Immensum
1018 1183 1138 1233 temere

100 1266 335 1330 administratur
356 1268 463 1338 locut,
490 1267 511 1328 li
532 1267 603 1349 quie
620 1263 797 1330 Vcdianunr
820 1281 873 1328 aut
891 1267 1072 1332 Pintianaea
1093 1274 1140 1332 in·

102 1365 248 1449 [pexerit.
289 1370 424 1432 Summa
439 1379 546 1430 tamen
562 1367 615 1436 eli,
636 1368 669 1428 in
687 1367 778 1430 MSS.
793 1368 949 1450 plerisque
966 1371 1028 1455 legi
1046 1372 1139 1434 aliter

5 1512 19 1540 .·.
101 1487 216 1550 pyrum
231 1469 284 1531 vel
302 1469 395 1530 aliter
407 1471 553 1552 pyritem,
580 1487 717 1550 quorum
732 1469 792 1530 hoc
806 1469 920 1530 callare
937 1471 970 1531 in
989 1472 1137 1536 Chisrano

5 1615 7 1622 ,
103 1567 236 1640 scimur,
269 1589 369 1651 quum
388 1571 516 1632 luntina
533 1569 696 1632 exhiberet
715 1589 840 1648 prmrm.
890 1571 989 1633 Henr.
1006 1573 1138 1654 Stepha-

102 1690 167 1732 nut
188 1683 295 1732 tamen
318 1670 418 1732 testari
442 1673 549 1754 potuit
572 1689 630 1752 pro
652 1689 731 1733 voce
752 1671 804 1731 illa
829 1672 951 1734 ilumen
978 1671 1007 1732 le
1032 1673 1137 1758 legille

102 1771 141 1832 in
157 1785 222 1834 ret.
244 1791 413 1854 papyrum.
456 1773 566 1854 ltaque
583 1767 702 1832 Vossiua
719 1789 845 1852 quoque
860 1791 899 1832 ex
916 1773 1017 1836 citatle
1036 1776 1136 1838 modo

5 1951 7 1958 Α
100 1872 293 1935 lectionibus
311 1872 431 1955 [criptie
446 1875 489 1934 ait
504 1874 677 1958 legendum
692 1872 793 1934 rideri
807 1872 866 1934 atie
885 1895 1040 1957 parryrum
1049 1897 1061 1948 ,·
1085 1873 1138 1938 led

12 2049 17 2057 Ι
102 1986 212 2036 tamen
243 1959 378 2036 diecerlit
406 1975 444 2036 ed
476 1969 660 2036 rariffimam
686 1991 818 2043 vocem,
856 1974 1035 2037 obtendens
1068 1973 1138 2040 lane

5 2153 11 2166 .
105 2075 250 2158 optimos
264 2088 297 2136 et
310 2071 539 2159 mitiquiss'tntoe
555 2075 690 2138 coelicet.
725 2073 812 2158 Quid
830 2075 995 2138 dicemus?
1031 2077 1139 2160 Quare

105 2193 214 2238 autem
230 2197 268 2238 ex
284 2175 376 2236 aliter
395 2197 508 2258 pyrum
531 2177 660 2240 videtur
681 2175 854 2260 legendum
875 2175 936 2236 alit
958 2179 1141 2258 papyrum?

20 2313 25 2320 -
105 2297 147 2338 an
162 2299 303 2358 papyrus
320 2297 384 2338 vox
400 2277 461 2337 fuit
480 2280 590 2362 ignota
611 2275 755 2347 librariie,
781 2291 818 2337 ut
834 2295 904 2338 eam
921 2277 1141 2360 cormperintl

5 2439 11 2454 ,
106 2399 148 2440 an
171 2376 269 2440 facilia
289 2377 332 2440 eil
353 2379 529 2460 corruptela
552 2377 618 2442 τῶν
640 2398 673 2437 er
694 2380 728 2436 in
749 2378 818 2457 pa?
868 2375 951 2437 Mihi
972 2379 1005 2438 id
1025 2398 1141 2460 nequa·

5 2459 7 2548 f
106 2499 202 2561 qnam
235 2479 384 2552 videtum
419 2493 452 2540 et
482 2477 609 2562 posthac
639 2476 727 2560 spero
759 2477 827 2539 aliie
854 2497 992 2558 quoque.
1043 2479 1139 2542 Certe
1208 2477 1214 2486 ’

5 2573 7 2656 J
106 2582 196 2644 enim
212 2581 316 2641 adhuc
331 2582 414 2642 firmi
437 2579 542 2642 lunrue
558 2599 597 2641 ex
615 2578 780 2660 scriptura,
805 2579 934 2660 quaein
952 2593 1000 2640 tot
1021 2577 1139 2661 [criptis

5 2671 8 2682 ’
108 2681 273 2743 codicibus
292 2682 423 2742 inventa
438 2681 496 2750 eli,
522 2679 744 2764 corrigendum
761 2675 837 2748 effe,
863 2677 922 2738 alit
939 2693 971 2739 et
984 2669 1138 2769 scirpum.

5 2767 9 2782 ’
107 2783 178 2844 Hae
199 2783 306 2844 literae
329 2781 452 2864 prorlne
472 2783 547 2842 illuc
566 2781 708 2865 dirigunt
729 2793 851 2840 tanturn
869 2779 1078 2861 manipulum,
1105 2793 1142 2841 ut

107 2885 143 2944 in
168 2883 230 2944 lroc
253 2881 366 2964 scripto
387 2882 507 2964 saepius
529 2883 652 2944 accidit.
713 2881 876 2943 adeuntur
906 2881 1022 2949 morlo,
1062 2901 1141 2962 quae

110 2986 222 3048 eximii
244 2985 322 3055 viri,
356 2985 483 3046 Drusrue
504 2997 537 3045 et
556 2983 686 3044 Grotiue
708 2981 904 3065 collegerunt
923 2981 962 3041 ad
985 2980 1142 3044 Geneleoe

109 3105 180 3168 cap.
202 3095 261 3167 41,
290 3103 321 3148 a.
355 3100 388 3148 et
410 3085 569 3148 lrilloriam
603 3083 676 3145 lobi
701 3101 767 3164 cup.
789 3094 822 3159 8,
849 3099 904 3144 tt.
942 3083 975 3141 in
1005 3101 1142 3162 quorum

112 3185 207 3248 faulla
221 3187 370 3248 citatione
386 3187 525 3248 finimur.
553 3203 577 3246 r.
595 3201 803 3246 cnorovrve.
849 3183 1004 3243 Audacter
1015 3185 1143 3265 reponit

112 3287 301 3350 Gronovius
320 3287 378 3348 alie
399 3299 431 3348 et
445 3277 600 3378 scirpum.
662 3285 795 3346 Adeone
824 3302 900 3367 ergo
926 3283 1052 3364 ine'puts
1082 3281 1144 3345 fuit

110 3388 216 3459 Mela,
251 3401 288 3448 ut
315 3387 435 3448 caulam
464 3388 623 3456 dicturus,
658 3384 865 3466 quarnobrenr
898 3381 993 3444 Nilne
1020 3403 1059 3445 ex
1082 3385 1145 3446 hoc

112 3489 323 3551 Mauritaniae
339 3487 428 3551 fonte
443 3489 583 3550 creditne
599 3485 695 3548 fuerit
714 3485 882 3566 profluere.
905 3501 944 3546 eo
959 3481 1032 3546 uiue
1048 3482 1146 3546 fuerit

111 3603 321 3674 argumento,
347 3589 435 3670 quod
456 3589 501 3650 ibi
522 3586 612 3670 scirpi
634 3584 812 3654 nascantur,
839 3585 894 3666 qui
908 3597 977 3647 toto
992 3597 1146 3652 terrarum

112 3693 193 3755 orbe
218 3693 252 3752 ln
280 3691 431 3752 omnibus
454 3683 565 3772 passim
596 3688 793 3770 proveniunt
818 3685 1000 3766 paludibus,
1034 3685 1147 3772 [lagnis

111 3807 148 3856 et
169 3790 380 3854 fluminibus?
430 3787 550 3853 Frustra
569 3789 609 3850 ad
637 3787 727 3850 testea
753 3799 922 3868 provocat,
953 3805 1026 3846 curn
1051 3805 1147 3848 nomo

113 3911 260 3974 unquam
276 3905 341 3953 tam
356 3895 484 3974 ineptne
499 3904 532 3952 et
546 3909 653 3953 rerum
670 3889 835 3970 imperitus
852 3883 955 3954 fuerit,
979 3899 1015 3945 ut
1032 3884 1147 3966 scirpoa

114 3996 151 4056 in
174 3993 236 4055 lola
254 3995 424 4076 provenire
444 3992 559 4054 dixerit
575 3992 734 4077 Aegypto.
769 4007 900 4050 voeetve
921 3989 953 4048 iu
976 3985 1148 4069 appendice

165 4096 260 4184 ronp'.
278 4108 371 4164 mna
391 4108 429 4166 u.
445 4107 499 4168 nr.
796 4088 819 4148 Ζ
