2784 4944
366 443 520 500 matt
564 443 678 502 etv.
718 441 799 514 §.6-
1041 459 1103 524 309

61 617 231 679 lectionem
261 615 378 698 probo.
430 617 519 680 Editi
539 617 644 680 enim:
677 615 726 682 Ab
748 637 783 678 eo
804 615 984 704 &nogotiia
1006 619 1100 680 mari·

60 719 145 782 tine.
177 738 366 782 acaorrra.
417 718 593 784 Monstroie
619 721 696 782 haec
722 717 795 782 iuut
819 715 1004 782 deformata.
1040 719 1100 780 Alii

59 817 288 903 reposuerunt:
323 819 424 884 Abeo
441 822 599 884 Samnites
618 821 782 883 maritima
800 831 919 884 tenent.
972 821 1010 880 Vt
1031 819 1100 884 bre·

59 925 135 984 riter
155 924 285 993 dicam,
320 941 435 984 omoea
456 923 579 986 iirenue
602 937 781 1008 ungantur,
818 935 851 984 et
880 937 1098 1006 praeterquam

59 1025 138 1104 qnod
161 1022 238 1084 falia
261 1039 297 1086 et
320 1025 426 1084 ordini
444 1023 666 1110 Geographico
685 1025 839 1086 contraria
862 1022 1020 1094 adferant,
1044 1023 1098 1086 ab

60 1139 133 1186 eunt
150 1146 290 1206 qnoque
315 1147 412 1206 qnam
434 1121 615 1212 longissime
634 1147 651 1188 a
672 1127 833 1189 veteribus
851 1125 950 1194 libna,
978 1125 1011 1186 in
1029 1127 1097 1208 qoi-

57 1225 110 1288 boa
130 1225 317 1288 constanter
340 1227 382 1288 ita
403 1226 563 1288 scribiturt
603 1225 652 1290 At
671 1249 707 1288 eo
728 1229 857 1290 Frentia
877 1227 956 1288 vilia
977 1227 1097 1288 moriti-

57 1349 105 1388 ιιι
124 1325 251 1388 tabent
276 1329 390 1390 Aterni
406 1323 556 1414 fluminio
576 1327 669 1417 ostia.
720 1327 888 1410 scripserat
913 1327 1013 1388 oleta:
1048 1325 1096 1390 At

56 1449 87 1488 ao
103 1429 283 1500 Frentani,
309 1429 406 1508 Apuli
426 1451 466 1490 ac
482 1431 659 1494 Mancini.
703 1427 832 1494 Habent
853 1429 963 1492 Aterni
982 1419 1096 1518 flami·

56 1531 101 1590 rtis
119 1528 214 1622 ostia.
270 1533 351 1592 Trea
369 1531 440 1592 ilion
461 1531 597 1614 populor
612 1531 668 1593 fibi
689 1532 829 1594 invicem
853 1533 884 1590 in
906 1549 959 1592 ora
981 1529 1098 1590 nnriti·

1 1697 2 1702 η
55 1651 101 1691 ma
124 1633 260 1694 vicinos
291 1631 384 1692 sunni
410 1635 573 1702 nominat,
606 1653 642 1695 aa
664 1633 782 1694 ultimo
807 1633 936 1714 quidem
965 1629 1099 1692 Maroni·

55 1752 125 1802 noa,
160 1736 327 1815 quoniam
350 1734 383 1794 in
408 1733 470 1796 illia
492 1733 562 1796 iont
588 1733 661 1796 ostia
685 1733 796 1796 Aterni
819 1733 978 1802 fluminio,
1014 1751 1095 1813 qnae

57 1831 230 1918 ittbiungit.
286 1833 516 1898 Frentanorum
545 1855 623 1898 vero
651 1834 694 1898 eii
720 1835 807 1898 Buca
837 1849 871 1896 et
898 1833 1093 1896 Histonium.

55 1936 185 2006 Daunii,
221 1947 258 1996 et
284 1955 363 2016 quae
395 1934 585 2018 sequuntur,
620 1935 691 1998 iant
716 1939 750 1998 in
776 1935 900 2018 Apulia.
950 1954 1094 1998 rostrae.

57 2037 163 2120 Quom
181 2055 294 2120 nuper
310 2039 344 2098 in
366 2037 415 2100 hie
430 2039 583 2100 nonnulla
600 2035 725 2100 diverto
740 2037 917 2100 charactere
936 2051 1096 2118 tamquam

56 2137 151 2218 iporia
183 2152 224 2200 et
257 2137 351 2221 plane
385 2157 452 2201 noo
483 2139 703 2222 Pomponiana
733 2139 868 2223 exprimi
900 2137 1095 2206 curaviffem,

57 2259 138 2300 nunc
157 2240 256 2300 aliter
283 2257 373 2322 agere
393 2239 522 2324 praestat
542 2255 575 2302 et
597 2261 739 2326 pergere.
792 2239 874 2302 Nam
897 2253 979 2300 certe
1000 2259 1095 2322 qnam

58 2339 232 2402 monstrose
252 2341 331 2401 haec
352 2339 392 2401 ab
412 2342 480 2402 aliia
499 2340 674 2404 deformata
692 2342 835 2424 queritur
852 2335 994 2410 Voffiua,
1027 2361 1096 2402 nou

59 2445 159 2506 minue
176 2439 357 2506 monstrose
376 2439 441 2524 ipie
461 2441 853 2506 tranformandotoedat:
889 2443 980 2504 Dicat
997 2443 1095 2512 enim,

59 2545 87 2604 in
104 2565 163 2626 qna
185 2556 281 2626 parte
298 2539 462 2626 scripturae
477 2546 609 2616 veturia,
634 2565 729 2626 qnam
744 2543 891 2612 exhibet,
918 2541 1096 2624 conspicere

58 2642 147 2725 poffit
165 2643 305 2706 latentia
327 2639 371 2706 cci
393 2645 488 2724 Apuli
509 2667 560 2710 ac.
604 2646 666 2710 Sed
684 2643 799 2708 fortine
820 2645 896 2707 haec
916 2643 1096 2726 oppugnari
1162 2689 1165 2698 .

57 2747 195 2826 poiinnt.
251 2743 336 2806 Nam
363 2765 526 2828 nunquam
547 2741 770 2810 euriosrffimna
795 2745 846 2808 hic
866 2743 994 2826 scriptor
1016 2741 1098 2836 ‹fiia

57 2847 131 2908 dicit
163 2849 210 2906 de
245 2845 366 2915 fluvio,
403 2849 456 2928 qui
482 2847 577 2910 habet
603 2848 703 2910 rnotio
734 2867 855 2916 nnnnr,
896 2843 946 2906 ied
979 2843 1099 2926 ietnper

56 2948 206 3034 iugulari
231 2965 367 3008 numero
388 2949 501 3013 utitur.
550 2951 602 3013 stc
623 2949 679 3010 tib.
704 2969 732 3012 t.
758 2947 906 3032 capuit.
934 2943 1013 3031 ostio
1032 2937 1098 3032 [ln-

58 3053 153 3112 rrr'nir
183 3049 331 3130 proximi
360 3049 542 3114 incarnatae.
606 3050 680 3112 Lib.
710 3071 740 3116 ι.
775 3069 804 3112 o.
833 3065 888 3124 17.
926 3043 1100 3110 Maeandri

56 3155 177 3212 exitum
209 3161 243 3210 et
269 3145 362 3240 Gaefi
383 3141 539 3240 fluminis
568 3149 690 3244 estium.
754 3149 826 3214 Lib.
853 3167 883 3214 a.
915 3169 943 3212 o.
964 3167 997 3228 7.
1031 3165 1097 3208 nou

58 3253 134 3314 dicit
156 3247 370 3341 Borysthenis
386 3249 484 3344 ostiis,
520 3249 571 3315 ted
592 3249 681 3345 ostio.
734 3251 806 3314 Lib.
832 3265 864 3332 3.
897 3271 923 3314 c.
953 3271 981 3312 r.
1020 3247 1101 3328 Tagi

57 3356 186 3416 otium.
242 3349 315 3412 Lib.
339 3367 371 3416 2.
393 3373 421 3416 c.
438 3367 471 3430 7.
506 3354 585 3416 dicit
603 3355 735 3436 quidem
762 3349 904 3414 Tiberina
924 3349 1020 3446 tssr'a,
1048 3347 1098 3411 [ed

56 3455 100 3516 ibi
120 3451 324 3516 venabulum
344 3453 424 3516 illud
446 3455 617 3518 mainaeola
638 3455 671 3517 0
691 3453 893 3516 scribendum
913 3451 973 3524 an,
1005 3465 1041 3512 nt
1065 3451 1100 3512 in

58 3555 116 3618 tae
148 3553 300 3618 editione
325 3555 422 3634 (nam
445 3555 565 3640 priorea
593 3557 713 3622 minori
742 3577 762 3618 o
782 3568 920 3618 utuntur
945 3549 1100 3638 peffime)

59 3655 216 3726 ieehnne,
247 3675 350 3736 quum
378 3675 445 3718 non
468 3657 507 3719 ari
531 3659 672 3730 exitum,
711 3655 762 3720 ted
789 3657 827 3720 ad
854 3655 1037 3720 utbeouiaru
1058 3653 1102 3714 ita

61 3759 268 3820 nominatam
287 3755 446 3840 respiciat,
476 3779 570 3841 quam
595 3759 634 3822 stc
651 3777 779 3842 qnoque
801 3771 973 3844 agnoverat
995 3755 1051 3818 tib.
1069 3769 1101 3817 a.

64 3879 130 3943 cap.
158 3869 196 3942 4.
230 3873 263 3920 et
286 3858 343 3920 lib.
370 3873 402 3940 5.
427 3879 455 3922 c.
479 3879 515 3942 9.
568 3861 686 3924 Hanno
714 3881 858 3942 comper
881 3859 1001 3921 Oceani
1021 3853 1103 3948 ostia

65 3951 196 4051 exrffit,
223 3958 382 4024 habebant
402 3961 482 4024 olim
503 3963 601 4034 editi,
632 3961 684 4026 ied
706 3961 788 4024 bene
808 3981 825 4022 a
850 3962 926 4024 viria
947 3959 1051 4022 donne
1069 3969 1103 4020 et

66 4081 105 4124 ex
128 4061 226 4126 MSS.
252 4077 429 4124 correctum
455 4063 559 4146 postea
586 4061 709 4158 ostr'nrn
763 4062 849 4126 Haec
871 4081 972 4146 qntnn
999 4061 1043 4122 ita
1073 4055 1103 4120 se

67 4163 208 4228 habeant
228 4175 261 4226 et
280 4164 342 4228 tn
359 4159 526 4230 eertiffima
546 4161 788 4249 clariiirmaque.
813 4183 893 4252 quae
913 4163 990 4228 idea
1005 4157 1106 4248 potest
