2784 4944
1 425 2 502 i
331 451 419 508 ΗΒ.
448 455 485 510 11.
536 451 641 514 etv.
683 451 817 524 §.56⁴
1031 469 1095 534 503

57 626 213 707 ogram
245 623 331 708 Lips.
353 627 462 712 agris:
493 627 567 692 edd.
598 627 755 701 verullae,
789 627 885 692 etiam
912 627 982 694 did.
1005 627 1093 694 lunt.

60 728 171 798 Grais,
198 742 321 808 praeter
345 747 379 808 9.
406 731 441 790 in
461 749 522 811 qur
541 729 659 794 Graiis.
711 730 809 814 Quod
829 725 951 794 Voffuu
967 733 1000 792 iu
1017 747 1095 795 nott

1 853 2 874 2
57 830 208 910 superiori
232 829 337 890 scribit
355 831 485 894 Graecis
505 833 677 916 exagiurit
698 833 724 896 1.
743 833 928 894 Gronovius
949 835 983 894 in
1004 833 1093 917 epist.

57 931 93 992 de
111 927 210 992 Vossti
230 933 368 1014 append.
388 953 420 1014 p.
438 934 497 1012 65.
536 933 611 996 Poll
631 931 744 996 vitiose
767 935 801 998 6.
817 947 850 1008 7.
874 945 907 1012 8.
929 935 1033 1016 picta.

128 1082 297 1165 Ancon)
345 1081 441 1148 Paris.
470 1103 499 1150 ι.
529 1101 561 1151 9.
589 1083 781 1148 vindobon.
810 1085 901 1170 Prrg.
926 1088 1097 1159 ortt-donat

57 1184 163 1246 curin.
187 1183 274 1266 Lips.
299 1185 385 1248 Gud.
414 1185 584 1272 Prehdiger.
615 1185 698 1250 sorte
721 1187 816 1250 etiam
841 1185 945 1250 Vatic.
976 1187 1094 1252 Venet.

57 1287 162 1348 Hero.
182 1289 328 1356 Ancona,
355 1289 403 1347 uti
422 1287 494 1352 edd.
518 1307 633 1350 ornnec
655 1289 692 1350 ad
710 1287 899 1358 Senonum,
926 1289 980 1370 qui
1005 1289 1096 1350 dedit

57 1395 181 1456 Aru-on,
217 1388 267 1446 uti
288 1389 433 1450 volueret
456 1389 662 1464 eunonium
693 1404 790 1454 recte.
843 1389 925 1452 Nam
944 1389 1096 1452 Graecam

57 1485 191 1550 sormam
230 1490 286 1551 hic
318 1487 430 1553 diserte
470 1489 555 1554 Mela
592 1505 684 1554 notat
719 1511 793 1554 cunt
826 1505 917 1554 antea
949 1491 1096 1554 Lttium
1143 1505 1146 1517 '

56 1590 215 1652 adtulerit.

232 1797 262 1874 §-
291 1793 325 1860 6.
377 1795 488 1859 Haec
512 1795 641 1878 enim)
690 1796 782 1880 Prtg.
806 1809 843 1858 ut
868 1797 919 1859 ed.
942 1815 997 1860 tt.
1020 1795 1096 1858 Hoc

58 1897 154 1968 enim
177 1895 296 1978 reliqui
318 1897 390 1960 libri
411 1913 443 1960 et
468 1897 541 1960 edd.
561 1913 634 1960 cute
656 1897 856 1958 Vadicuum:
891 1897 982 1958 Haec
1003 1899 1095 1960 enim.

57 1999 155 2059 Dedit
178 1999 236 2058 ille
252 1999 351 2060 Hauc·
370 2003 465 2071 cutim,
492 2019 630 2082 euntque
646 2001 855 2060 reddiderunt
875 2015 932 2064 21.
953 2009 1010 2078 94.
1036 2009 1094 2076 98.

57 2113 86 2158 et
102 2116 231 2180 praeter
244 2117 391 2184 cognatur
404 2101 614 2170 Olivariance.
631 2101 781 2170 Viuetue‚
799 2101 961 2164 Scirottuc.
996 2098 1096 2170 Ilaec.

58 2202 140 2280 quod
158 2200 280 2261 babent
296 2205 390 2264 ceteri
409 2201 499 2272 litui.
520 2217 705 2264 revocatum
722 2201 795 2264 eila
814 2197 937 2262 Voslio.
978 2201 1097 2262 Pintia·

57 2323 113 2362 uuo
134 2303 318 2364 redundare
337 2317 427 2384 putat
449 2305 549 2374 enim,
575 2305 626 2364 cui
650 2302 903 2364 auscultaverunt
920 2299 1049 2364 Voffiur
1064 2315 1098 2366 et
1150 2323 1154 2336 ·

60 2403 223 2463 Gronorii
248 2405 283 2464 in
302 2405 374 2467 edd.
398 2413 458 2487 4⁰·
479 2415 539 2484 41.
557 2415 618 2484 49.
670 2407 710 2466 tt
728 2406 889 2466 redditum
905 2403 948 2466 tsi
966 2403 1004 2464 ab
1023 2403 1096 2466 liei·

59 2505 168 2564 uosdio
191 2517 228 2565 et
250 2505 325 2567 edd.
347 2507 416 2566 aliie
444 2505 512 2590 poss
536 2519 596 2588 49.
658 2505 909 2576 rennuere,
948 2503 1097 2568 sedeunt

1 2671 2 2692 ἶ
59 2605 126 2666 libri
154 2603 347 2690 agnoscant,
380 2605 515 2688 respexit
547 2607 651 2668 nosset
683 2607 872 2690 praecedent
904 2605 1097 2668 vocabulum

1 2695 2 2734 ³
59 2709 225 2768 terminus.
266 2705 404 2770 Vinctus
427 2707 502 2770 hinc
524 2727 590 2790 cap.
612 2719 669 2784 35.
692 2709 866 2770 exorditur.
906 2705 1094 2770 Potitius,

58 2811 190 2888 quidam
214 2809 255 2868 A.
279 2807 454 2880 Gronovii,
487 2829 524 2870 ex
548 2811 627 2870 meis
649 2809 765 2870 Vertet.
789 2809 897 2874 Cibiu.
923 2807 1095 2892 liehtliger.

56 2899 257 2998 progrtffos,·
293 2907 386 2993 Prcg.
402 2903 610 2999 ‚progreffitu
646 2913 761 2992 reliqui
795 2931 870 2972 cum
901 2909 975 2970 edd.
1007 2929 1099 2988 prae·

56 3003 191 3100 greffos‚
228 3011 316 3090 quod
340 3011 484 3092 praestan
527 3025 650 3072 tanturn
681 3029 733 3098 19.
762 3001 1020 3100 praetergressos,
1049 3011 1098 3070 uti

56 3117 151 3174 etiam
171 3113 326 3172 emendat
342 3111 529 3174 Henischiuc
552 3113 626 3192 (ed.
646 3115 728 3192 54.)
747 3113 781 3172 in
796 3115 905 3174 erratis
925 3113 963 3172 ud
980 3111 1098 3172 calcem

56 3214 246 3297 propositis,
281 3226 312 3272 et
339 3213 468 3276 Cluver.
493 3214 527 3274 io
558 3215 625 3275 ital.
653 3227 720 3276 aut.
745 3229 777 3282 9.
800 3227 833 3290 5.
864 3235 895 3294 p.
921 3215 1005 3292 609.
1057 3215 1098 3274 dt

55 3339 131 3394 prae
152 3315 245 3396 saepe
265 3333 322 3396 pro
342 3329 468 3396 praeter
488 3316 520 3376 in
540 3315 771 3398 compositione
791 3315 916 3384 dicitur,
939 3315 988 3374 uti
1008 3333 1098 3392 proe-

55 3419 128 3478 uehi
154 3431 189 3476 et
212 3416 334 3478 similia.
388 3418 459 3478 t'id.
483 3417 521 3476 ad
549 3435 579 3486 9,
607 3435 637 3488 9,
662 3429 695 3492 8.
725 3417 780 3476 ubi
803 3417 898 3476 etiarn
921 3415 961 3476 de
983 3417 1098 3476 utrius·

54 3539 112 3598 que
136 3517 399 3580 commutatione
424 3521 456 3578 iu
486 3517 585 3580 libris.
647 3517 753 3600 Quam
776 3529 884 3578 auteur
909 3515 996 3596 saepe
1022 3537 1099 3596 proc

56 3635 84 3680 et
106 3640 172 3698 pro
200 3615 410 3686 misceantur.
445 3617 643 3682 notissimum
667 3619 719 3681 est.
775 3617 852 3680 vid.
879 3619 918 3676 de
945 3617 1005 3676 huc
1031 3615 1096 3696 ipsu

56 3721 156 3783 verbo
183 3717 348 3782 Drakeub.
368 3723 407 3780 ad
425 3721 497 3784 Liv.
522 3739 557 3802 9,
582 3741 638 3794 to,
660 3735 694 3798 7.
735 3717 818 3790 Posi,
841 3719 889 3778 uti
905 3715 992 3788 solet,
1014 3719 1097 3780 lieh-

56 3827 155 3910 c'iger.
180 3821 307 3906 pycem‘.

129 3979 175 4037 in
211 3971 389 4056 quibus)
439 3973 548 4038 Scribo
574 3975 606 4036 t'tt
628 3993 707 4060 qno,
735 3969 849 4034 scilicet
872 3969 994 4032 Piceno.
1047 3969 1099 4032 Sic

58 4079 144 4138 enirn
178 4089 312 4162 yocatur
337 4077 426 4160 regio
458 4077 639 4138 Picentium
666 4077 773 4136 Plinio
799 4077 831 4134 in
854 4073 935 4132 libro
962 4086 994 4148 5.
1017 4063 1099 4154 [18.
1149 4127 1152 4134 .

58 4177 77 4240 l.
103 4173 186 4266 13.]
225 4197 426 4241 rtdrtdttvr.
479 4179 648 4242 Pitttittuus
676 4179 848 4264 legendum
872 4187 963 4258 putat
985 4175 1017 4232 in
1037 4191 1099 4254 quo
