2792 4940
349 399 435 456 ιιι
466 401 503 456 ιι.
545 401 579 458 c.
606 403 644 456 ιι.
686 397 712 468 t.
734 407 765 470 e.
1015 409 1074 474 arr

16 555 17 558 ¹
56 592 143 647 perere
167 571 255 634 licet.
298 593 324 636 r.
349 591 557 637 cnonovrrt.
609 573 745 636 Vinetut
772 572 875 636 edidit
902 573 999 636 etiam
1024 595 1075 638 tte·

57 695 135 742 nore,
166 688 200 736 et
222 673 266 734 fic
291 674 411 735 habeut
433 675 506 735 libri
525 675 691 744 nonnulli,
726 671 778 736 l'ed
796 677 1008 750 recentium.
1039 677 1076 740 ln

57 795 166 852 querum
183 776 356 838 nonnullis
373 778 470 836 etiam
486 776 526 836 lic
546 772 690 836 scribitur
706 775 759 836 liic
778 775 884 838 locut:
934 777 991 838 Ex
1011 795 1075 862 prro

57 891 188 934 eirenem
215 875 350 956 Orphea
365 866 480 967 secuta
502 887 674 938 narrentur
696 897 821 938 nmrora
842 889 873 938 et
893 877 991 942 Zone.
1034 879 1075 940 ln

58 995 105 1036 uno
124 989 155 1037 et
173 977 280 1038 altero
305 991 335 1036 et
356 980 487 1058 ponitur
508 990 580 1038 ante
600 991 768 1048 narretur,
802 979 966 1060 quomodo
987 979 1076 1042 etin

57 1077 171 1138 editione
201 1079 367 1160 principe.
431 1079 511 1140 Inde
539 1075 628 1139 facile
658 1081 807 1142 coniicias
839 1079 985 1140 additum
1014 1079 1076 1144 elle

58 1179 282 1238 nuinnctivum
307 1193 338 1238 et
361 1177 415 1240 vel
442 1180 537 1240 etiem
560 1177 598 1238 ab
620 1179 698 1250 iiiia,
733 1181 788 1260 qui
810 1201 850 1240 ex
873 1201 936 1262 quo
960 1181 994 1242 in
1014 1179 1077 1244 init

57 1279 212 1356 rrperillent
234 1278 485 1360 exemplaribut.
522 1279 584 1342 Sed
606 1299 683 1340 veru
702 1279 789 1340 iliam
806 1281 988 1362 particulam
1007 1301 1076 1342 nnn

57 1379 209 1440 aenolcunt
224 1379 398 1442 vetustiora
417 1379 604 1462 exemplaria
617 1393 650 1442 et
666 1379 735 1442 lane
756 1395 826 1444 tuto
849 1381 951 1462 potest
965 1379 1076 1444 abeiie.

58 1479 129 1558 Quod
160 1495 275 1544 antem
310 1480 496 1544 Gronovius
523 1483 708 1542 auctoritate
747 1483 834 1564 genii
864 1481 1077 1563 Pomponiani

57 1583 124 1640 uide
147 1603 272 1664 nempe
295 1581 352 1641 fibi
374 1579 551 1652 familiaria,
583 1579 717 1643 aifirmat
737 1583 886 1644 voculam
907 1583 1002 1644 etiarn
1023 1582 1077 1644 ha·

57 1679 111 1742 bere
131 1685 199 1743 rim
224 1697 262 1744 et
286 1682 472 1763 potestatem
496 1683 633 1764 aliquam
659 1682 868 1765 peculiarem,
900 1683 932 1744 id
961 1703 1000 1744 ex
1025 1685 1075 1752 lie,

55 1803 116 1858 quae
131 1785 300 1866 producit,
328 1804 395 1844 uun
411 1783 510 1864 liquet
532 1785 620 1852 lucis,
648 1785 802 1866 equibus
817 1785 897 1844 nihil
911 1783 997 1846 aliud
1015 1783 1078 1844 col·

55 1881 124 1965 ligre,
146 1885 201 1944 uili
226 1885 327 1953 istud,
352 1885 534 1966 particulam
555 1885 646 1954 hanc.
673 1905 722 1954 eo,
748 1903 812 1964 qun
829 1879 940 1968 paffim
956 1898 988 1944 et
1009 1885 1078 1945 tabi-

55 2003 103 2062 que
122 1988 268 2054 nourrii,
302 1997 461 2066 acceptam
485 1983 583 2055 lenio,
614 1985 674 2048 effe
698 1987 853 2048 [atinam.
891 2003 1021 2047 rotetur
1044 1987 1078 2048 itt

54 2087 204 2162 appnrdr'ce
228 2085 280 2146 acl
305 2087 339 2146 ir.
361 2085 383 2146 l.
442 2085 519 2148 Non
544 2087 655 2146 delinit
674 2107 728 2148 rue
750 2085 932 2148 convellere
953 2085 1005 2148 ilia
1028 2105 1077 2148 ae·

55 2205 126 2266 rugo
137 2183 239 2258 tottii,
268 2185 392 2248 etiarnli
408 2205 484 2247 euru
502 2207 567 2248 uon
582 2199 719 2272 tangam.
769 2189 899 2250 Excitor
918 2187 1006 2248 enim
1020 2186 1078 2248 hac

57 2299 120 2344 nuta
144 2287 258 2348 iterum
291 2288 486 2368 perreptavit
512 2289 637 2350 codices
660 2287 752 2350 MSS.
784 2301 816 2349 et
839 2290 909 2370 quia
930 2281 970 2352 τὸ
991 2301 1021 2350 et
1042 2289 1077 2348 in

59 2391 142 2448 ruina
161 2391 249 2450 locos
275 2387 461 2448 tranaiatnm
484 2405 522 2448 err
543 2387 603 2450 iiiia
627 2387 773 2458 olleudit,
799 2389 875 2450 inde
897 2385 997 2459 facile,
1022 2389 1077 2460 ait.

60 2491 192 2560 coniicias,
220 2490 374 2550 additum
395 2488 433 2548 ab
451 2489 518 2550 aliia
536 2491 789 2552 coniunctium.
842 2491 954 2572 Quum
974 2490 1078 2552 diver·

59 2584 110 2647 iun
126 2591 182 2652 hoc
197 2591 239 2652 ab
256 2591 334 2656 illie.
360 2609 439 2670 quae
460 2589 630 2652 evomebat
644 2591 682 2650 ad
697 2593 791 2672 cupit.
802 2601 836 2667 5.
853 2591 908 2653 lib.
930 2611 959 2652 ι.
981 2589 1079 2652 verba

50 2685 108 2775 fine
127 2694 215 2752 tectir
238 2685 358 2780 pnffuu
376 2711 416 2748 ac
430 2680 574 2779 sodidum
606 2691 738 2772 perinde
760 2690 805 2751 ibi
827 2691 904 2752 illud
928 2711 968 2751 nc
987 2691 1081 2750 iactat·

56 2805 102 2860 uu,
123 2813 181 2854 uec
194 2807 311 2853 tamen
327 2790 380 2851 vel
397 2791 514 2872 cogitat
532 2792 591 2854 tale
607 2793 695 2872 quid.
722 2825 772 2840 —
803 2793 855 2854 Sic
870 2791 925 2852 lib.
944 2806 978 2854 a.
1000 2809 1028 2854 c.
1044 2805 1078 2853 a.

54 2895 147 2954 eudem
170 2892 295 2955 vocula
318 2891 352 2950 in
380 2893 575 2954 editionibus
598 2891 714 2954 [olebat
736 2895 856 2956 omitti.
898 2911 922 2956 ι.
948 2907 1079 2952 nunno·

55 3013 118 3054 rut
145 2997 178 3054 in
207 3006 295 3054 nota
319 2989 489 3083 'infimiori
542 2993 639 3076 Quod
662 2991 820 3075 superiora
841 2994 958 3054 docent
973 2993 1007 3052 in
1032 3011 1092 3054 te·.

54 3094 130 3154 censu
158 3095 346 3160 librorum.
380 3111 447 3152 non
470 3091 541 3152 lunt
568 3097 759 3157 recentiore·
782 3094 873 3164 iibri,
907 3095 961 3174 qui
983 3093 1079 3154 etiarn

54 3193 170 3265 habeut,
198 3213 263 3254 nec
283 3194 488 3262 recentiores,
513 3196 569 3274 qui
592 3195 759 3257 omittunt.
809 3197 885 3258 Siue
902 3193 1002 3256 dublo
1019 3191 1079 3254 luit

55 3295 78 3352 in
92 3297 168 3358 l'ott.
195 3317 228 3359 ι.
250 3295 387 3374 optimo,
413 3295 467 3374 qui
490 3315 564 3356 curu
584 3295 691 3358 Cibin.
715 3297 882 3356 concinere
905 3293 992 3364 [olet.
1018 3313 1078 3358 nec

55 3395 82 3453 ab
96 3398 149 3458 hac
166 3409 260 3479 parte
276 3395 399 3455 relictae
414 3395 570 3456 Perizonii
588 3398 674 3458 nicee
690 3409 773 3456 recte
790 3395 930 3456 sustinuit
945 3397 982 3456 A.
1000 3395 1079 3456 Gro-

55 3501 166 3568 novius,
184 3497 246 3578 qui
260 3495 374 3556 docere
391 3515 462 3556 vera
477 3496 583 3576 podet.
612 3497 695 3556 Mihi
706 3498 835 3578 quidem
850 3497 973 3578 placent
987 3497 1079 3557 ratio-
1144 3561 1148 3572 ,

55 3617 97 3659 nce
123 3621 140 3660 a
168 3602 197 3660 l.
222 3595 392 3656 Grouorio
422 3599 596 3679 propolltae
621 3597 818 3678 iaciuntque.
851 3609 888 3656 ut
913 3600 1078 3660 retineam.

55 3695 111 3760 Post
131 3700 300 3762 erlitionee
325 3695 462 3758 vetustae
491 3699 607 3760 multae
634 3699 760 3770 Zoelae,
795 3699 949 3778 quaedam
982 3697 1079 3758 etiam

56 3803 205 3870 nZoue,
241 3798 284 3858 de
314 3817 378 3877 quo
404 3811 492 3860 antea
524 3801 647 3860 dictum
673 3799 725 3862 est.
778 3799 931 3862 Ceterum
954 3809 1078 3860 mutato

16 3939 17 3946 r
55 3903 152 3962 ordine
187 3901 245 3962 hic
283 3897 410 3961 volebat
442 3899 625 3964 Pintianut:
681 3899 760 3964 Turn
792 3901 891 3962 Zone.
944 3897 1079 3960 severas

16 4009 17 4028 l
50 3995 166 4080 lanius.
