2810 4944
371 407 461 465 arn.
490 413 529 468 11.
573 411 607 470 c.
634 413 685 472 vr·
728 411 806 482 le·
1041 418 1102 488 las

6 629 7 680 p
76 602 146 644 cero
170 585 382 645 Tarraconem
412 585 607 668 praeterfluit
630 585 756 654 Tulcis.
791 585 844 666 qai
867 603 966 667 aeque
985 605 1020 646 ac
1041 583 1104 666 ipsa

6 683 7 704 l
74 687 99 743 Τ
101 705 202 747 :uraca
225 689 350 749 medina
373 685 416 748 est
438 689 519 750 iuter
536 688 638 750 Subin
660 701 692 748 et
708 687 859 748 Telobin.
911 689 1006 750 Plana
1029 687 1106 748 llaec

75 785 155 856 suist,
182 801 218 847 ut
231 807 313 870 apua
329 807 395 849 non
416 787 450 848 srt
472 791 591 874 fingere
608 789 735 870 aliquod
759 789 890 859 ilnnten,
915 789 1007 871 quale
1024 809 1105 848 nstit-

73 909 160 968 qnam
178 889 313 958 exstitit,
338 905 370 951 et
389 889 505 952 Melam
527 891 606 952 adeo
630 889 728 952 lacere
744 891 907 972 ineptum,
934 903 971 950 nt
994 891 1103 972 ignota

72 1010 123 1070 per
145 993 306 1076 ignotiora
321 993 474 1054 declarare
494 993 641 1056 vuluerit.
695 993 802 1074 Quare
819 1005 925 1054 autern
944 971 1048 1052 anissis
1069 993 1103 1052 in

71 1095 166 1151 mains
193 1114 211 1152 a
239 1091 420 1155 semidoctie
452 1107 610 1154 mutatum
642 1091 736 1154 suerit
766 1093 918 1164 librariis,
953 1095 1033 1154 ratio
1060 1091 1104 1154 est

71 1191 244 1264 manifesta,
270 1195 342 1275 qnia
359 1215 474 1276 nempe
490 1215 617 1278 parram
636 1193 730 1257 secnti
747 1194 999 1264 distinctionem,
1027 1213 1103 1254 cnm

71 1295 198 1356 Telobis
226 1317 321 1378 parra
348 1299 564 1378 praecederet,
598 1297 811 1358 existimarent
834 1299 964 1358 alteram
991 1295 1103 1367 deesse,

71 1417 143 1476 qnae
176 1399 385 1478 appellaretur
419 1397 537 1458 Telobis
566 1399 676 1462 mains.
734 1399 794 1461 Sed
820 1413 852 1460 et
877 1399 908 1458 in
934 1417 972 1459 ea
997 1409 1104 1478 peccat

72 1499 269 1566 (iranovine.
297 1501 383 1580 qnod
398 1501 601 1560 'librariorum
622 1497 742 1562 senune
763 1519 901 1562 errorem
918 1497 1009 1580 snper
1030 1517 1104 1559 con·

71 1599 159 1660 struat
175 1619 252 1659 cnm
269 1601 379 1670 Tulei,
406 1621 478 1661 cum
497 1601 536 1662 iic
552 1601 791 1686 distinguendus
808 1601 841 1660 sit
863 1601 968 1662 locust
999 1598 1104 1660 Tulcis

71 1723 131 1760 earn
152 1701 301 1762 modicus
317 1705 422 1762 nornis
436 1695 536 1793 snper
554 1703 660 1782 ingens
681 1701 791 1764 Iberus
809 1693 983 1792 Dertosam
1003 1702 1104 1761 altin-

70 1803 125 1880 git.
160 1821 296 1864 reserva
317 1805 349 1864 in
370 1805 544 1884 appendice
564 1803 608 1864 ad
628 1806 659 1865 lr.
683 1803 704 1866 l.
757 1805 844 1866 Dicit
860 1805 963 1885 primo
979 1797 1103 1864 Volline

71 1923 118 1964 me
148 1923 279 1986 rogare.
321 1925 360 1966 an
393 1905 476 1966 Mela
508 1905 607 1966 tribus
634 1906 742 1968 nanis
780 1905 987 1966 Tarraconem
1016 1903 1104 1987 cingi

71 2003 204 2086 scripsit?
256 2007 308 2068 Sic
337 2005 476 2066 Tarraco
497 2021 530 2068 et
545 2004 632 2097 fiens
657 2007 845 2066 Tarraconis
872 2009 957 2066 isletn
980 2005 1025 2065 illi
1048 2005 1101 2067 ell.

71 2108 107 2166 Et
134 2121 244 2167 tamen
275 2107 355 2166 nihil
378 2108 434 2167 nili
457 2109 489 2168 id
517 2107 618 2189 ipsum
644 2107 780 2168 ostendit
807 2105 952 2176 Voffiue,
987 2125 1103 2188 nempe

72 2209 233 2268 interduo
256 2207 402 2278 flumina,
437 2207 532 2270 Sabin
553 2221 585 2270 et
615 2207 737 2269 Telobiu
764 2209 850 2269 litam
876 2208 935 2269 else
957 2209 1104 2268 Tarraco·

71 2331 157 2378 aem.
197 2329 299 2390 quum
329 2307 425 2390 ipsam
454 2311 654 2392 praeterfluat
681 2309 793 2372 Tulcis.
846 2309 937 2370 Nihil
959 2306 1103 2380 assumat,

70 2413 120 2468 niti
138 2411 229 2492 qnod
248 2429 307 2494 ego
329 2409 393 2492 ipse
413 2413 560 2492 quaesivi.
601 2411 660 2472 Vbi
680 2425 786 2472 autern
805 2409 888 2474 Mela
904 2411 991 2480 dicit,
1019 2410 1105 2470 Ticer

71 2527 99 2570 et
124 2511 318 2574 caricarum
341 2511 399 2572 else
420 2514 571 2596 ignobilia
593 2511 746 2574 lininina'i
784 2513 851 2596 poll
877 2513 952 2572 llaec
971 2512 1103 2572 demum

72 2613 259 2694 [equinum.
286 2633 363 2692 qnae
380 2629 473 2674 vocat
494 2635 587 2696 parva
604 2615 744 2676 llnnrina.
798 2615 864 2697 Qui
885 2633 961 2674 vero
979 2611 1103 2694 possam

70 2717 128 2774 dici
152 2717 274 2796 fingere
296 2715 420 2794 aliqmnl
444 2716 582 2784 flumen.
615 2737 653 2776 ex
681 2737 744 2797 qno
774 2717 848 2776 licet
871 2711 997 2776 Vastan
1023 2735 1104 2772 nun·

69 2837 159 2894 quarn
178 2817 313 2884 biberit,
340 2835 405 2876 aron
426 2819 500 2878 idea
519 2817 618 2898 potest
640 2819 701 2876 dici
725 2837 789 2878 non
814 2815 971 2884 exllllerea
1001 2833 1103 2892 quum

68 2919 150 2978 oleta
177 2918 210 2977 id
232 2917 452 2998 appellaverit.
488 2933 524 2978 nt
548 2919 696 2979 teliantnr
718 2939 830 2978 omnes
854 2915 943 2998 prisci
968 2918 1102 2976 codices.

70 3021 149 3101 Quia
184 3031 294 3078 autern
328 3017 531 3079 insusurravit
561 3017 669 3082 Voffio
696 3041 712 3081 a
739 3019 919 3080 semidoctis
950 3017 1012 3078 hnc
1043 3015 1102 3076 else

6 3193 7 3202 ἵ
67 3135 228 3180 suutatnrn
251 3119 394 3182 librariis.
445 3121 539 3184 Certe
561 3125 641 3182 ratio
664 3126 731 3182 cius
756 3135 821 3182 tota
841 3120 882 3180 en
904 3117 1102 3178 irrationalia.

67 3225 117 3284 sic
134 3223 249 3290 iidem,
278 3224 334 3301 qui
356 3219 479 3281 Tolobin
501 3225 703 3284 crediderunt
721 3221 876 3284 serninino
895 3239 1010 3305 genere
1029 3220 1102 3288 dici,

6 3325 7 3344 ¹
66 3325 87 3382 ii
108 3339 198 3388 turre.
231 3341 330 3402 quarn
352 3323 382 3381 id
408 3324 569 3384 crederent
588 3339 620 3385 et
640 3327 682 3384 ita
705 3323 898 3405 usurparent,
930 3337 1034 3382 tannen
1058 3341 1104 3382 re·

6 3407 7 3484 ff
66 3427 226 3508 degerunt
249 3441 324 3482 max
346 3425 382 3484 ad
401 3439 562 3488 neutrum.
604 3427 687 3486 Haec
703 3447 766 3486 non
783 3427 841 3484 viri
861 3423 960 3505 probe
975 3423 1102 3491 enuisti,

6 3511 7 3524 ¹
67 3525 114 3586 led
139 3525 297 3585 mulionis
318 3527 545 3604 pronuntiatio.
600 3529 764 3610 Quaenam
790 3525 849 3586 suit
870 3543 923 3586 ant
945 3523 986 3584 eil
1009 3544 1102 3604 parm

67 3628 227 3688 distinctio
251 3627 282 3684 in
310 3625 401 3688 MSS.
427 3629 480 3708 qui
506 3625 570 3688 lere
595 3629 712 3688 habeut
733 3627 874 3688 nnllam?
925 3625 1101 3708 Quomodo

67 3743 172 3790 autern
199 3741 373 3808 potnerunt
405 3725 539 3806 sepmare
567 3727 682 3789 Telobis
708 3731 837 3807 parvo?
879 3727 976 3806 idque
1003 3745 1102 3806 quum

68 3831 238 3892 ineodetn
263 3827 348 3888 serssn
374 3833 650 3910 praemitterentur
676 3853 779 3908 parua
803 3828 949 3908 oppida?
1001 3827 1101 3886 l'nrro
1182 3879 1185 3890 .
1223 3831 1229 3845 '

67 3933 85 3990 fi
110 3932 259 4012 peccavi.
294 3951 358 3988 usin
386 3931 526 3994 librarios
556 3931 675 3992 suemus
694 3931 739 3992 sni
764 3945 796 3990 et
818 3949 930 3992 eorum
951 3947 1100 3994 errorent,

67 4031 114 4092 sed
133 4027 318 4094 Vnffiananr
336 4033 523 4100 editionem.
545 4055 624 4114 qnae
636 4025 733 4124 snper
748 4033 894 4094 construit
913 4051 984 4090 curn
1006 4029 1101 4090 Tnlri.

67 4137 105 4194 Lt
137 4137 217 4217 qnid
252 4137 313 4194 crit
346 4151 384 4194 ex
417 4133 617 4198 dislinctione
657 4133 802 4200 l'osliaua
827 4125 951 4224 snper?
993 4127 1101 4193 versas
