<?xml version="1.0" encoding="UTF-8"?>
<!DOCTYPE html PUBLIC "-//W3C//DTD XHTML 1.0 Transitional//EN"
    "http://www.w3.org/TR/xhtml1/DTD/xhtml1-transitional.dtd">
<html xmlns="http://www.w3.org/1999/xhtml" xml:lang="en" lang="en">
 <head>
  <title>
</title>
<meta http-equiv="Content-Type" content="text/html;charset=utf-8" />
  <meta name='ocr-system' content='tesseract 3.04.00' />
  <meta name='ocr-capabilities' content='ocr_page ocr_carea ocr_par ocr_line ocrx_word'/>
</head>
<body>
  <div class='ocr_page' id='page_1' title='image "./pomponiimelaede05melagoog_0517.png"; bbox 0 0 2864 4944; ppageno 0'>
   <div class='ocr_carea' id='block_1_1' title="bbox 346 377 1088 504">
    <p class='ocr_par' dir='ltr' id='par_1_1' title="bbox 346 377 1088 504">
     <span class='ocr_line' id='line_1_1' title="bbox 346 377 1088 504; baseline -0.003 -18"><span class='ocrx_word' id='word_1_1' title='bbox 346 427 437 486; x_wconf 82' lang='lat' dir='ltr'><strong>LIB.</strong></span> <span class='ocrx_word' id='word_1_2' title='bbox 465 428 502 483; x_wconf 86' lang='lat'><strong>11.</strong></span> <span class='ocrx_word' id='word_1_3' title='bbox 547 427 580 483; x_wconf 85' lang='lat' dir='ltr'><strong>C.</strong></span> <span class='ocrx_word' id='word_1_4' title='bbox 602 425 668 488; x_wconf 74' lang='lat' dir='ltr'><strong>vu.</strong></span> <span class='ocrx_word' id='word_1_5' title='bbox 708 377 736 496; x_wconf 58' lang='lat' dir='ltr'><strong>b.</strong></span> <span class='ocrx_word' id='word_1_6' title='bbox 759 443 789 504; x_wconf 85' lang='lat'><strong>9.</strong></span> <span class='ocrx_word' id='word_1_7' title='bbox 1027 439 1088 502; x_wconf 79' lang='lat'><strong>6¹²</strong></span> 
     </span>
    </p>
   </div>
   <div class='ocr_carea' id='block_1_2' title="bbox 60 599 1092 1900">
    <p class='ocr_par' dir='ltr' id='par_1_2' title="bbox 60 599 1092 1900">
     <span class='ocr_line' id='line_1_2' title="bbox 62 599 1089 686; baseline -0.002 -20"><span class='ocrx_word' id='word_1_8' title='bbox 62 602 155 686; x_wconf 82' lang='lat' dir='ltr'>Neque</span> <span class='ocrx_word' id='word_1_9' title='bbox 174 615 290 666; x_wconf 86' lang='lat' dir='ltr'><strong>tamen</strong></span> <span class='ocrx_word' id='word_1_10' title='bbox 312 603 463 671; x_wconf 83' lang='lat' dir='ltr'><strong>relucter.</strong></span> <span class='ocrx_word' id='word_1_11' title='bbox 493 599 598 684; x_wconf 85' lang='lat' dir='ltr'><strong>iiquie</strong></span> <span class='ocrx_word' id='word_1_12' title='bbox 614 615 744 683; x_wconf 89' lang='lat' dir='ltr'><strong>propter</strong></span> <span class='ocrx_word' id='word_1_13' title='bbox 760 600 906 664; x_wconf 87' lang='lat' dir='ltr'><strong>codicum</strong></span> <span class='ocrx_word' id='word_1_14' title='bbox 922 600 1089 664; x_wconf 87' lang='lat' dir='ltr'><strong>bonorum</strong></span> 
     </span>
     <span class='ocr_line' id='line_1_3' title="bbox 60 702 1091 786; baseline -0.003 -19"><span class='ocrx_word' id='word_1_15' title='bbox 60 707 183 786; x_wconf 85' lang='lat' dir='ltr'><strong>ererupia</strong></span> <span class='ocrx_word' id='word_1_16' title='bbox 210 706 384 780; x_wconf 72' lang='lat' dir='ltr'><strong>Capherea</strong></span> <span class='ocrx_word' id='word_1_17' title='bbox 407 705 512 774; x_wconf 86' lang='lat' dir='ltr'><strong>malit,</strong></span> <span class='ocrx_word' id='word_1_18' title='bbox 547 717 583 762; x_wconf 91' lang='lat' dir='ltr'><strong>ut</strong></span> <span class='ocrx_word' id='word_1_19' title='bbox 607 704 701 764; x_wconf 86' lang='lat' dir='ltr'><strong>etiam</strong></span> <span class='ocrx_word' id='word_1_20' title='bbox 724 721 761 762; x_wconf 88' lang='lat' dir='ltr'><strong>ex</strong></span> <span class='ocrx_word' id='word_1_21' title='bbox 782 703 851 763; x_wconf 81' lang='lat' dir='ltr'><strong>aliie</strong></span> <span class='ocrx_word' id='word_1_22' title='bbox 872 704 960 764; x_wconf 87' lang='lat' dir='ltr'><strong>librie</strong></span> <span class='ocrx_word' id='word_1_23' title='bbox 983 702 1091 785; x_wconf 86' lang='lat' dir='ltr'><strong>posuit</strong></span> 
     </span>
     <span class='ocr_line' id='line_1_4' title="bbox 61 800 1091 876; baseline 0 -8"><span class='ocrx_word' id='word_1_24' title='bbox 61 809 87 868; x_wconf 90' lang='lat' dir='ltr'><strong>in</strong></span> <span class='ocrx_word' id='word_1_25' title='bbox 103 809 208 868; x_wconf 88' lang='lat' dir='ltr'><strong>Soliuo</strong></span> <span class='ocrx_word' id='word_1_26' title='bbox 225 805 405 876; x_wconf 72' lang='lat' dir='ltr'><strong>Salmasius,</strong></span> <span class='ocrx_word' id='word_1_27' title='bbox 426 807 510 867; x_wconf 87' lang='lat' dir='ltr'><strong>etin</strong></span> <span class='ocrx_word' id='word_1_28' title='bbox 527 803 625 866; x_wconf 85' lang='lat' dir='ltr'><strong>Plinii</strong></span> <span class='ocrx_word' id='word_1_29' title='bbox 645 804 767 866; x_wconf 71' lang='lat' dir='ltr'><strong>Mesate</strong></span> <span class='ocrx_word' id='word_1_30' title='bbox 783 800 897 866; x_wconf 82' lang='lat' dir='ltr'><strong>exstare</strong></span> <span class='ocrx_word' id='word_1_31' title='bbox 917 805 1014 875; x_wconf 82' lang='lat' dir='ltr'><strong>dicit,</strong></span> <span class='ocrx_word' id='word_1_32' title='bbox 1047 819 1091 868; x_wconf 83' lang='lat' dir='ltr'><strong>ta·</strong></span> 
     </span>
     <span class='ocr_line' id='line_1_5' title="bbox 62 903 1091 988; baseline -0.001 -19"><span class='ocrx_word' id='word_1_33' title='bbox 62 924 135 969; x_wconf 83' lang='lat' dir='ltr'><strong>cente</strong></span> <span class='ocrx_word' id='word_1_34' title='bbox 155 923 267 970; x_wconf 85' lang='lat' dir='ltr'><strong>tamen</strong></span> <span class='ocrx_word' id='word_1_35' title='bbox 291 909 466 970; x_wconf 87' lang='lat' dir='ltr'><strong>Harduiuo.</strong></span> <span class='ocrx_word' id='word_1_36' title='bbox 518 909 655 988; x_wconf 86' lang='lat' dir='ltr'><strong>Vtraque</strong></span> <span class='ocrx_word' id='word_1_37' title='bbox 676 904 756 967; x_wconf 77' lang='lat' dir='ltr'><strong>forte</strong></span> <span class='ocrx_word' id='word_1_38' title='bbox 772 903 873 966; x_wconf 88' lang='lat' dir='ltr'><strong>forma</strong></span> <span class='ocrx_word' id='word_1_39' title='bbox 893 907 976 987; x_wconf 89' lang='lat' dir='ltr'><strong>apud</strong></span> <span class='ocrx_word' id='word_1_40' title='bbox 997 907 1091 968; x_wconf 85' lang='lat' dir='ltr'><strong>Grae·</strong></span> 
     </span>
     <span class='ocr_line' id='line_1_6' title="bbox 63 1006 1091 1091; baseline -0.001 -21"><span class='ocrx_word' id='word_1_41' title='bbox 63 1029 105 1071; x_wconf 87' lang='lat' dir='ltr'><strong>eoa</strong></span> <span class='ocrx_word' id='word_1_42' title='bbox 120 1013 259 1072; x_wconf 78' lang='lat' dir='ltr'><strong>maxime</strong></span> <span class='ocrx_word' id='word_1_43' title='bbox 279 1011 311 1070; x_wconf 91' lang='lat' dir='ltr'><strong>in</strong></span> <span class='ocrx_word' id='word_1_44' title='bbox 335 1008 391 1068; x_wconf 82' lang='lat' dir='ltr'><strong>usu</strong></span> <span class='ocrx_word' id='word_1_45' title='bbox 414 1006 493 1078; x_wconf 83' lang='lat' dir='ltr'><strong>init,</strong></span> <span class='ocrx_word' id='word_1_46' title='bbox 524 1029 658 1091; x_wconf 85' lang='lat' dir='ltr'><strong>quarum</strong></span> <span class='ocrx_word' id='word_1_47' title='bbox 677 1009 770 1069; x_wconf 87' lang='lat' dir='ltr'><strong>altera</strong></span> <span class='ocrx_word' id='word_1_48' title='bbox 789 1027 842 1088; x_wconf 86' lang='lat' dir='ltr'><strong>per</strong></span> <span class='ocrx_word' id='word_1_49' title='bbox 865 1029 883 1088; x_wconf 73' lang='lat' dir='ltr'><strong>u</strong></span> <span class='ocrx_word' id='word_1_50' title='bbox 909 1009 1014 1068; x_wconf 85' lang='lat' dir='ltr'><strong>ionica</strong></span> <span class='ocrx_word' id='word_1_51' title='bbox 1036 1007 1091 1069; x_wconf 89' lang='lat' dir='ltr'><strong>ha·</strong></span> 
     </span>
     <span class='ocr_line' id='line_1_7' title="bbox 63 1109 1090 1180; baseline 0.001 -10"><span class='ocrx_word' id='word_1_52' title='bbox 63 1111 163 1180; x_wconf 84' lang='lat' dir='ltr'><strong>banda,</strong></span> <span class='ocrx_word' id='word_1_53' title='bbox 197 1112 298 1173; x_wconf 80' lang='lat' dir='ltr'><strong>altera</strong></span> <span class='ocrx_word' id='word_1_54' title='bbox 321 1112 520 1180; x_wconf 87' lang='lat' dir='ltr'><strong>communia,</strong></span> <span class='ocrx_word' id='word_1_55' title='bbox 551 1111 593 1170; x_wconf 88' lang='lat' dir='ltr'><strong>ita</strong></span> <span class='ocrx_word' id='word_1_56' title='bbox 618 1123 724 1170; x_wconf 90' lang='lat' dir='ltr'><strong>tamen</strong></span> <span class='ocrx_word' id='word_1_57' title='bbox 750 1124 786 1168; x_wconf 92' lang='lat' dir='ltr'><strong>ut</strong></span> <span class='ocrx_word' id='word_1_58' title='bbox 808 1109 918 1170; x_wconf 84' lang='lat' dir='ltr'><strong>Graeci</strong></span> <span class='ocrx_word' id='word_1_59' title='bbox 947 1111 1090 1172; x_wconf 80' lang='lat' dir='ltr'><strong>lotricem</strong></span> 
     </span>
     <span class='ocr_line' id='line_1_8' title="bbox 64 1211 1091 1294; baseline 0.001 -24"><span class='ocrx_word' id='word_1_60' title='bbox 64 1211 248 1292; x_wconf 79' lang='lat' dir='ltr'>praeferrent,</span> <span class='ocrx_word' id='word_1_61' title='bbox 269 1211 450 1294; x_wconf 82' lang='lat' dir='ltr'><strong>praesertim</strong></span> <span class='ocrx_word' id='word_1_62' title='bbox 469 1214 501 1272; x_wconf 92' lang='lat' dir='ltr'><strong>in</strong></span> <span class='ocrx_word' id='word_1_63' title='bbox 519 1212 721 1272; x_wconf 80' lang='lat' dir='ltr'><strong>carminibus.</strong></span> <span class='ocrx_word' id='word_1_64' title='bbox 756 1211 917 1270; x_wconf 84' lang='lat' dir='ltr'><strong>Praeterea</strong></span> <span class='ocrx_word' id='word_1_65' title='bbox 934 1231 971 1270; x_wconf 79' lang='lat' dir='ltr'><strong>err</strong></span> <span class='ocrx_word' id='word_1_66' title='bbox 994 1213 1091 1272; x_wconf 91' lang='lat' dir='ltr'><strong>libro·</strong></span> 
     </span>
     <span class='ocr_line' id='line_1_9' title="bbox 63 1311 1090 1394; baseline 0.003 -23"><span class='ocrx_word' id='word_1_67' title='bbox 63 1333 121 1372; x_wconf 90' lang='lat' dir='ltr'><strong>uun</strong></span> <span class='ocrx_word' id='word_1_68' title='bbox 139 1316 369 1375; x_wconf 81' lang='lat' dir='ltr'><strong>terminatione</strong></span> <span class='ocrx_word' id='word_1_69' title='bbox 389 1313 587 1392; x_wconf 77' lang='lat' dir='ltr'><strong>Caphereum</strong></span> <span class='ocrx_word' id='word_1_70' title='bbox 605 1311 749 1394; x_wconf 83' lang='lat' dir='ltr'><strong>praeferri</strong></span> <span class='ocrx_word' id='word_1_71' title='bbox 767 1311 875 1392; x_wconf 83' lang='lat' dir='ltr'><strong>poffet.</strong></span> <span class='ocrx_word' id='word_1_72' title='bbox 899 1311 988 1372; x_wconf 85' lang='lat' dir='ltr'><strong>niba</strong></span> <span class='ocrx_word' id='word_1_73' title='bbox 1006 1313 1090 1374; x_wconf 77' lang='lat' dir='ltr'><strong>Mela</strong></span> 
     </span>
     <span class='ocr_line' id='line_1_10' title="bbox 66 1410 1091 1494; baseline 0.001 -20"><span class='ocrx_word' id='word_1_74' title='bbox 66 1414 216 1485; x_wconf 84' lang='lat' dir='ltr'><strong>Graecam,</strong></span> <span class='ocrx_word' id='word_1_75' title='bbox 262 1418 403 1478; x_wconf 77' lang='lat' dir='ltr'><strong>maxime</strong></span> <span class='ocrx_word' id='word_1_76' title='bbox 434 1417 468 1476; x_wconf 89' lang='lat' dir='ltr'><strong>in</strong></span> <span class='ocrx_word' id='word_1_77' title='bbox 502 1415 691 1476; x_wconf 80' lang='lat' dir='ltr'><strong>nominibus</strong></span> <span class='ocrx_word' id='word_1_78' title='bbox 721 1415 863 1483; x_wconf 82' lang='lat' dir='ltr'><strong>Graecia,</strong></span> <span class='ocrx_word' id='word_1_79' title='bbox 899 1410 1091 1494; x_wconf 79' lang='lat' dir='ltr'><strong>frequentari</strong></span> 
     </span>
     <span class='ocr_line' id='line_1_11' title="bbox 64 1513 1090 1578; baseline 0.004 -4"><span class='ocrx_word' id='word_1_80' title='bbox 64 1513 210 1578; x_wconf 80' lang='lat' dir='ltr'><strong>constaret.</strong></span> <span class='ocrx_word' id='word_1_81' title='bbox 268 1517 374 1578; x_wconf 80' lang='lat' dir='ltr'><strong>Altera</strong></span> <span class='ocrx_word' id='word_1_82' title='bbox 402 1519 436 1577; x_wconf 90' lang='lat' dir='ltr'><strong>in</strong></span> <span class='ocrx_word' id='word_1_83' title='bbox 459 1537 512 1577; x_wconf 86' lang='lat' dir='ltr'><strong>am</strong></span> <span class='ocrx_word' id='word_1_84' title='bbox 537 1517 659 1577; x_wconf 78' lang='lat' dir='ltr'>redolet</span> <span class='ocrx_word' id='word_1_85' title='bbox 678 1516 864 1577; x_wconf 79' lang='lat' dir='ltr'><strong>recentioris</strong></span> <span class='ocrx_word' id='word_1_86' title='bbox 885 1517 994 1576; x_wconf 74' lang='lat' dir='ltr'><strong>aetatis</strong></span> <span class='ocrx_word' id='word_1_87' title='bbox 1020 1535 1090 1578; x_wconf 90' lang='lat' dir='ltr'><strong>mo·</strong></span> 
     </span>
     <span class='ocr_line' id='line_1_12' title="bbox 64 1614 1092 1698; baseline 0.004 -25"><span class='ocrx_word' id='word_1_88' title='bbox 64 1635 134 1686; x_wconf 84' lang='lat' dir='ltr'><strong>reru,</strong></span> <span class='ocrx_word' id='word_1_89' title='bbox 159 1638 222 1698; x_wconf 91' lang='lat' dir='ltr'><strong>quo</strong></span> <span class='ocrx_word' id='word_1_90' title='bbox 248 1617 427 1679; x_wconf 81' lang='lat' dir='ltr'><strong>accusativo</strong></span> <span class='ocrx_word' id='word_1_91' title='bbox 448 1617 566 1680; x_wconf 87' lang='lat' dir='ltr'><strong>Graeco</strong></span> <span class='ocrx_word' id='word_1_92' title='bbox 590 1619 622 1676; x_wconf 92' lang='lat' dir='ltr'><strong>in</strong></span> <span class='ocrx_word' id='word_1_93' title='bbox 644 1638 666 1676; x_wconf 86' lang='lat' dir='ltr'><em>a</em></span> <span class='ocrx_word' id='word_1_94' title='bbox 687 1617 867 1696; x_wconf 79' lang='lat' dir='ltr'><strong>adpendere</strong></span> <span class='ocrx_word' id='word_1_95' title='bbox 888 1614 1026 1676; x_wconf 81' lang='lat' dir='ltr'><strong>solebant</strong></span> <span class='ocrx_word' id='word_1_96' title='bbox 1050 1638 1092 1689; x_wconf 84' lang='lat' dir='ltr'><strong>m,</strong></span> 
     </span>
     <span class='ocr_line' id='line_1_13' title="bbox 64 1717 1091 1808; baseline 0.007 -35"><span class='ocrx_word' id='word_1_97' title='bbox 64 1717 194 1798; x_wconf 76' lang='lat' dir='ltr'><strong>idemque</strong></span> <span class='ocrx_word' id='word_1_98' title='bbox 210 1721 348 1801; x_wconf 80' lang='lat' dir='ltr'><strong>optimis</strong></span> <span class='ocrx_word' id='word_1_99' title='bbox 363 1721 458 1780; x_wconf 85' lang='lat' dir='ltr'><strong>etiam</strong></span> <span class='ocrx_word' id='word_1_100' title='bbox 476 1718 661 1781; x_wconf 84' lang='lat' dir='ltr'><strong>auctoribue</strong></span> <span class='ocrx_word' id='word_1_101' title='bbox 676 1718 859 1808; x_wconf 85' lang='lat' dir='ltr'><strong>obtrudere.</strong></span> <span class='ocrx_word' id='word_1_102' title='bbox 890 1719 961 1782; x_wconf 89' lang='lat' dir='ltr'><strong>Vid.</strong></span> <span class='ocrx_word' id='word_1_103' title='bbox 976 1717 1043 1780; x_wconf 90' lang='lat' dir='ltr'><strong>Vol.</strong></span> <span class='ocrx_word' id='word_1_104' title='bbox 1058 1735 1091 1780; x_wconf 77' lang='lat' dir='ltr'><strong>e.</strong></span> 
     </span>
     <span class='ocr_line' id='line_1_14' title="bbox 65 1819 511 1900; baseline 0.013 -21"><span class='ocrx_word' id='word_1_105' title='bbox 65 1819 95 1876; x_wconf 81' lang='lat' dir='ltr'><strong>ad</strong></span> <span class='ocrx_word' id='word_1_106' title='bbox 114 1835 143 1888; x_wconf 78' lang='lat'><strong>2,</strong></span> <span class='ocrx_word' id='word_1_107' title='bbox 166 1833 199 1900; x_wconf 88' lang='lat'><strong>5,</strong></span> <span class='ocrx_word' id='word_1_108' title='bbox 225 1837 259 1886; x_wconf 89' lang='lat'><strong>2.</strong></span> <span class='ocrx_word' id='word_1_109' title='bbox 290 1823 330 1882; x_wconf 87' lang='lat' dir='ltr'><strong>de</strong></span> <span class='ocrx_word' id='word_1_110' title='bbox 351 1819 511 1886; x_wconf 86' lang='lat' dir='ltr'><strong>Narbone.</strong></span> 
     </span>
    </p>
   </div>
   <div class='ocr_carea' id='block_1_3' title="bbox 69 2019 1131 3098">
    <p class='ocr_par' dir='ltr' id='par_1_3' title="bbox 69 2019 1131 3098">
     <span class='ocr_line' id='line_1_15' title="bbox 130 2019 1094 2106; baseline 0.002 -24"><span class='ocrx_word' id='word_1_111' title='bbox 130 2019 359 2104; x_wconf 87' lang='lat' dir='ltr'><strong>Cenaeum)</strong></span> <span class='ocrx_word' id='word_1_112' title='bbox 410 2023 545 2086; x_wconf 75' lang='lat' dir='ltr'><strong>codices</strong></span> <span class='ocrx_word' id='word_1_113' title='bbox 567 2025 720 2106; x_wconf 85' lang='lat' dir='ltr'><strong>plerique.</strong></span> <span class='ocrx_word' id='word_1_114' title='bbox 745 2023 834 2084; x_wconf 86' lang='lat' dir='ltr'><strong>velut</strong></span> <span class='ocrx_word' id='word_1_115' title='bbox 855 2022 1007 2092; x_wconf 83' lang='lat' dir='ltr'><strong>Vaticani,</strong></span> <span class='ocrx_word' id='word_1_116' title='bbox 1032 2021 1094 2084; x_wconf 77' lang='lat' dir='ltr'><strong>Pr·</strong></span> 
     </span>
     <span class='ocr_line' id='line_1_16' title="bbox 69 2119 1094 2210; baseline 0.006 -32"><span class='ocrx_word' id='word_1_117' title='bbox 69 2119 201 2192; x_wconf 74' lang='lat' dir='ltr'><strong>utentes,</strong></span> <span class='ocrx_word' id='word_1_118' title='bbox 227 2126 340 2188; x_wconf 89' lang='lat' dir='ltr'><strong>Cibin.</strong></span> <span class='ocrx_word' id='word_1_119' title='bbox 361 2125 443 2207; x_wconf 85' lang='lat' dir='ltr'><strong>Lips.</strong></span> <span class='ocrx_word' id='word_1_120' title='bbox 470 2127 643 2210; x_wconf 82' lang='lat' dir='ltr'><strong>liehdiger.</strong></span> <span class='ocrx_word' id='word_1_121' title='bbox 665 2127 782 2186; x_wconf 86' lang='lat' dir='ltr'><strong>habent</strong></span> <span class='ocrx_word' id='word_1_122' title='bbox 801 2125 981 2196; x_wconf 57' lang='lat' dir='ltr'><strong>Corinaeum</strong></span> <span class='ocrx_word' id='word_1_123' title='bbox 1004 2123 1094 2186; x_wconf 85' lang='lat' dir='ltr'><strong>Ciac·</strong></span> 
     </span>
     <span class='ocr_line' id='line_1_17' title="bbox 71 2225 1095 2311; baseline 0.005 -32"><span class='ocrx_word' id='word_1_124' title='bbox 71 2241 129 2282; x_wconf 88' lang='lat' dir='ltr'><strong>con.</strong></span> <span class='ocrx_word' id='word_1_125' title='bbox 158 2225 365 2298; x_wconf 72' lang='lat' dir='ltr'><strong>Caenonem,-</strong></span> <span class='ocrx_word' id='word_1_126' title='bbox 406 2227 544 2288; x_wconf 90' lang='lat' dir='ltr'><strong>Vindob.</strong></span> <span class='ocrx_word' id='word_1_127' title='bbox 574 2229 765 2299; x_wconf 63' lang='lat' dir='ltr'><strong>&amp;erroreum</strong></span> <span class='ocrx_word' id='word_1_128' title='bbox 806 2225 898 2311; x_wconf 86' lang='lat' dir='ltr'><strong>Prag.</strong></span> <span class='ocrx_word' id='word_1_129' title='bbox 926 2227 1095 2298; x_wconf 84' lang='lat' dir='ltr'><strong>eauuium,·</strong></span> 
     </span>
     <span class='ocr_line' id='line_1_18' title="bbox 70 2320 1094 2405; baseline 0.006 -25"><span class='ocrx_word' id='word_1_130' title='bbox 70 2320 168 2397; x_wconf 72' lang='lat' dir='ltr'><strong>Venet.</strong></span> <span class='ocrx_word' id='word_1_131' title='bbox 198 2347 373 2398; x_wconf 57' lang='lat' dir='ltr'><strong>carrucarum</strong></span> <span class='ocrx_word' id='word_1_132' title='bbox 414 2327 497 2390; x_wconf 84' lang='lat' dir='ltr'><strong>(iud.</strong></span> <span class='ocrx_word' id='word_1_133' title='bbox 521 2349 669 2390; x_wconf 85' lang='lat' dir='ltr'><strong>caunum.</strong></span> <span class='ocrx_word' id='word_1_134' title='bbox 721 2329 803 2390; x_wconf 87' lang='lat' dir='ltr'><strong>Edd.</strong></span> <span class='ocrx_word' id='word_1_135' title='bbox 835 2349 863 2389; x_wconf 88' lang='lat' dir='ltr'><strong>r.</strong></span> <span class='ocrx_word' id='word_1_136' title='bbox 891 2343 923 2388; x_wconf 80' lang='lat'><strong>2.</strong></span> <span class='ocrx_word' id='word_1_137' title='bbox 947 2344 981 2405; x_wconf 90' lang='lat'><strong>9.</strong></span> <span class='ocrx_word' id='word_1_138' title='bbox 1011 2325 1094 2388; x_wconf 80' lang='lat' dir='ltr'><strong>Cau·</strong></span> 
     </span>
     <span class='ocr_line' id='line_1_19' title="bbox 71 2427 1094 2508; baseline -0.009 -9"><span class='ocrx_word' id='word_1_139' title='bbox 71 2441 162 2498; x_wconf 59' lang='lat' dir='ltr'><strong>mimi</strong></span> <span class='ocrx_word' id='word_1_140' title='bbox 196 2443 228 2506; x_wconf 78' lang='lat'><strong>3·</strong></span> <span class='ocrx_word' id='word_1_141' title='bbox 254 2441 290 2508; x_wconf 76' lang='grc'><strong>4.</strong></span> <span class='ocrx_word' id='word_1_142' title='bbox 312 2443 346 2506; x_wconf 85' lang='lat'><strong>5.</strong></span> <span class='ocrx_word' id='word_1_143' title='bbox 369 2430 459 2508; x_wconf 69' lang='lat'><strong>6.‘7.</strong></span> <span class='ocrx_word' id='word_1_144' title='bbox 485 2441 518 2504; x_wconf 82' lang='lat'><strong>8.</strong></span> <span class='ocrx_word' id='word_1_145' title='bbox 550 2450 604 2492; x_wconf 87' lang='grc' dir='ltr'><strong>ιο.</strong></span> <span class='ocrx_word' id='word_1_146' title='bbox 628 2449 681 2492; x_wconf 85' lang='lat' dir='ltr'><strong>tl.</strong></span> <span class='ocrx_word' id='word_1_147' title='bbox 706 2447 760 2492; x_wconf 75' lang='lat' dir='ltr'><strong>to.</strong></span> <span class='ocrx_word' id='word_1_148' title='bbox 784 2429 994 2497; x_wconf 83' lang='lat' dir='ltr'><strong>Camertinae.</strong></span> <span class='ocrx_word' id='word_1_149' title='bbox 1022 2427 1094 2490; x_wconf 77' lang='lat' dir='ltr'><strong>ald.</strong></span> 
     </span>
     <span class='ocr_line' id='line_1_20' title="bbox 72 2523 1095 2604; baseline 0.007 -21"><span class='ocrx_word' id='word_1_150' title='bbox 72 2523 144 2587; x_wconf 85' lang='lat' dir='ltr'><strong>lunt.</strong></span> <span class='ocrx_word' id='word_1_151' title='bbox 167 2531 333 2602; x_wconf 81' lang='lat' dir='ltr'><strong>Cnrrrurnr3</strong></span> <span class='ocrx_word' id='word_1_152' title='bbox 361 2531 527 2600; x_wconf 80' lang='lat' dir='ltr'><strong>Vedianae,</strong></span> <span class='ocrx_word' id='word_1_153' title='bbox 554 2531 753 2592; x_wconf 85' lang='lat' dir='ltr'><strong>Oliverianae</strong></span> <span class='ocrx_word' id='word_1_154' title='bbox 771 2551 843 2590; x_wconf 91' lang='lat' dir='ltr'><strong>curn</strong></span> <span class='ocrx_word' id='word_1_155' title='bbox 864 2530 933 2600; x_wconf 82' lang='lat' dir='ltr'><strong>suis,</strong></span> <span class='ocrx_word' id='word_1_156' title='bbox 960 2547 1016 2592; x_wconf 74' lang='lat' dir='ltr'><strong>or.</strong></span> <span class='ocrx_word' id='word_1_157' title='bbox 1036 2539 1095 2604; x_wconf 79' lang='lat'><strong>28.</strong></span> 
     </span>
     <span class='ocr_line' id='line_1_21' title="bbox 73 2623 1096 2710; baseline 0.006 -28"><span class='ocrx_word' id='word_1_158' title='bbox 73 2623 207 2692; x_wconf 77' lang='lat' dir='ltr'><strong>schottus</strong></span> <span class='ocrx_word' id='word_1_159' title='bbox 236 2632 410 2702; x_wconf 83' lang='lat' dir='ltr'><strong>Coerreum;</strong></span> <span class='ocrx_word' id='word_1_160' title='bbox 452 2645 505 2710; x_wconf 77' lang='lat'><strong>15.</strong></span> <span class='ocrx_word' id='word_1_161' title='bbox 533 2631 678 2694; x_wconf 75' lang='lat' dir='ltr'><strong>Getieum.</strong></span> <span class='ocrx_word' id='word_1_162' title='bbox 731 2633 792 2693; x_wconf 84' lang='lat' dir='ltr'><strong>Sed</strong></span> <span class='ocrx_word' id='word_1_163' title='bbox 817 2645 901 2693; x_wconf 86' lang='lat' dir='ltr'><strong>recte</strong></span> <span class='ocrx_word' id='word_1_164' title='bbox 926 2641 1096 2690; x_wconf 83' lang='lat' dir='ltr'><strong>monuerat</strong></span> 
     </span>
     <span class='ocr_line' id='line_1_22' title="bbox 74 2721 1095 2815; baseline 0.01 -33"><span class='ocrx_word' id='word_1_165' title='bbox 74 2721 234 2802; x_wconf 86' lang='lat' dir='ltr'><strong>Pintiauue,</strong></span> <span class='ocrx_word' id='word_1_166' title='bbox 261 2733 461 2794; x_wconf 84' lang='lat' dir='ltr'><strong>scribendum</strong></span> <span class='ocrx_word' id='word_1_167' title='bbox 478 2733 537 2794; x_wconf 84' lang='lat' dir='ltr'><strong>elie</strong></span> <span class='ocrx_word' id='word_1_168' title='bbox 556 2733 709 2794; x_wconf 82' lang='lat' dir='ltr'><strong>Cenaeum</strong></span> <span class='ocrx_word' id='word_1_169' title='bbox 726 2753 762 2792; x_wconf 91' lang='lat' dir='ltr'><strong>ex</strong></span> <span class='ocrx_word' id='word_1_170' title='bbox 778 2734 932 2794; x_wconf 82' lang='lat' dir='ltr'><strong>Strabone</strong></span> <span class='ocrx_word' id='word_1_171' title='bbox 949 2725 1021 2815; x_wconf 85' lang='lat' dir='ltr'><strong>[lib.</strong></span> <span class='ocrx_word' id='word_1_172' title='bbox 1040 2751 1095 2792; x_wconf 87' lang='lat' dir='ltr'><strong>tu.</strong></span> 
     </span>
     <span class='ocr_line' id='line_1_23' title="bbox 74 2821 1095 2920; baseline 0.007 -32"><span class='ocrx_word' id='word_1_173' title='bbox 74 2821 129 2912; x_wconf 76' lang='lat' dir='ltr'><strong>iu]</strong></span> <span class='ocrx_word' id='word_1_174' title='bbox 151 2846 181 2890; x_wconf 88' lang='lat' dir='ltr'><strong>et</strong></span> <span class='ocrx_word' id='word_1_175' title='bbox 203 2833 403 2902; x_wconf 82' lang='lat' dir='ltr'><strong>Ptolemaeo.</strong></span> <span class='ocrx_word' id='word_1_176' title='bbox 431 2830 484 2918; x_wconf 77' lang='lat'><strong>[3.</strong></span> <span class='ocrx_word' id='word_1_177' title='bbox 517 2829 593 2920; x_wconf 79' lang='lat'><strong>15.]</strong></span> <span class='ocrx_word' id='word_1_178' title='bbox 623 2836 655 2892; x_wconf 94' lang='lat' dir='ltr'><strong>in</strong></span> <span class='ocrx_word' id='word_1_179' title='bbox 679 2833 794 2914; x_wconf 84' lang='lat' dir='ltr'><strong>‹pribus</strong></span> <span class='ocrx_word' id='word_1_180' title='bbox 819 2835 932 2917; x_wconf 80' lang='lat' dir='ltr'><strong>legitur</strong></span> <span class='ocrx_word' id='word_1_181' title='bbox 955 2828 1095 2914; x_wconf 68' lang='lat' dir='ltr'><strong>liqueret</strong></span> 
     </span>
     <span class='ocr_line' id='line_1_24' title="bbox 77 2916 1131 3018; baseline 0.001 -25"><span class='ocrx_word' id='word_1_182' title='bbox 77 2916 172 3007; x_wconf 68' lang='grc' dir='ltr'><strong>ὅκρον.</strong></span> <span class='ocrx_word' id='word_1_183' title='bbox 225 2936 267 2994; x_wconf 88' lang='lat' dir='ltr'><strong>Et</strong></span> <span class='ocrx_word' id='word_1_184' title='bbox 289 2935 328 2996; x_wconf 82' lang='lat' dir='ltr'><strong>sac</strong></span> <span class='ocrx_word' id='word_1_185' title='bbox 350 2933 453 3015; x_wconf 74' lang='lat' dir='ltr'><strong>profuit</strong></span> <span class='ocrx_word' id='word_1_186' title='bbox 472 2937 604 2996; x_wconf 85' lang='lat' dir='ltr'><strong>Vinetue</strong></span> <span class='ocrx_word' id='word_1_187' title='bbox 627 2935 742 3016; x_wconf 86' lang='lat' dir='ltr'><strong>etpost</strong></span> <span class='ocrx_word' id='word_1_188' title='bbox 764 2957 839 2998; x_wconf 86' lang='lat' dir='ltr'><strong>euru</strong></span> <span class='ocrx_word' id='word_1_189' title='bbox 857 2932 988 3004; x_wconf 80' lang='lat' dir='ltr'><strong>Vossius,</strong></span> <span class='ocrx_word' id='word_1_190' title='bbox 1016 2933 1097 2994; x_wconf 87' lang='lat' dir='ltr'><strong>Gro-</strong></span> <span class='ocrx_word' id='word_1_191' title='bbox 1128 3011 1131 3018; x_wconf 29' lang='grc' dir='ltr'>Ι</span> 
     </span>
     <span class='ocr_line' id='line_1_25' title="bbox 75 3033 733 3098; baseline 0.015 -10"><span class='ocrx_word' id='word_1_192' title='bbox 75 3033 152 3090; x_wconf 80' lang='lat' dir='ltr'><strong>taurii</strong></span> <span class='ocrx_word' id='word_1_193' title='bbox 171 3047 203 3095; x_wconf 92' lang='lat' dir='ltr'><strong>et</strong></span> <span class='ocrx_word' id='word_1_194' title='bbox 222 3037 289 3098; x_wconf 89' lang='lat' dir='ltr'><strong>alii.</strong></span> <span class='ocrx_word' id='word_1_195' title='bbox 327 3035 421 3097; x_wconf 88' lang='lat' dir='ltr'><strong>Nulla</strong></span> <span class='ocrx_word' id='word_1_196' title='bbox 442 3035 541 3098; x_wconf 85' lang='lat' dir='ltr'><strong>obstat</strong></span> <span class='ocrx_word' id='word_1_197' title='bbox 562 3035 733 3098; x_wconf 73' lang='lat' dir='ltr'><strong>dubitatio.</strong></span> 
     </span>
    </p>
   </div>
   <div class='ocr_carea' id='block_1_4' title="bbox 77 3236 1099 4240">
    <p class='ocr_par' dir='ltr' id='par_1_4' title="bbox 77 3236 1099 4240">
     <span class='ocr_line' id='line_1_26' title="bbox 140 3236 1098 3323; baseline 0.008 -31"><span class='ocrx_word' id='word_1_198' title='bbox 140 3237 359 3320; x_wconf 74' lang='lat' dir='ltr'><strong>extrudit)</strong></span> <span class='ocrx_word' id='word_1_199' title='bbox 409 3239 501 3323; x_wconf 83' lang='lat' dir='ltr'><strong>Prag.</strong></span> <span class='ocrx_word' id='word_1_200' title='bbox 532 3237 694 3302; x_wconf 77' lang='lat' dir='ltr'><strong>extendat.</strong></span> <span class='ocrx_word' id='word_1_201' title='bbox 745 3240 831 3300; x_wconf 88' lang='lat' dir='ltr'><strong>Tum</strong></span> <span class='ocrx_word' id='word_1_202' title='bbox 866 3236 949 3319; x_wconf 84' lang='lat' dir='ltr'><strong>Lipi.</strong></span> <span class='ocrx_word' id='word_1_203' title='bbox 982 3257 1040 3320; x_wconf 93' lang='lat' dir='ltr'><strong>pro</strong></span> <span class='ocrx_word' id='word_1_204' title='bbox 1066 3249 1098 3300; x_wconf 81' lang='lat' dir='ltr'><strong>er</strong></span> 
     </span>
     <span class='ocr_line' id='line_1_27' title="bbox 77 3340 1096 3423; baseline 0.008 -33"><span class='ocrx_word' id='word_1_205' title='bbox 77 3347 216 3414; x_wconf 80' lang='lat' dir='ltr'><strong>nusquam</strong></span> <span class='ocrx_word' id='word_1_206' title='bbox 237 3342 308 3401; x_wconf 83' lang='lat' dir='ltr'><strong>iata</strong></span> <span class='ocrx_word' id='word_1_207' title='bbox 330 3341 459 3423; x_wconf 82' lang='lat' dir='ltr'><strong>praebet</strong></span> <span class='ocrx_word' id='word_1_208' title='bbox 479 3343 570 3401; x_wconf 88' lang='lat' dir='ltr'><strong>Euos</strong></span> <span class='ocrx_word' id='word_1_209' title='bbox 591 3363 685 3422; x_wconf 71' lang='lat' dir='ltr'><strong>qurum</strong></span> <span class='ocrx_word' id='word_1_210' title='bbox 709 3340 796 3412; x_wconf 82' lang='lat' dir='ltr'>lara,</span> <span class='ocrx_word' id='word_1_211' title='bbox 828 3342 976 3421; x_wconf 79' lang='lat' dir='ltr'><strong>idemque</strong></span> <span class='ocrx_word' id='word_1_212' title='bbox 999 3343 1096 3401; x_wconf 87' lang='lat' dir='ltr'><strong>etiam</strong></span> 
     </span>
     <span class='ocr_line' id='line_1_28' title="bbox 78 3428 1096 3524; baseline 0.014 -38"><span class='ocrx_word' id='word_1_213' title='bbox 78 3428 105 3488; x_wconf 88' lang='lat' dir='ltr'><strong>iu</strong></span> <span class='ocrx_word' id='word_1_214' title='bbox 120 3442 253 3521; x_wconf 85' lang='lat' dir='ltr'><strong>margine</strong></span> <span class='ocrx_word' id='word_1_215' title='bbox 270 3445 384 3524; x_wconf 86' lang='lat' dir='ltr'><strong>repetit</strong></span> <span class='ocrx_word' id='word_1_216' title='bbox 401 3443 501 3503; x_wconf 82' lang='lat' dir='ltr'><strong>Error.</strong></span> <span class='ocrx_word' id='word_1_217' title='bbox 543 3444 654 3502; x_wconf 83' lang='lat' dir='ltr'><strong>Verret.</strong></span> <span class='ocrx_word' id='word_1_218' title='bbox 677 3445 774 3504; x_wconf 85' lang='lat' dir='ltr'><strong>Varie.</strong></span> <span class='ocrx_word' id='word_1_219' title='bbox 794 3457 827 3520; x_wconf 84' lang='lat'><strong>3.</strong></span> <span class='ocrx_word' id='word_1_220' title='bbox 848 3444 978 3503; x_wconf 80' lang='lat' dir='ltr'><strong>Ethrros</strong></span> <span class='ocrx_word' id='word_1_221' title='bbox 999 3461 1096 3524; x_wconf 84' lang='lat' dir='ltr'><strong>quam</strong></span> 
     </span>
     <span class='ocr_line' id='line_1_29' title="bbox 80 3527 1096 3626; baseline -0.01 -18"><span class='ocrx_word' id='word_1_222' title='bbox 80 3527 154 3607; x_wconf 61' lang='lat' dir='ltr'><strong>lum</strong></span> <span class='ocrx_word' id='word_1_223' title='bbox 182 3539 272 3626; x_wconf 84' lang='lat' dir='ltr'><strong>Prag.</strong></span> <span class='ocrx_word' id='word_1_224' title='bbox 298 3545 425 3604; x_wconf 73' lang='lat' dir='ltr'><strong>Ethrros</strong></span> <span class='ocrx_word' id='word_1_225' title='bbox 448 3544 536 3616; x_wconf 74' lang='lat' dir='ltr'><strong>lata3</strong></span> <span class='ocrx_word' id='word_1_226' title='bbox 572 3543 656 3606; x_wconf 82' lang='lat' dir='ltr'><strong>Gud.</strong></span> <span class='ocrx_word' id='word_1_227' title='bbox 675 3544 845 3626; x_wconf 77' lang='lat' dir='ltr'><strong>Rebdiger.</strong></span> <span class='ocrx_word' id='word_1_228' title='bbox 870 3557 979 3614; x_wconf 71' lang='lat' dir='ltr'><strong>eteros</strong></span> <span class='ocrx_word' id='word_1_229' title='bbox 1000 3563 1096 3622; x_wconf 84' lang='lat' dir='ltr'><strong>quum</strong></span> 
     </span>
     <span class='ocr_line' id='line_1_30' title="bbox 80 3627 1093 3730; baseline 0 -30"><span class='ocrx_word' id='word_1_230' title='bbox 80 3627 148 3697; x_wconf 65' lang='lat'><strong>¹⁶20.-</strong></span> <span class='ocrx_word' id='word_1_231' title='bbox 183 3643 218 3701; x_wconf 93' lang='lat' dir='ltr'><strong>ln</strong></span> <span class='ocrx_word' id='word_1_232' title='bbox 235 3645 342 3730; x_wconf 82' lang='lat' dir='ltr'><strong>Cibin.</strong></span> <span class='ocrx_word' id='word_1_233' title='bbox 366 3659 396 3706; x_wconf 84' lang='lat' dir='ltr'><strong>et</strong></span> <span class='ocrx_word' id='word_1_234' title='bbox 419 3667 572 3726; x_wconf 79' lang='lat' dir='ltr'><strong>nusquam</strong></span> <span class='ocrx_word' id='word_1_235' title='bbox 594 3645 705 3705; x_wconf 81' lang='lat' dir='ltr'><strong>latum.</strong></span> <span class='ocrx_word' id='word_1_236' title='bbox 745 3648 822 3705; x_wconf 85' lang='lat' dir='ltr'><strong>inde</strong></span> <span class='ocrx_word' id='word_1_237' title='bbox 850 3645 985 3726; x_wconf 79' lang='lat' dir='ltr'><strong>iiehdig.</strong></span> <span class='ocrx_word' id='word_1_238' title='bbox 1009 3643 1093 3704; x_wconf 81' lang='lat' dir='ltr'><strong>(iud.</strong></span> 
     </span>
     <span class='ocr_line' id='line_1_31' title="bbox 83 3729 1096 3834; baseline 0.011 -46"><span class='ocrx_word' id='word_1_239' title='bbox 83 3729 175 3799; x_wconf 88' lang='lat' dir='ltr'><strong>Cibin.</strong></span> <span class='ocrx_word' id='word_1_240' title='bbox 197 3739 367 3834; x_wconf 78' lang='lat' dir='ltr'><strong>artiffimn3</strong></span> <span class='ocrx_word' id='word_1_241' title='bbox 402 3747 510 3808; x_wconf 89' lang='lat' dir='ltr'><strong>Cibin.</strong></span> <span class='ocrx_word' id='word_1_242' title='bbox 533 3748 627 3808; x_wconf 82' lang='lat' dir='ltr'><strong>etiarn</strong></span> <span class='ocrx_word' id='word_1_243' title='bbox 651 3766 708 3828; x_wconf 93' lang='lat' dir='ltr'><strong>pro</strong></span> <span class='ocrx_word' id='word_1_244' title='bbox 736 3743 787 3806; x_wconf 82' lang='lat' dir='ltr'><strong>ubi</strong></span> <span class='ocrx_word' id='word_1_245' title='bbox 808 3743 907 3806; x_wconf 80' lang='lat' dir='ltr'><strong>adfert</strong></span> <span class='ocrx_word' id='word_1_246' title='bbox 932 3760 978 3806; x_wconf 88' lang='lat' dir='ltr'><strong>ut.</strong></span> <span class='ocrx_word' id='word_1_247' title='bbox 1035 3745 1096 3805; x_wconf 86' lang='lat' dir='ltr'><strong>Pro</strong></span> 
     </span>
     <span class='ocr_line' id='line_1_32' title="bbox 81 3828 1097 3928; baseline 0.017 -41"><span class='ocrx_word' id='word_1_248' title='bbox 81 3828 215 3902; x_wconf 80' lang='lat' dir='ltr'><strong>Boeotiae</strong></span> <span class='ocrx_word' id='word_1_249' title='bbox 229 3849 353 3910; x_wconf 82' lang='lat' dir='ltr'><strong>codices</strong></span> <span class='ocrx_word' id='word_1_250' title='bbox 371 3849 473 3915; x_wconf 82' lang='lat' dir='ltr'><strong>multi.</strong></span> <span class='ocrx_word' id='word_1_251' title='bbox 502 3851 533 3908; x_wconf 92' lang='lat' dir='ltr'><strong>in</strong></span> <span class='ocrx_word' id='word_1_252' title='bbox 553 3849 591 3908; x_wconf 81' lang='lat' dir='ltr'><strong>iia</strong></span> <span class='ocrx_word' id='word_1_253' title='bbox 608 3849 715 3910; x_wconf 78' lang='lat' dir='ltr'><strong>Cibin.</strong></span> <span class='ocrx_word' id='word_1_254' title='bbox 735 3849 758 3906; x_wconf 88' lang='lat' dir='ltr'>V</span> <span class='ocrx_word' id='word_1_255' title='bbox 764 3848 874 3908; x_wconf 89' lang='lat' dir='ltr'><strong>indob.</strong></span> <span class='ocrx_word' id='word_1_256' title='bbox 899 3845 989 3928; x_wconf 83' lang='lat' dir='ltr'><strong>Prag.</strong></span> <span class='ocrx_word' id='word_1_257' title='bbox 1016 3841 1097 3925; x_wconf 84' lang='lat' dir='ltr'><strong>Lipi.</strong></span> 
     </span>
     <span class='ocr_line' id='line_1_33' title="bbox 86 3930 1098 4032; baseline 0.006 -26"><span class='ocrx_word' id='word_1_258' title='bbox 86 3930 157 3999; x_wconf 67' lang='lat' dir='ltr'><strong>Gud·</strong></span> <span class='ocrx_word' id='word_1_259' title='bbox 179 3943 345 4032; x_wconf 79' lang='lat' dir='ltr'><strong>liehdiger.</strong></span> <span class='ocrx_word' id='word_1_260' title='bbox 368 3970 442 4010; x_wconf 83' lang='lat' dir='ltr'><strong>curn</strong></span> <span class='ocrx_word' id='word_1_261' title='bbox 465 3951 538 4012; x_wconf 85' lang='lat' dir='ltr'><strong>eriri.</strong></span> <span class='ocrx_word' id='word_1_262' title='bbox 562 3973 588 4012; x_wconf 88' lang='lat' dir='ltr'><strong>a.</strong></span> <span class='ocrx_word' id='word_1_263' title='bbox 614 3949 657 4011; x_wconf 74' lang='lat'><strong>2?</strong></span> <span class='ocrx_word' id='word_1_264' title='bbox 679 3963 710 4026; x_wconf 80' lang='lat'><strong>3.</strong></span> <span class='ocrx_word' id='word_1_265' title='bbox 727 3963 761 4027; x_wconf 69' lang='lat' dir='ltr'><strong>lq.</strong></span> <span class='ocrx_word' id='word_1_266' title='bbox 780 3961 812 4024; x_wconf 87' lang='lat'><strong>5.</strong></span> <span class='ocrx_word' id='word_1_267' title='bbox 832 3950 865 4011; x_wconf 87' lang='grc'><strong>6.</strong></span> <span class='ocrx_word' id='word_1_268' title='bbox 886 3963 917 4017; x_wconf 81' lang='grc'><strong>7.</strong></span> <span class='ocrx_word' id='word_1_269' title='bbox 940 3959 973 4024; x_wconf 82' lang='grc'><strong>8.</strong></span> <span class='ocrx_word' id='word_1_270' title='bbox 991 3966 1025 4009; x_wconf 92' lang='grc'><strong>(.</strong></span> <span class='ocrx_word' id='word_1_271' title='bbox 1053 3974 1098 3990; x_wconf 67' lang='lat'><strong>⁶·</strong></span> 
     </span>
     <span class='ocr_line' id='line_1_34' title="bbox 83 4029 1099 4132; baseline 0.018 -44"><span class='ocrx_word' id='word_1_272' title='bbox 83 4029 193 4111; x_wconf 72' lang='lat' dir='ltr'><strong>Boane,</strong></span> <span class='ocrx_word' id='word_1_273' title='bbox 221 4050 368 4121; x_wconf 82' lang='lat' dir='ltr'><strong>Boetiae,</strong></span> <span class='ocrx_word' id='word_1_274' title='bbox 396 4053 546 4121; x_wconf 80' lang='lat' dir='ltr'><strong>Buecr‘oe,</strong></span> <span class='ocrx_word' id='word_1_275' title='bbox 573 4072 651 4132; x_wconf 86' lang='lat' dir='ltr'><strong>quae</strong></span> <span class='ocrx_word' id='word_1_276' title='bbox 682 4053 742 4110; x_wconf 88' lang='lat' dir='ltr'><strong>iarn</strong></span> <span class='ocrx_word' id='word_1_277' title='bbox 766 4048 944 4110; x_wconf 82' lang='lat' dir='ltr'><strong>adfuerunt.</strong></span> <span class='ocrx_word' id='word_1_278' title='bbox 1000 4050 1099 4108; x_wconf 78' lang='lat' dir='ltr'><strong>Antea</strong></span> 
     </span>
     <span class='ocr_line' id='line_1_35' title="bbox 85 4135 1098 4240; baseline 0.011 -43"><span class='ocrx_word' id='word_1_279' title='bbox 85 4135 186 4202; x_wconf 71' lang='lat' dir='ltr'><strong>mutum</strong></span> <span class='ocrx_word' id='word_1_280' title='bbox 215 4151 288 4214; x_wconf 89' lang='lat' dir='ltr'><strong>dant</strong></span> <span class='ocrx_word' id='word_1_281' title='bbox 313 4156 410 4216; x_wconf 87' lang='lat' dir='ltr'><strong>etiarn</strong></span> <span class='ocrx_word' id='word_1_282' title='bbox 442 4153 528 4220; x_wconf 86' lang='lat' dir='ltr'><strong>Gud.</strong></span> <span class='ocrx_word' id='word_1_283' title='bbox 561 4153 645 4238; x_wconf 84' lang='lat' dir='ltr'><strong>Lipi&#39;.</strong></span> <span class='ocrx_word' id='word_1_284' title='bbox 677 4156 784 4218; x_wconf 79' lang='lat' dir='ltr'><strong>Cibin.</strong></span> <span class='ocrx_word' id='word_1_285' title='bbox 809 4166 842 4240; x_wconf 79' lang='lat' dir='ltr'><strong>et</strong></span> <span class='ocrx_word' id='word_1_286' title='bbox 872 4153 925 4214; x_wconf 87' lang='lat' dir='ltr'><strong>aiii</strong></span> <span class='ocrx_word' id='word_1_287' title='bbox 958 4151 1098 4232; x_wconf 84' lang='lat' dir='ltr'><strong>quidem,</strong></span> 
     </span>
    </p>
   </div>
   <div class='ocr_carea' id='block_1_5' title="bbox 0 0 1457 4944">
    <p class='ocr_par' dir='ltr' id='par_1_5' title="bbox 0 0 1457 4944">
     <span class='ocr_line' id='line_1_36' title="bbox 0 0 1457 4944; baseline 0 0"><span class='ocrx_word' id='word_1_288' title='bbox 0 0 1457 4944; x_wconf 95' lang='lat' dir='ltr'><strong> </strong></span> 
     </span>
    </p>
   </div>
  </div>
 </body>
</html>
