2788 4942
300 417 343 490 64
596 411 848 474 eontuoun
892 417 1059 471 utum

306 585 415 646 lmmo
435 603 473 646 ex
495 583 682 650 Ptolemaeo
702 587 887 652 Tuboricum
907 591 1021 673 reponi
1042 589 1154 660 debet,
1181 589 1229 650 uti
1246 588 1336 650 etiam

306 685 341 746 in
368 707 446 746 van.
472 710 510 748 an
535 709 573 750 ex
598 690 668 752 MS.
692 691 822 760 dubito.
855 705 946 754 notat
964 693 1015 752 ed.
1036 709 1091 771 29.
1144 694 1192 752 lta
1214 691 1338 771 quidem

306 787 369 850 hoc
393 791 517 850 adiecto
540 793 736 875 cognomine
758 813 775 854 a
806 793 905 854 Tritio
934 793 1072 854 Metullo
1099 793 1265 876 distinguit
1288 791 1339 850 fitu

305 891 402 950 etiam
429 889 554 953 diverso
586 895 753 976 oppidum.
809 897 880 956 Vid.
909 895 1092 979 Welleling.
1123 895 1163 954 ad
1190 893 1337 954 Antonin.

307 1010 340 1076 p.
362 1001 445 1070 394.
475 995 591 1075 inquo
614 997 794 1078 {impliciter
815 998 876 1067 illa,
899 1011 1025 1058 tantum
1042 999 1099 1057 situ
1114 993 1252 1064 diverso,
1277 1011 1340 1075 pto·

308 1094 427 1166 deuon
454 1115 491 1155 ex
507 1116 573 1177 quo
588 1097 679 1157 simul
694 1099 832 1179 adparet,
855 1119 951 1181 quam
967 1099 1049 1160 male
1064 1099 1158 1159 etiam
1177 1096 1217 1158 stc
1232 1094 1341 1174 duplex

308 1193 363 1255 hic
384 1195 423 1256 ab
445 1197 616 1258 Hemtolao
638 1199 794 1260 intrusum
816 1199 920 1262 suerit.
978 1201 1092 1280 Cingit
1114 1197 1176 1260 sola
1199 1201 1340 1258 codicum

309 1299 496 1359 auctoritate
520 1297 548 1360 se
570 1313 693 1369 tuetur,
726 1301 780 1361 etii
805 1323 872 1364 non
896 1303 1059 1383 displiceat
1081 1299 1244 1380 adtingit,
1275 1316 1340 1358 cum

309 1397 428 1458 nunnn
458 1401 618 1470 videatur,
658 1403 800 1486 singulos
834 1405 905 1466 illot
936 1404 1052 1465 fluvios
1085 1402 1183 1462 urltea
1218 1400 1340 1483 singulae

310 1499 448 1562 cinxisse.
491 1501 515 1562 F
517 1517 585 1564 orte
602 1505 700 1583 tingit
721 1505 783 1588 legi
802 1503 905 1586 possit,
931 1525 1004 1566 cum
1021 1527 1039 1566 c
1055 1517 1086 1564 et
1103 1517 1117 1564 t
1137 1497 1251 1584 paffim
1266 1519 1340 1561 com·

308 1615 492 1670 mittentur.
524 1605 615 1666 cuiue
635 1607 778 1687 exempla
799 1608 833 1666 in
855 1608 917 1668 hoc
939 1606 1005 1689 ipso
1029 1604 1128 1667 verbo
1150 1619 1187 1666 et
1208 1603 1339 1688 cognatis

309 1715 417 1763 notata
443 1701 571 1765 suntad
598 1722 628 1776 2.
656 1725 684 1776 t,
712 1721 767 1786 13.
802 1723 835 1770 et
854 1726 883 1780 a,
904 1711 937 1780 6,
953 1727 988 1789 9.
1015 1724 1048 1771 et
1073 1708 1105 1766 iu
1129 1705 1294 1786 adtingere
1313 1715 1340 1762 et

309 1803 474 1888 adcingere
495 1826 511 1866 a
534 1807 698 1870 Drakenb.
722 1809 759 1869 ad
784 1811 856 1874 Liv.
877 1825 910 1890 3,
932 1829 986 1890 19,
1011 1822 1045 1888 8.
1071 1808 1125 1889 qui
1149 1821 1184 1870 et
1200 1805 1240 1868 cs.
1258 1805 1292 1866 ad
1312 1805 1339 1872 6,

312 1919 345 1974 e,
375 1925 426 1966 tt.
455 1907 511 1966 nist
530 1907 715 1970 essetnimit
735 1909 1338 1996 poeticumetasormaPomponiauae

309 2007 463 2068 orationis
478 2008 630 2072 alienum.
673 2011 803 2094 Reliqui
824 2015 931 2098 igitur,
958 2033 1037 2096 quae
1055 2013 1171 2074 inveni
1190 2007 1339 2071 inuoluit

308 2105 507 2170 editionibus
530 2113 646 2182 omnia,
672 2113 806 2194 praeter'
819 2113 1007 2186 Tobalicnm,
1037 2132 1182 2198 proquo
1200 2112 1272 2173 dedi
1292 2108 1338 2168 To·

310 2202 458 2276 duriciam.
486 2229 559 2270 cum
577 2213 665 2275 reti
686 2211 860 2298 saepissime
880 2217 1072 2278 commutari
1090 2214 1215 2278 constet
1230 2233 1265 2274 ex
1281 2209 1337 2270 scri·

309 2321 420 2390 pturao
453 2313 548 2372 etiam
587 2315 845 2396 Longobardicae
880 2319 1030 2381 ductibua
1061 2335 1176 2404 parum
1212 2311 1336 2379 divetis.

308 2412 394 2494 quod
422 2409 581 2478 difficilius
603 2418 780 2482 admittunt
803 2419 930 2484 Graeca.

385 2615 560 2678 Decium
592 2619 769 2704 Aturia)
827 2621 977 2686 Ciaccon.
1003 2621 1166 2684 deciumta
1188 2643 1211 2682 a
1236 2617 1338 2684 Turia:

311 2713 459 2778 Vaticani
483 2717 601 2780 decium
623 2724 740 2792 caturia,
767 2721 887 2783 decimu
907 2727 1003 2796 turia,
1030 2725 1231 2786 decimnama
1247 2720 1338 2785 turia:

262 2871 266 2880 .
311 2817 448 2880 Medinl.
471 2819 577 2882 Cibin.
601 2821 772 2907 llehdlger.
797 2824 884 2888 Voss.
909 2847 936 2888 t.
955 2819 1040 2907 3.'4.
1065 2831 1159 2904 (ante
1174 2817 1337 2904 acproel)

310 2917 430 2980 decium
449 2925 579 2994 diutim
609 2924 699 2988 Leid.
723 2925 910 2988 Vindobou.
935 2927 1054 2986 dacium
1077 2929 1239 2998 Atlturt'a,·
1264 2915 1337 3002 Lipl.

313 3019 398 3082 Vols.
420 3035 451 3098 5.
476 3023 735 3097 decimmoturiat
777 3029 810 3086 in
828 3027 914 3089 Vols.
935 3041 968 3104 5.
991 3025 1079 3110 supra
1099 3028 1220 3088 lineam
1241 3021 1339 3085 adscri-

309 3135 402 3203 ptum
426 3123 531 3184 cletum
556 3126 698 3197 alnaria:
739 3127 775 3187 t.
801 3127 946 3189 Gronov.
973 3127 1064 3213 Prag.
1096 3127 1215 3192 lienet.
1241 3126 1337 3186 llavn.

310 3223 404 3285 Paris.
429 3245 455 3289 ι.
478 3243 507 3287 2.
526 3226 754 3300 deuiutoturiu:
788 3227 874 3291 Chil.
898 3229 1154 3300 Decutttatoria,·
1190 3227 1276 3291 Gud.
1295 3223 1338 3282 dt·

307 3324 482 3400 citmturia3
517 3327 609 3389 Paris.
636 3343 668 3406 3.
693 3329 814 3390 Delum
839 3332 996 3403 dedorim
1029 3331 1203 3414 Rehdiger.
1226 3328 1337 3389 decium

307 3429 446 3488 olitaria.
499 3429 581 3494 Edd.
613 3450 642 3494 t.
670 3449 701 3493 a.
727 3449 761 3510 9.
792 3451 847 3494 tt.
871 3431 977 3492 cletum
1003 3433 1153 3503 albariat
1198 3447 1231 3510 3.
1255 3437 1288 3507 4.
1307 3438 1336 3502 5.

307 3526 413 3589 dotum
430 3530 564 3602 Aturia,·
591 3528 623 3594 6.
644 3546 676 3605 7.
696 3543 729 3610 8.
755 3553 807 3596 to.
830 3551 883 3596 to.
908 3547 960 3611 13.
984 3533 1088 3615 (deest
1104 3546 1194 3594 autea
1210 3529 1259 3612 et)
1288 3539 1337 3605 ¹4·

311 3641 368 3704 15.
393 3627 520 3708 tll.17.
549 3643 602 3710 18.
627 3653 680 3711 ¹9·
706 3648 763 3696 20.
784 3651 839 3698 αι.
861 3649 917 3699 22.
937 3649 992 3714 23.
1022 3645 1077 3716 24.
1098 3646 1155 3711 25.
1180 3633 1335 3694 l'adianae·

308 3729 525 3804 Olivariauao,
562 3735 710 3804 Vinctus,
744 3734 909 3806 schottus,
952 3732 1090 3805 Vossius,
1125 3733 1281 3796 Gronovii
1305 3731 1335 3788 in

307 3833 378 3892 edd.
400 3845 458 3910 40.
478 3845 536 3916 [μ.
554 3847 614 3914 42.
638 3847 667 3896 et
683 3835 793 3895 deiude
805 3828 990 3925 Ituriffamt
1016 3837 1207 3898 lleinoldius
1222 3848 1252 3895 et
1267 3833 1334 3892 hinc

307 3939 368 4020 44.
388 3947 446 4014 45.
469 3949 589 3996 ceterae
612 3948 643 3996 et
664 3937 800 3997 Decium
824 3941 944 4001 utorio.
998 3937 1071 4000 Post
1091 3957 1149 4020 pro
1172 3929 1333 4026 Oenjonem

305 4035 473 4114 Magrada
500 4035 648 4099 Ciaccou.
664 4029 790 4128 sonans
810 4029 941 4130 Sun1s03
974 4039 1066 4122 Prag.
1085 4023 1335 4130 sononsSuosol

305 4139 419 4223 reliqui
444 4157 558 4202 otttnet
572 4130 696 4236 fotmus
708 4131 831 4236 sauso‚·
865 4142 900 4205 itt
925 4138 1006 4204 Vols.
1031 4161 1060 4206 t.
1084 4159 1142 4227 pro
1161 4139 1271 4208 Aturia
1287 4123 1313 4229 s
1324 4162 1333 4176 ·
