2826 4936
314 433 372 478 102
611 419 857 480 POMPONH
899 421 1060 478 trum

314 597 420 682 plures
445 613 519 658 cum
538 593 771 658 recentioribus
798 593 948 668 Teruoni‚·
979 591 1143 676 quaedam.
1171 593 1203 656 iu
1219 591 1269 656 his
1289 613 1339 654 ιι.

321 699 378 764 ι6.
405 697 569 760 ΤιιιιΙιοιιί.
621 697 659 758 Ιιι
680 697 812 780 ancipiti
835 697 974 758 maxime
995 695 1133 758 versetur
1161 697 1341 761 terminetio.

319 801 339 862 fi
358 801 436 864 elios
451 815 594 862 auctores
607 797 767 880 respicias.
793 799 848 882 qni
864 795 1044 882 praeierunt
1060 792 1170 880 puisun
1191 798 1341 866 Teutones.

318 905 421 966 veluti
443 903 645 964 Ptolemaeus
670 917 702 971 u,
728 919 784 964 ιι.
821 899 1007 962 Plutarchus
1030 901 1064 960 in
1086 899 1183 960 Marii
1204 901 1266 958 virs
1291 897 1343 958 lae·

317 1008 402 1090 pius.
428 1003 600 1085 exquibus
615 1003 711 1064 etiam
727 1003 770 1062 its
786 1001 839 1063 hic
857 1002 986 1063 volebat
1001 1002 1180 1063 Pintiantu.
1222 1000 1343 1070 Frullra,

318 1121 353 1170 et
374 1106 585 1168 renitentibus
609 1103 789 1176 codicibus,
825 1105 880 1184 qui
901 1101 1001 1164 deleri
1022 1123 1061 1164 eo
1088 1105 1196 1164 minus
1218 1099 1342 1184 poliunt,

319 1227 394 1270 cum
409 1208 505 1270 alters
525 1203 628 1268 forma
649 1204 718 1268 latis
737 1217 903 1267 suetorum
919 1203 977 1266 ulu
995 1219 1028 1266 et
1048 1205 1205 1286 exemplis
1224 1203 1342 1264 coullet.

319 1309 373 1372 Sic
391 1309 490 1371 lulius
506 1306 616 1372 Caelar
637 1305 773 1392 praefert
792 1305 940 1378 Teutoni,
972 1321 1006 1370 et
1021 1306 1099 1366 hinc
1115 1307 1186 1367 eius
1201 1307 1343 1386 interpres

319 1403 499 1482 Toorovol,
532 1429 593 1471 uec
613 1410 703 1472 aliter
724 1409 839 1470 volunt
861 1421 985 1468 tantum
1002 1427 1068 1469 non
1091 1427 1206 1470 omnes
1226 1406 1342 1468 Ouden-

321 1513 424 1594 dorpii
449 1513 575 1573 codices
590 1511 630 1573 de
646 1511 684 1572 B.
707 1509 747 1572 G.
766 1525 795 1580 u.
813 1519 848 1590 4.
873 1511 961 1571 unde
986 1511 1119 1590 quidum
1143 1511 1271 1570 alteram
1291 1505 1341 1567 lor·

321 1633 408 1674 mam
429 1611 530 1674 lolent
555 1613 740 1694 producere.
796 1611 968 1672 Teutonum
994 1627 1101 1673 tamen
1131 1610 1270 1694 agnoscit
1290 1609 1343 1670 Ou-

321 1713 518 1795 dendorpius
541 1728 574 1788 7.
598 1727 656 1790 77.
687 1713 743 1774 ubi
764 1714 894 1794 quidem
917 1733 956 1774 ex
978 1717 1199 1774 contractione
1214 1710 1287 1772 facts
1304 1713 1342 1769 in·

321 1815 423 1899 telligi
453 1810 563 1897 poffit,
604 1814 658 1876 etii
686 1812 882 1878 Cimbrorum
907 1817 1076 1896 praecedit.
1134 1811 1341 1895 Metsphralles

321 1929 430 1978 umen
457 1929 490 1978 et
511 1916 557 1976 ibi
583 1917 723 1978 reddidit
752 1915 937 1980 Τουτονῶι.
993 1917 1032 1978 ln
1056 1917 1208 1978 Suetonii
1228 1912 1339 1978 caesare

321 2035 389 2098 cap.
411 2035 466 2080 ιι.
498 2017 654 2096 ΡΙὶηἰο4,
674 2017 768 2096 28.ss
789 2027 845 2098 ιιι.
879 2017 991 2078 Tacito
1016 2017 1260 2100 Histor.4‚73.
1279 2033 1341 2076 rou·

320 2115 461 2180 sentiunt
481 2117 553 2178 libri
575 2120 609 2178 in
629 2118 777 2190 Teutoni,
811 2119 969 2181 contrairi
997 2119 1154 2181 Teutones
1178 2119 1259 2201 apud
1275 2117 1340 2177 Oro

319 2217 401 2280 lium
417 2231 449 2296 5,
470 2221 524 2284 16.
554 2221 605 2280 uti
621 2219 754 2300 quidem
774 2241 814 2284 ex
830 2221 1041 2304 Haverutmpi
1058 2220 1185 2284 fitentio
1201 2219 1339 2300 conligere

320 2317 408 2381 licet.
448 2321 501 2382 Sic
514 2319 548 2380 in
563 2321 722 2402 Eutropio
737 2335 771 2400 5,
792 2343 823 2387 ι.
850 2322 1007 2384 Frontino
1025 2337 1056 2392 u.
1073 2338 1107 2398 7,
1131 2339 1187 2384 ru.
1202 2335 1233 2384 et
1245 2312 1337 2402 peffim

321 2420 408 2482 alibi.
446 2421 495 2482 Ex
515 2421 632 2504 quibus
654 2420 723 2486 [stis
739 2425 882 2506 adparet.
908 2437 1075 2505 utramque
1092 2422 1230 2485 sormam
1245 2421 1279 2482 sb
1298 2437 1338 2478 ro·

322 2521 465 2585 ctoribus
485 2521 688 2606 frequentari,
710 2525 806 2607 quod,
829 2545 870 2586 ne
891 2524 1037 2607 pluribus
1052 2526 1209 2608 exemplis
1229 2517 1337 2584 molelle

323 2624 471 2686 declarari
487 2625 610 2696 debeat,
630 2627 698 2688 vid.
714 2646 792 2708 quse
808 2641 959 2688 notarunt
974 2627 1123 2690 Ciaccou.
1138 2627 1178 2688 sd
1195 2625 1253 2688 lul.
1265 2615 1338 2684 Geel·

324 2725 365 2788 de
384 2726 423 2788 B.
449 2727 488 2790 G.
511 2747 539 2798 ι.
557 2741 616 2806 33.
653 2725 775 2790 Volltus
793 2729 833 2788 ad
851 2744 883 2798 u.
906 2741 942 2806 4.
974 2729 1131 2791 schottus
1152 2742 1186 2790 et
1207 2727 1339 2790 drntzen.

323 2827 361 2890 ad
381 2829 487 2892 Aurei.
503 2830 619 2892 Victor.
633 2829 673 2890 de
688 2831 724 2890 V.
741 2831 767 2892 l.
789 2849 855 2912 αψ.
873 2833 932 2906 67.
950 2843 984 2892 u.
1019 2829 1225 2909 verheykius
1244 2840 1274 2889 er
1290 2837 1340 2906 ego

323 2929 363 2990 ud
385 2931 518 3012 Eutrop.
543 2942 576 3008 5,
605 2950 634 2992 r·.
675 2931 806 3012 Spener.
831 2933 864 2992 in
891 2932 1003 2992 notitia
1029 2929 1139 2992 Germ.
1167 2943 1232 2992 snt.
1255 2939 1285 3004 5.
1311 2937 1338 2984 2.

321 3049 354 3112 p.
379 3043 431 3108 15.
458 3045 494 3092 ut
509 3045 627 3093 taceam
645 3031 732 3094 alios.
785 3031 852 3094 Nili
867 3045 1075 3094 monumento
1089 3031 1237 3100 adeffenn
1256 3024 1340 3111 pols-

321 3131 389 3192 rior
402 3145 483 3192 uetes
498 3131 601 3194 videri
622 3129 716 3215 poffir
731 3124 771 3196 τὸ
786 3155 819 3195 es
839 3131 969 3194 mutelle
988 3135 1022 3194 in
1039 3133 1066 3204 i,
1098 3134 1186 3215 quod
1201 3143 1298 3214 operte
1311 3129 1340 3184 iu

322 3231 391 3293 eliis
410 3229 528 3294 factum
549 3233 602 3296 est.
665 3235 718 3296 sic
744 3234 853 3295 Titani
879 3255 936 3316 pro
966 3234 993 3294 Τ
992 3236 1093 3295 icones
1121 3235 1205 3316 opud
1231 3228 1339 3312 Hygin-

320 3327 384 3394 fab.
408 3347 486 3410 r5o.
516 3335 597 3410 ι67.
639 3333 723 3396 Nam
743 3335 830 3418 quod
853 3338 888 3396 iu
908 3335 1024 3397 Plauto
1041 3333 1240 3398 Menaechm.
1258 3343 1287 3408 5.
1311 3343 1337 3394 2·

326 3453 407 3496 ror.
432 3435 564 3518 legitur,
597 3435 733 3498 dubium
755 3435 816 3507 eil,
848 3450 902 3498 aut
922 3435 1082 3518 plebeium
1106 3435 1199 3498 ulum
1220 3429 1338 3495 redolet.

321 3533 449 3619 Nempe
464 3539 498 3599 in
513 3556 729 3600 monumento
750 3539 935 3620 triumphali
954 3537 1048 3600 Marii
1071 3537 1127 3622 (v.
1143 3536 1220 3600 Falli
1241 3535 1338 3596 uium-

320 3635 429 3718 phales
447 3640 482 3702 A.
497 3639 537 3702 U.
555 3642 639 3716 652.
657 3637 793 3722 caton.)
823 3639 1031 3700 Teutonorum
1046 3653 1080 3702 et
1098 3638 1259 3700 Teutonet's
1277 3633 1295 3694 i.
1311 3648 1335 3690 e·

320 3739 479 3804 Teutonis
501 3741 626 3824 legitur,
658 3740 790 3802 Teutoni
807 3743 889 3824 apud
908 3740 1033 3805 Gruter.
1054 3761 1086 3824 p.
1112 3741 1189 3820 136.
1206 3761 1238 3800 ιι.
1255 3749 1283 3814 3.
1305 3743 1336 3790 ut

320 3837 399 3900 haec
412 3839 512 3902 forma
528 3837 729 3923 praeferenda
743 3842 899 3905 videatur.
952 3841 1065 3924 Neque
1078 3846 1185 3904 lamen
1201 3840 1288 3900 alters
1302 3848 1335 3892 ex

319 3943 502 4004 auctoribus
517 3943 589 4004 eiici
604 3942 716 4014 debet,
743 3944 798 4024 qui
816 3957 848 4004 et
865 3945 897 4004 iu
915 3945 982 4005 aliis
999 3944 1037 4006 stc
1057 3944 1188 4006 variant.
1225 3939 1273 4002 Sic
1289 3931 1334 3994 ele·

318 4043 457 4122 piantes
474 4057 507 4106 et
528 4043 703 4125 elephanti,
734 4046 772 4107 de
788 4064 853 4127 quo
868 4043 948 4106 infra
969 4045 1006 4106 etl
1030 4059 1062 4124 3.
1079 4059 1112 4120 7,
1131 4060 1164 4108 u.
1211 4041 1260 4104 sic
1282 4033 1333 4096 Co·

318 4163 411 4206 nares
433 4157 464 4208 et
484 4147 614 4220 Caveri,
639 4145 726 4226 (rid.
745 4147 818 4210 Vol.
837 4163 871 4212 ιι.
895 4147 984 4222 adst,
1004 4159 1037 4227 5,
1064 4149 1116 4228 u.)
1143 4145 1288 4209 Santones
1305 4145 1332 4194 et
