2848 4942
369 383 460 440 me.
490 383 528 438 n.
572 383 604 438 c
627 384 650 436 r.
693 379 719 450 t.
743 396 791 436 ιι.
1065 380 1107 458 ⁶3

64 557 234 637 praeeiprnts
251 555 314 650 est.
357 557 529 620 Salmafine
550 553 592 634 [c.
610 555 650 638 1.]
673 555 749 618 duae
770 557 924 639 proponit
944 559 1107 620 coniectu·

64 680 115 728 rae,
145 680 284 740 quarum
312 675 433 721 neutra
460 659 572 740 placet.
622 659 685 720 Sed
710 671 743 718 et
767 657 830 742 ipse
853 661 992 740 priorem
1017 657 1108 748 [per-

63 763 186 842 permis,
219 762 313 820 inter
336 764 485 821 iocantes
507 761 609 820 hortos
631 755 704 846 -]
730 761 890 842 repudiat.
923 775 955 822 et
975 761 1107 824 aiteram

63 864 177 944 prohat,
210 883 298 943 quae
329 863 405 924 talia
433 861 496 924 ett:
533 859 677 944 binisque
701 861 839 942 poculis,
874 863 930 944 qui
954 863 1106 942 plurimus

63 965 191 1032 renitere.
228 967 422 1045 perpetratis
450 965 666 1042 interiugatt'm
697 963 796 1022 imum
827 965 1015 1042 praecipuus
1048 961 1103 1054 est.

66 1067 172 1126 t'erum
189 1064 275 1126 haec
297 1065 402 1126 lectio
417 1083 524 1146 neque
540 1065 650 1124 Latina
666 1063 717 1132 eii.
744 1084 850 1146 neque
869 1064 1024 1132 cohaeret,
1052 1087 1106 1128 ne·

65 1189 114 1247 que
135 1187 209 1227 cum
243 1169 361 1228 verbis
391 1167 552 1227 Herodoti
584 1167 747 1228 convenit.
802 1168 843 1224 Vt
866 1169 964 1226 muita
990 1167 1104 1237 omitit.

64 1271 96 1328 ita
114 1289 246 1349 quoque
270 1289 341 1328 non
367 1287 469 1349 pauca
493 1265 598 1335 habet.
632 1287 711 1348 quae
733 1264 839 1328 frustra
860 1269 941 1350 apud
969 1269 1107 1330 aiterum

63 1391 190 1449 quaeras.
246 1372 283 1432 Si
300 1371 339 1430 ad
365 1371 431 1430 hoc
451 1367 662 1430 adtenditient
678 1369 737 1428 riri
755 1371 888 1438 cunuti,
915 1371 1011 1453 longe
1036 1369 1106 1430 faci·

60 1473 111 1532 line
132 1491 247 1532 reram
277 1471 435 1533 eruiffent
457 1471 647 1540 lectionem,
673 1489 752 1551 quae
774 1471 850 1532 haec
872 1471 932 1532 eii:
966 1469 1108 1552 binisque

59 1573 182 1652 poetalis,
205 1575 268 1655 qni
286 1573 452 1652 plurimos
468 1571 596 1632 retulere
612 1585 795 1650 pernotant.
835 1574 871 1632 It
891 1573 1106 1633 interductu·

60 1689 105 1734 tas
134 1676 240 1734 norror
270 1675 473 1752 praecipuus
503 1687 558 1734 et.
619 1674 715 1734 uene
751 1693 827 1734 vero
853 1673 1010 1734 Auchetae
1040 1675 1105 1735 tire

59 1775 204 1837 Auchates
227 1777 411 1858 coniungit
444 1775 529 1834 Mela
556 1795 629 1835 cum
660 1773 882 1858 Anciropbagia
903 1789 936 1836 et
959 1775 1103 1838 Gelonis.

60 1877 197 1958 Namque
216 1878 282 1938 hae
305 1891 425 1960 gentes
446 1878 570 1937 vicinae
592 1875 648 1935 fibi
671 1877 809 1936 invicem
830 1889 916 1938 erant
938 1877 976 1936 aci
999 1877 1105 1958 Hypa-

60 1981 139 2047 nim,
162 1981 217 2060 qui
236 1981 329 2062 apud
355 1977 516 2038 Auchetn
538 1977 706 2046 oriebatur,
739 1977 813 2038 teste
837 1978 942 2040 Plinio
969 1973 1022 2064 [4.
1047 1979 1105 2042 26.

64 2078 85 2140 i,
113 2075 181 2164 itu]
205 2095 238 2141 et
261 2081 399 2142 Sotino.
430 2074 477 2166 [c.
504 2094 561 2142 20.
583 2077 604 2138 i.
635 2071 710 2164 ιφ]
770 2079 949 2162 Coniungit
977 2099 1104 2160 qunque

61 2182 130 2240 iilos
154 2183 353 2243 Herodotus.
384 2173 443 2264 [4.
467 2173 523 2265 6.]
574 2181 680 2240 Huius
710 2181 813 2264 gentis
838 2181 985 2242 meminit
1007 2181 1104 2244 etiam

60 2284 192 2343 valerius
206 2285 354 2350 flaccus,
380 2281 431 2360 [6.
454 2283 550 2361 πμ]
574 2284 621 2340 uti
637 2279 723 2362 iupra
738 2284 935 2346 monninnu.
961 2301 1103 2346 coctura.

55 2383 136 2444 Meta
152 2405 218 2444 nou
237 2387 380 2444 videtur
402 2383 537 2442 aliorum
559 2383 751 2464 populorum
773 2385 972 2446 mentionem
991 2381 1104 2456 secuse.

53 2504 105 2544 ant
124 2485 225 2546 iecere
250 2485 398 2546 volniss'e
423 2486 456 2542 in
480 2482 692 2544 describendis
713 2485 874 2554 moribus,
907 2505 1002 2566 quam
1027 2505 1105 2566 qtro·

51 2608 120 2646 mm
151 2589 314 2648 meminit
350 2589 386 2646 in
416 2583 479 2665 ipsa
512 2585 711 2668 Geographia
741 2601 774 2646 et
807 2588 921 2646 notitia
951 2589 1103 2670 regionis.

53 2690 145 2770 Quod
172 2709 281 2771 quum
318 2684 530 2747 ceniffinnnn
566 2687 600 2746 iu
631 2701 662 2747 et
690 2685 994 2754 nraniieiiiiinrnnn.
1033 2703 1105 2748 tum

52 2793 166 2860 miror,
194 2793 291 2850 viros
314 2789 456 2850 exitnioe
483 2789 512 2847 id
534 2787 699 2871 agnoscere
722 2791 834 2872 pigrari
857 2803 889 2850 et
907 2805 1014 2850 contra
1039 2803 1106 2849 ten·

53 2893 135 2952 dere.
177 2893 268 2974 Quis
286 2891 381 2951 enim
404 2909 470 2948 nun
488 2885 649 2950 Voffianoe
666 2891 835 2960 Auchetae,
861 2895 992 2972 nequid
1009 2889 1104 2962 atiud,

51 3010 136 3053 certe
157 2992 392 3076 specioioree,
426 3011 520 3070 qnam
547 2993 686 3052 verioret
708 2991 888 3052 existimet?
949 2991 1106 3074 Nnepiam

52 3115 162 3153 enrum
187 3095 353 3155 meminit
378 3091 478 3158 Mela.
511 3095 660 3174 nuspiam
676 3093 721 3152 eis
738 3093 841 3154 [edem
864 3095 997 3172 aliquam
1020 3095 1107 3154 attri-

51 3194 138 3266 buit;
171 3212 205 3256 et
227 3197 261 3255 id
289 3193 390 3254 credo
411 3194 557 3254 intererat
572 3195 610 3253 ad
633 3191 861 3274 perfectionem
885 3193 985 3275 scripti
1009 3195 1104 3256 huius

51 3297 298 3378 Pomponiani,
326 3309 364 3354 ut
380 3291 543 3360 scirentne.
572 3297 642 3375 quis
663 3297 745 3355 in·er
762 3317 816 3358 eoe
838 3298 1021 3376 praecipuus
1045 3297 1104 3358 ho·

51 3419 109 3458 nos
132 3399 225 3459 effet.
284 3399 397 3458 lmrnn
420 3393 487 3454 sunt
509 3397 604 3455 aiieni
625 3417 641 3456 a
659 3397 758 3466 Meta,
791 3399 886 3458 alieni
908 3395 1104 3478 abantiquis

52 3499 151 3569 liaris,
180 3519 255 3564 nnn
280 3511 411 3556 rantum
433 3499 632 3564 melioribus.
661 3495 711 3558 sed
735 3499 905 3564 omnibus.
938 3499 1105 3580 inquibus

56 3600 168 3684 legitur
192 3601 249 3661 vel
274 3597 499 3658 iraterincnnter
522 3599 573 3658 vei
596 3599 829 3668 interiacentis.
861 3613 898 3658 nt
922 3599 985 3679 ipse
1004 3601 1103 3660 etiem

57 3705 129 3772 ridi,
160 3717 197 3763 et
216 3700 319 3761 habet
342 3717 469 3780 quoque
492 3699 742 3768 iiiedioianeuste,
778 3699 827 3762 ted
845 3703 953 3761 tertiae
971 3699 1103 3778 syllabae

59 3799 266 3885 inpericriptn
287 3803 331 3861 io.
387 3801 471 3882 Quia
490 3821 555 3861 non
576 3799 713 3862 censebit
738 3803 817 3862 hanc
841 3800 1021 3883 scripturam
1043 3821 1103 3862 not

59 3904 164 3964 dicere
187 3924 262 3964 nou
290 3904 330 3962 ad
356 3904 438 3960 inter
459 3903 629 3970 Auchetae,
663 3901 712 3962 ted
737 3905 990 3974 interiacentes,
1016 3903 1103 3985 quod

60 4022 88 4060 ru.
103 3999 376 4090 impiiciffimum
397 4015 430 4060 et
454 4003 537 4064 ultro
560 4005 698 4064 emicans
715 4005 866 4066 reducere
888 4025 954 4066 non
979 4003 1027 4066 ini
1049 4023 1102 4065 ve·

61 4107 137 4172 ritu.
171 4129 197 4170 r.
221 4123 441 4168 eeouevtre.
494 4107 534 4166 ln
559 4107 714 4168 Vaticanis
738 4106 880 4178 duobus,
913 4127 996 4189 quoe
1022 4107 1101 4166 otnn
