2880 4940
371 443 505 532 ,ιιι
534 409 607 498 ιη’
636 441 727 498 ox.
768 439 849 513 ao.
1087 453 1150 519 ³79
1207 433 1211 446 ’

120 615 171 694 [e.
192 615 249 696 r.]
273 612 371 676 Plinii
387 611 496 678 docui.
524 633 711 678 adnatare.
754 615 871 698 Lyuxo
889 613 1000 677 civitae
1016 613 1049 676 in
1065 626 1152 678 recto

120 730 243 780 etcum
262 735 283 798 γ
302 716 335 776 iu
358 715 459 798 prima
477 719 660 778 nominatur
676 717 888 787 Artemidoro,
915 713 1070 778 referente
1086 717 1154 777 Ste-

119 817 247 902 pbauo;
272 815 370 899 Lyura
389 815 446 898 ipsr
461 817 623 899 Stephano
640 817 683 880 eli
698 819 795 878 etiam
818 837 891 880 omn
905 839 943 900 y,
966 836 984 878 a
1000 815 1154 886 Barbaria,

120 919 275 982 Strabone
302 929 445 987 auctore,
472 911 550 1004 [lib.
580 933 634 992 17.
662 939 694 1002 p.
719 919 802 996 568.
826 915 846 980 l.
871 911 977 1004 825]
1004 917 1156 999 appellata

127 1019 240 1100 Tinga.
287 1016 509 1089 Artemidoro,
535 1020 651 1082 eodem
671 1019 763 1090 telle,
789 1018 895 1100 linga
915 1019 1045 1090 diuitum
1081 1019 1155 1080 Era·

124 1118 262 1182 toslbeui
281 1117 393 1182 Learon
412 1137 487 1180 eum
510 1141 527 1180 e
547 1121 661 1204 longo,
687 1121 787 1181 modo
813 1119 976 1182 Strabonis
996 1120 1156 1200 exemplar
1283 1181 1291 1188 ,

121 1219 243 1281 nonsit
261 1217 421 1282 vitiosum.
454 1220 563 1282 Plinio
581 1221 631 1300 [5.
651 1223 697 1302 t.]
718 1221 821 1282 Lixos
837 1221 1019 1282 nominatur
1033 1233 1066 1282 et
1080 1219 1156 1282 urbe

122 1335 157 1383 et
170 1320 303 1392 durior,
326 1333 391 1383 tam
412 1317 540 1404 scriptae
556 1341 649 1403 quam
667 1321 828 1403 impressae
849 1321 1005 1382 lectionia.
1039 1321 1156 1382 Roma-

122 1441 163 1482 na
179 1423 275 1484 etiam
290 1421 479 1505 exemplaria
494 1441 560 1482 non
574 1424 663 1484 aliter
677 1423 798 1506 legunt.
834 1422 1018 1484 Ptolemaeo
1037 1420 1087 1499 [4,
1107 1423 1155 1504 1.]

105 1523 191 1588 -Ja're
212 1521 384 1604 appellatur
404 1522 532 1592 florina,
558 1525 669 1586 civiter
690 1536 796 1586 autem
819 1521 917 1586 Lixa.
954 1539 1153 1584 murmura.

121 1623 171 1686 Ee
191 1623 278 1684 Lixo
288 1617 421 1710 flumini
439 1623 557 1708 Lynaeo
575 1619 747 1707 proxima)
798 1623 884 1684 Haeo
903 1623 996 1684 lectio
1012 1625 1156 1704 proxime

123 1723 241 1785 accedit
263 1723 425 1794 odiliam,
455 1743 535 1806 quae
557 1726 590 1786 in
612 1725 772 1787 veteribus
794 1723 882 1784 libria
905 1737 1083 1804 comparet;
1121 1741 1156 1786 ao

125 1825 293 1888 confirmat
323 1843 394 1888 eam
425 1825 621 1909 Stephanus,
661 1826 718 1908 qui
749 1823 843 1887 docet
878 1842 916 1886 ex
942 1824 1156 1896 Artemidoro,

124 1925 281 2008 oppidum
301 1925 366 1988 hoo
385 1929 493 1988 vocari
516 1915 648 2012 Λυγξὼ.
701 1926 779 1989 dliia
800 1925 842 1987 eli
857 1923 961 1993 Haza.
986 1925 1038 1986 vel
1055 1925 1156 1987 Lixo.

125 2027 222 2086 Valde
236 2039 343 2088 antem
362 2040 476 2098 errant,
500 2031 555 2110 qui
573 2029 655 2089 hanc
672 2047 746 2088 cum
761 2027 867 2110 Tinge
886 2023 1097 2096 confundunt,
1122 2043 1158 2087 ao

124 2128 314 2188 Strabonem
338 2125 449 2190 testem
480 2129 646 2191 atlrocau‘t.
708 2127 783 2190 Non
809 2125 902 2188 semel
925 2125 991 2188 illic
1012 2127 1075 2188 loci
1098 2126 1158 2187 im·

125 2231 255 2310 pingere
276 2227 476 2300 Strabonem,
504 2229 541 2289 ad
561 2229 754 2291 Hannonem
778 2225 977 2290 docebimur.
1016 2245 1156 2290 roaetre.

124 2331 233 2388 lotaxo
261 2328 348 2409 quod
374 2327 409 2388 in
439 2331 549 2392 multia
579 2330 776 2391 editionibus
798 2329 930 2414 legitur,
966 2325 1048 2388 sacili
1072 2326 1159 2410 lapsu

127 2444 244 2497 ortum,
270 2427 396 2511 probari
417 2431 553 2492 minime
576 2431 686 2512 potell,
712 2445 744 2492 et
760 2443 843 2489 recte
862 2429 925 2490 hoc
946 2431 1077 2490 nomine
1093 2429 1159 2490 edi·

127 2541 211 2592 torea
228 2529 486 2592 notavitdldrete
502 2533 534 2592 in
551 2532 778 2616 antiguedadea
792 2531 831 2592 de
842 2527 960 2610 Espana
976 2527 1098 2608 (1614.
1109 2531 1159 2609 4.)

127 2629 181 2692 lib.
205 2641 239 2708 4.
265 2649 331 2712 cap.
349 2641 383 2707 5.
402 2651 435 2714 p.
454 2643 538 2709 507.
589 2633 651 2694 Sed
672 2631 757 2714 quod
778 2631 864 2692 idem
885 2630 981 2698 dicit,
1008 2631 1040 2690 in
1058 2629 1160 2691 Melae

128 2729 308 2801 codicibus,
334 2731 392 2792 nili
415 2729 496 2794 sorte
516 2733 620 2794 editoe
646 2733 814 2816 intelligit,
841 2729 900 2792 esse
923 2729 1050 2800 darneto,
1075 2730 1161 2810 equi·

127 2831 202 2892 dem
224 2850 290 2892 nou
311 2831 434 2896 inveni.
474 2833 582 2894 Liuam
604 2835 665 2894 iarn
690 2835 816 2914 amiqua
834 2849 946 2892 manua
965 2827 1162 2912 adscripscrat

128 2933 162 2994 iu
180 2932 230 2994 ed.
255 2951 309 2994 to.
360 2934 411 2994 De
432 2935 533 3016 prima
555 2935 643 2995 litera
664 2954 730 2994 non
752 2933 795 2994 est
816 2933 991 2999 dubitatio,
1020 2930 1056 3001 sr,
1081 2951 1160 3012 quate

129 3034 192 3094 riri
210 3033 296 3094 docti
311 3051 350 3095 ex
369 3033 437 3097 aliie
457 3035 655 3104 adtulerunt,
680 3033 860 3116 respexeris.
915 3035 951 3093 ln
975 3031 1160 3093 Ptolemaeo

131 3147 257 3202 tamen,
286 3147 418 3196 notante
440 3133 644 3220 Welseliugio
668 3135 704 3196 ad
728 3133 884 3196 Antonini
907 3133 1012 3194 itiner.
1035 3152 1106 3216 pag.
1127 3143 1161 3210 a.

131 3235 231 3296 codex
247 3233 381 3297 Colelin.
408 3247 440 3297 et
463 3235 503 3296 de
524 3235 624 3297 durio
646 3249 678 3296 et
698 3237 738 3297 de
758 3233 836 3295 urbe
857 3233 952 3296 habet
968 3218 1049 3306 Λίξ,
1076 3234 1163 3315 quod

133 3339 174 3397 de
195 3334 272 3396 urbe
296 3337 391 3396 etiam
412 3333 565 3398 adhibent
584 3338 736 3398 Antonin.
754 3337 787 3397 in
811 3335 917 3398 itiner.
937 3353 969 3416 p.
989 3349 1022 3404 7.
1059 3334 1160 3396 Solio.

133 3455 201 3518 eap.
222 3451 279 3506 27.
291 3433 311 3496 s.
326 3443 383 3517 24.
408 3449 440 3498 et
455 3435 573 3522 Geogr.
589 3439 734 3500 llarenu.
751 3457 778 3499 a.
792 3455 819 3498 o.
834 3437 855 3497 l.
870 3435 891 3497 l.
926 3435 988 3498 Sed
1004 3447 1035 3496 et
1052 3435 1164 3496 eadem

133 3551 280 3598 veterum
302 3550 467 3598 auctorum
491 3537 576 3606 loca,
615 3559 711 3620 quam
741 3557 852 3620 pamm
875 3533 975 3596 forma
1002 3549 1035 3594 et
1058 3535 1165 3596 termi-

134 3639 222 3698 natio
237 3637 440 3710 constiterint,
464 3639 630 3708 declarant,
653 3656 686 3702 et
701 3651 823 3720 praeter
841 3635 1163 3724 interpretettnostroa

136 3740 314 3799 docuerunt
336 3739 433 3800 etiam
459 3739 529 3814 alit.
564 3745 598 3800 iu
620 3741 660 3802 iia
681 3739 846 3802 Salmasius
874 3739 913 3799 ad
938 3736 1039 3800 Solio.
1063 3756 1097 3819 p.
1120 3755 1166 3800 m.

138 3855 221 3918 214.
238 3857 265 3898 c.
283 3839 304 3900 l.
342 3838 479 3922 Adparet
495 3841 528 3901 id
545 3841 681 3902 maxime
695 3859 734 3901 ex
750 3839 903 3902 Strabone
921 3857 947 3900 c.
969 3837 990 3898 l.
1013 3849 1045 3896 et
1059 3837 1166 3918 paullo

137 3939 206 4021 poli
228 3959 257 4020 p.
277 3949 360 4014 570.
377 3937 398 4004 s.
416 3953 500 4018 528.
527 3941 583 4000 ubi
607 3953 725 4009 narrat,
757 3937 993 4002 Eratosthenem
1018 3937 1056 3998 ab
1080 3939 1168 3999 Arte·

140 4041 266 4101 midoro
286 4037 375 4103 suilie
397 4041 638 4124 reprehensum,
679 4042 766 4122 quod
789 4041 902 4102 urbem
923 4040 1001 4101 cirta
1028 4051 1168 4100 extrema

137 4127 353 4205 Mauretaniae
374 4141 482 4208 versuo
504 4143 703 4206 occidentem
725 4161 783 4226 pro
802 4143 902 4228 linge
926 4139 1040 4202 Lixum
1065 4139 1167 4222 adpel-
