2810 4944
293 441 354 512 [με
590 433 837 494 rouroun
878 434 1045 494 untur

296 611 402 674 latore.
440 609 489 672 Ex
503 625 567 693 quo
582 609 745 682 alliciatur,
769 613 888 674 flumen
904 611 967 672 hoc
987 613 1018 670 in
1039 607 1155 672 linibus
1169 609 1341 691 utriusque

298 713 438 795 regionis
455 711 555 784 inille,
577 729 609 775 et
626 715 700 776 lrinc
722 713 899 796 promiscue
914 714 952 773 ab
967 715 1034 774 aliia
1053 713 1182 782 Galliae,
1207 711 1247 772 ab
1269 713 1344 772 aliis

299 813 468 896 Hispaniae
498 819 607 876 datum
632 815 730 878 tuille.
790 815 885 878 Certe
907 817 939 876 in
966 816 1050 876 Mela
1075 815 1179 876 Ticln's
1206 815 1344 874 videtur

299 915 418 978 Galliae
446 919 554 980 minua
584 918 666 980 bene
697 915 866 984 acceliille.
904 939 963 977 nec
986 917 1043 976 nist
1068 913 1165 978 Vollii
1194 915 1343 987 arbitrie,

300 1019 475 1080 cumidem
499 1020 619 1082 flumen
635 1021 788 1098 Pyrenaei
813 1022 1036 1101 promontorio
1058 1016 1245 1101 interposito
1270 1037 1344 1080 non

298 1117 394 1202 poffit
411 1119 529 1184 Galliae
552 1135 585 1182 et
605 1121 772 1203 Hispaniae
794 1121 909 1192 tribui,
942 1133 975 1182 et
993 1121 1032 1180 ad
1050 1121 1141 1181 aliam
1163 1120 1344 1182 lectionum

299 1221 345 1282 ibi
366 1223 492 1286 codices
514 1224 689 1293 deducant,
716 1225 754 1282 de
776 1243 835 1303 qua
857 1243 883 1284 c.
907 1223 928 1284 l.
981 1223 1081 1306 lgitur
1104 1221 1209 1281 Tichis
1232 1221 1344 1282 Melae

300 1338 333 1384 et
358 1323 455 1384 Plinii
480 1326 586 1386 locum
610 1323 698 1386 suurn
719 1327 834 1386 renim
857 1339 1007 1404 occupat.
1033 1343 1093 1384 nec
1108 1321 1223 1391 obstat.
1250 1323 1344 1402 quod

299 1409 434 1486 llirodae
451 1428 651 1488 montionem
673 1426 747 1488 lecit
767 1428 903 1495 nullam,
930 1427 1001 1506 quia
1017 1426 1048 1484 id
1066 1424 1109 1486 est
1122 1423 1342 1494 arbitrarium,

300 1527 365 1604 vel,
391 1539 427 1585 ut
444 1527 556 1589 Petrus
572 1529 611 1588 tle
628 1529 731 1589 lllarca
751 1529 782 1588 in
801 1529 904 1588 Illarca
924 1525 1088 1608 Hispanica
1108 1545 1138 1595 a.
1164 1541 1218 1599 17.
1235 1547 1270 1609 p.
1291 1545 1343 1588 m.

306 1641 387 1704 178.
411 1627 531 1698 censet.
559 1629 760 1690 librariorum
782 1631 891 1710 culpae
913 1631 1053 1690 accidere
1076 1631 1193 1710 potuit.
1251 1627 1345 1686 Ticer

299 1747 513 1809 necunquam
538 1729 614 1790 alibi
637 1745 719 1792 certa
741 1733 801 1792 lnle
824 1733 977 1798 occurrit.
1008 1749 1098 1792 neca
1116 1730 1202 1790 libris
1224 1728 1346 1793 nostri·

298 1829 366 1890 ullo
396 1830 484 1913 ligno
516 1833 683 1904 innuitur,
720 1831 773 1891 etsr
803 1832 864 1894 lroc
889 1851 1009 1892 nomeu
1041 1831 1143 1892 Melae
1175 1831 1344 1890 vindicare

299 1929 431 2010 operose
453 1947 582 1994 conatur
612 1931 674 1993 fuit
704 1931 866 1994 Kirlchiur
889 1929 927 1992 ¹in
958 1933 1136 2014 prolusione
1161 1929 1344 1993 scholastica

298 2031 438 2108 (Curiae
461 2033 671 2116 Regnitianae
692 2037 821 2112 1734.)
845 2047 937 2096 etex
962 2035 1077 2102 nostru,
1105 2029 1204 2093 Voffii
1226 2034 1343 2094 lectio·

296 2151 374 2194 uem
396 2131 517 2196 secutur
539 2137 657 2196 reiecto
681 2137 828 2196 Pliniano
852 2136 962 2204 Tichi.
994 2137 1087 2196 unice
1112 2134 1223 2216 probat
1246 2133 1344 2195 illan·

297 2245 427 2306 nortun
461 2255 540 2316 quae
558 2249 664 2299 tamen
685 2257 752 2298 non
776 2237 905 2318 poliunt
919 2239 1022 2298 valere
1041 2237 1080 2298 ad
1102 2235 1343 2298 immutandam

298 2348 443 2396 veterem
467 2338 651 2402 lectionem.
711 2337 837 2420 Nempe
860 2336 1021 2400 Kirlchius
1043 2358 1081 2400 ex
1102 2335 1173 2398 falla
1195 2339 1341 2400 lectione

301 2433 405 2496 Ticlris
423 2439 456 2498 in
475 2439 575 2502 Gallia
596 2441 847 2522 disputationem
871 2441 1025 2508 inllrnxit.
1056 2441 1174 2523 quippe
1195 2441 1252 2520 qui
1278 2440 1344 2500 llu-

297 2537 373 2600 viua
394 2539 458 2600 fine
480 2541 670 2603 discriminis
692 2555 770 2603 nota
789 2541 926 2623 adposita
949 2545 1051 2602 redire
1072 2542 1207 2602 hicnon
1228 2537 1340 2622 poffit,

297 2635 350 2700 led
367 2661 383 2700 a
397 2641 539 2712 librariis,
566 2643 681 2724 quibua
697 2642 915 2705 obversaretur
931 2665 968 2705 ex
990 2641 1140 2724 superiori
1157 2644 1343 2704 narratione

298 2753 420 2802 temere
443 2742 588 2806 obtrusus
617 2744 723 2808 fuerit.
776 2745 838 2806 Vbi
866 2765 943 2806 vero
969 2759 1052 2806 recte
1075 2746 1274 2824 quaerendus
1302 2757 1341 2804 et

298 2861 363 2924 quo
384 2846 516 2908 nomine
539 2849 711 2917 notandus,
746 2847 786 2907 de
807 2865 846 2906 eo
863 2848 1034 2926 disputant.
1088 2847 1180 2928 Quae
1197 2865 1272 2906 cum
1295 2847 1339 2906 ad

297 2944 391 3006 aliam
414 2947 647 3030 expolitionem
671 2949 866 3032 pertineant,
892 2949 988 3009 reieci
1008 2949 1047 3010 ad
1069 2947 1140 3008 Vol.
1160 2961 1193 3008 Ω.

372 3147 564 3210 Rhodam
573 3147 593 3231 )
625 3151 724 3214 Vatic.
745 3165 776 3230 3.
797 3148 1133 3222 annotaturum
1158 3149 1338 3234 Rehdiger.

295 3245 413 3310 adscito
432 3253 578 3332 proximo
595 3253 752 3313 vocabulo
768 3251 1013 3324 rodoardiorrrru13
1041 3251 1126 3312 Gud.
1150 3251 1224 3312 edd.
1246 3272 1277 3314 r.
1297 3271 1335 3332 9.

296 3349 424 3422 rodurn
452 3351 535 3432 Lipl.
556 3353 668 3414 rodun.
722 3355 803 3415 Edrl.
828 3353 978 3416 Reinold.
1002 3353 1153 3422 Rhodon,
1179 3354 1229 3412 uti
1253 3353 1338 3417 aliae

296 3451 392 3510 etiam
409 3449 549 3534 [upra-2,
568 3467 600 3530 5,
621 3455 653 3518 6.
677 3455 828 3536 Agathan
846 3457 879 3514 in
896 3455 1010 3515 eodem
1028 3469 1150 3532 etymo.
1187 3456 1285 3516 Vatic.
1298 3467 1336 3537 4.

296 3563 402 3614 tamen
417 3565 450 3614 et
466 3553 519 3614 hic
533 3555 685 3618 Rhodon.
739 3557 802 3620 Pro
822 3556 1013 3618 Clodianum
1034 3555 1173 3616 Vindob.
1191 3555 1337 3617 claudia·

295 3671 387 3726 num3
414 3655 513 3718 Vatio.
532 3667 567 3733 4.
588 3657 789 3720 Dodianurn.
842 3659 924 3719 Edd.
946 3669 999 3734 15.
1022 3672 1079 3732 17.
1104 3675 1160 3729 ao.
1178 3671 1236 3736 23.
1262 3657 1338 3720 Clo·

295 3752 474 3830 dr'annrnrn3
501 3755 554 3818 alii
579 3759 671 3820 codd.
694 3773 727 3820 et
749 3761 821 3820 edd.
847 3758 1048 3821 Clodianum.
1100 3759 1267 3822 Boccatius
1292 3761 1335 3820 do

293 3855 417 3920 flumin.
441 3857 475 3922 h.
491 3879 524 3922 v.
548 3858 731 3932 Clodianus,
758 3881 821 3943 quo
842 3879 958 3944 genero
974 3861 1070 3920 etiam
1088 3874 1247 3921 memorat
1262 3860 1335 3924 Cel·

291 3957 386 4020 larius
404 3960 438 4020 ln
459 3927 577 4044 (ieogr.
597 3975 662 4024 ant.
680 3978 714 4033 2,
741 3983 769 4034 ι,
797 3973 877 4038 124.
929 3963 1017 4022 Tum
1037 3960 1141 4022 noller
1160 3963 1269 4022 retulit
1293 3965 1333 4024 ad

290 4057 425 4130 flumen,
457 4061 559 4144 qualia
583 4061 652 4124 lunt
677 4065 712 4125 in
733 4063 923 4130 nominihus
943 4063 1107 4134 Rhenum.
1134 4062 1331 4126 Metaurum.

292 4157 342 4223 Cf.
360 4159 440 4226 infra
458 4163 496 4226 ad
519 4163 740 4230 Rubricatum.
781 4168 830 4230 Ex
848 4165 1036 4234 ,Ptolemaeo
1062 4181 1093 4238 2,
1113 4165 1146 4230 6.
1173 4167 1230 4248 qui
1247 4187 1333 4228 unus
