2848 4942
333 449 375 516 aa
644 441 887 514 aoneouu
922 441 1083 496 manaa

338 633 451 675 omnen
476 611 602 676 allecta.
645 631 848 675 'nectaream
911 613 1098 692 Pliniualp,
1130 626 1186 676 aa.
1219 605 1263 698 [s.
1290 625 1338 674 ou
1367 684 1372 696 ι

338 715 387 778 Et
401 707 569 804 peninsula
584 713 629 774 eus
640 707 785 804 firmam
800 711 903 794 gladia·
922 716 955 775 t'n
977 703 1191 804 transversum
1206 725 1376 792 panacem·

339 829 459 876 utnon
480 815 610 876 absurde
633 829 778 894 porrecta
800 813 844 907 ιβ
866 814 921 876 hio
942 816 1004 900 legi
1026 811 1130 896 poisat,
1161 827 1215 874 aut
1233 813 1377 894 porrecti

340 913 432 1006 enfls.
466 935 669 980 craecorum.
733 917 874 1000 Quidam
906 916 958 976 hic
988 917 1099 998 legunt
1125 917 1270 994 porrecti,
1307 933 1375 974 non

340 1013 450 1108 ptfiti.
501 1017 627 1100 Nempe
649 1020 724 1099 quia
749 1018 872 1079 Plinius
896 1017 979 1079 hane
1005 1014 1201 1100 peninsulam
1226 1015 1309 1076 dicit
1332 1011 1377 1072 ad

335 1107 482 1204 sormam
501 1119 604 1198 gladii
624 1121 657 1178 in
671 1109 884 1208 transversum
906 1131 1118 1208 porrectam..
1144 1117 1216 1179 Scio
1229 1116 1376 1197 quidem,

341 1219 447 1299 quoad
470 1217 565 1280 situm
585 1219 710 1281 differre
731 1219 836 1281 ensem
854 1218 992 1302 pofituut
1006 1239 1024 1280 a
1039 1234 1195 1301 porrecto,
1222 1215 1273 1278 sed
1298 1236 1379 1276 non·

340 1337 383 1380 ne
402 1321 512 1380 eadem
534 1319 764 1382 maneriorum
787 1320 962 1404 atfigura‘l
1012 1320 1113 1382 Porro
1133 1319 1172 1380 de
1198 1319 1257 1377 situ
1281 1317 1378 1378 huiua

339 1419 458 1480 insulae
485 1421 575 1502 plura
596 1419 670 1482 alibi
693 1423 847 1489 diximus.
878 1441 957 1503 quae
981 1441 1068 1482 nunc
1088 1439 1156 1481 non
1178 1419 1221 1480 est
1249 1421 1378 1480 animoa

342 1535 494 1606 repetere.
557 1523 637 1585 Vide
658 1537 783 1593 tamen,
812 1543 890 1604 qnae
917 1519 997 1583 infra
1025 1523 1066 1582 de
1092 1521 1196 1582 Leuce
1221 1520 1377 1588 dicemus,

342 1643 439 1702 qnam
468 1623 562 1683 multi
589 1643 661 1684 oum
693 1625 751 1684 hac
779 1621 941 1704 peninsula
968 1620 1182 1685 confundunt.
1231 1639 1378 1683 voesrva.

345 1725 400 1784 Vir
423 1725 533 1784 doctna
558 1726 590 1782 iu
615 1726 665 1786 ed.
689 1727 808 1786 Veneta
838 1737 942 1801 ¹4⁷8·
974 1721 1063 1806 supra
1086 1721 1261 1804 scripserat:
1307 1743 1378 1782 con·

339 1823 467 1916 stricta.
516 1825 576 1886 Sed
597 1845 657 1886 nec
676 1823 762 1886 sensu
780 1825 931 1907 probatur
945 1839 977 1886 et
992 1846 1008 1886 a
1026 1825 1198 1887 Codicibne
1217 1825 1317 1886 nimis
1334 1843 1379 1884 re·

344 1926 440 1986 cedit.
478 1923 598 1986 Contra
620 1927 735 1986 leniori
753 1927 977 1988 emendatione
998 1923 1154 1988 Gesnerua
1175 1927 1210 1984 in
1230 1924 1379 1986 thesauro

342 2027 381 2088 L.
409 2027 445 2088 L.
471 2021 525 2084 sub
550 2046 583 2088 v.
608 2028 741 2088 Achilles
771 2029 909 2089 coniecit
936 2041 1061 2088 arrecta
1084 2025 1138 2119 ιβ.
1190 2027 1234 2086 At
1265 2045 1381 2108 parum

343 2127 420 2188 lraec
442 2145 507 2188 vox
529 2129 702 2190 convenire
724 2129 852 2190 videtur
880 2124 986 2214 pofito
1005 2123 1086 2218 enfi,
1118 2147 1176 2210 per
1199 2139 1381 2207 terramque

343 2239 500 2310 porrecto.
553 2229 656 2311 Magia
671 2233 842 2290 conveniat
858 2241 1013 2307 porrecta,
1039 2231 1126 2310 quod
1144 2242 1176 2289 et
1190 2229 1383 2292 Ciacconiua

345 2328 435 2387 malit
451 2348 490 2388 ex
510 2327 633 2401 Plinio;
663 2343 696 2390 at
712 2329 751 2390 stc
772 2330 899 2414 longine
919 2329 1067 2391 aberrasse
1083 2329 1206 2390 codices
1227 2331 1381 2391 volueris.

347 2427 436 2511 Quid
454 2427 706 2490 substituendum
722 2429 768 2500 lit,
795 2450 860 2492 non
878 2431 984 2498 video.
1010 2429 1067 2491 etsi
1082 2431 1190 2510 potine
1204 2430 1242 2490 ab
1256 2429 1381 2510 adligo,

344 2551 406 2599 ere,
434 2549 528 2610 quarn
547 2529 585 2589 ab
607 2529 722 2592 alticio
748 2531 902 2592 derivem.
955 2531 1024 2592 Nec
1046 2529 1160 2602 obstat,
1189 2531 1279 2611 quod
1303 2531 1382 2590 illud

345 2631 481 2692 verbnm
506 2630 599 2710 plane
628 2631 671 2691 est
698 2631 810 2692 nolitia
840 2630 1021 2693 auctoribus
1053 2633 1271 2716 incognitum,
1308 2649 1384 2692 cnm

289 2789 292 2798 ,
345 2752 406 2793 nec
420 2731 560 2814 analogia
573 2729 749 2816 repugnet,
775 2747 808 2795 et
823 2733 911 2815 plura
925 2733 1078 2814 perierint
1093 2749 1168 2792 curu
1185 2733 1256 2815 ipsit
1274 2745 1382 2794 aucto·

345 2833 444 2896 ribue.
495 2833 544 2893 De
565 2833 716 2894 similibus
737 2833 1024 2916 comparationibus
1048 2833 1120 2896 Vol.
1140 2851 1172 2896 e.

424 3055 530 3097 mure
561 3037 778 3100 Ponticum
787 3035 806 3118 )
855 3036 1045 3102 Ciaooouiua
1067 3035 1157 3096 malit
1176 3037 1250 3096 cum
1271 3035 1384 3097 codice

347 3134 404 3196 suo
425 3137 573 3198 Pontum.
626 3141 669 3198 At
690 3139 733 3196 ita
765 3140 861 3197 etiam
887 3137 1046 3201 Sallustius
1067 3138 1151 3219 apud
1180 3135 1383 3197 Macrobium

346 3235 502 3298 Saturnal.
527 3251 559 3308 7,
589 3254 642 3299 re.
688 3238 791 3304 ,Tacit
818 3239 903 3300 Ann.
932 3253 986 3317 13,
1013 3251 1070 3317 39.
1103 3238 1143 3300 de
1165 3237 1272 3298 Germ.
1295 3257 1326 3300 c.
1352 3256 1382 3300 r.

348 3335 482 3416 Eutrop.
501 3347 534 3410 5,
558 3333 677 3414 5.l.3.
718 3337 885 3421 Ampeliou
906 3357 934 3400 c.
957 3355 991 3416 7.
1025 3339 1104 3400 olim
1130 3340 1164 3398 in
1188 3338 1326 3400 Horatio
1351 3349 1383 3416 3.

349 3436 403 3496 od.
421 3445 479 3516 24,
498 3443 533 3513 4.
585 3435 795 3500 Praeivenmt
817 3439 937 3508 Graeci,
966 3453 1004 3500 ut
1025 3439 1138 3502 Strabo
1157 3459 1188 3502 1.
1208 3459 1241 3521 p.
1256 3459 1304 3502 m.
1330 3447 1384 3517 ru.

349 3535 370 3598 l.
388 3553 448 3600 nt.
470 3535 527 3598 lib.
551 3553 604 3599 12.
624 3558 656 3620 p.
679 3559 724 3600 m.
747 3554 830 3619 370.
853 3539 874 3602 s.
897 3552 981 3620 558.
1017 3539 1205 3603 Plutarchus
1227 3541 1262 3600 in
1284 3540 1383 3602 Pom·

349 3640 425 3720 peio
449 3657 477 3700 c.
502 3651 548 3716 52
583 3657 627 3700 m.
667 3641 702 3700 in
737 3641 884 3703 Eumene
908 3661 935 3704 c.
963 3655 996 3721 3.
1031 3636 1195 3704 Ποντικόν
1225 3635 1382 3724 πέλαγος,

348 3738 552 3802 Ptolemaeus
579 3739 635 3802 lib.
658 3752 691 3818 8.
718 3742 752 3801 in
775 3741 861 3804 uuae
876 3742 947 3820 tab.
976 3761 1006 3806 t.
1042 3735 1187 3826 Ποντικὴ
1209 3734 1381 3804 θάλασσα.

349 3837 488 3901 Minime
504 3841 610 3922 igitur,
637 3861 711 3902 cum
730 3844 829 3904 etalii
846 3845 969 3904 codices
985 3839 1200 3911 adversentur,
1224 3839 1382 3902 sollicitari

349 3939 446 4001 debet
472 3941 566 4002 lectio
594 3956 730 4026 recepta.
777 3945 805 4008 Δ
831 3963 912 4008 voca
937 3943 1073 4006 Achillea
1096 3961 1164 4028 cap.
1186 3951 1222 4024 4.
1247 3941 1379 4004 initium

349 4041 455 4104 statuit
478 4042 623 4106 vinetus.
