2814 4946
313 431 375 498 504
623 426 867 484 rourrourr
901 425 1062 482 natan

315 609 423 658 autem
441 595 500 658 effe
516 596 629 669 verba,
655 619 733 680 quas
749 601 783 660 in
803 610 1106 680 utramquepartem
1124 596 1340 682 significatione

315 701 473 780 reciproca
488 713 520 759 et
535 700 660 762 adversa
681 715 849 782 ponantur,
870 703 979 762 multis
994 703 1056 761 iam
1071 701 1223 780 exemplis
1239 699 1342 759 docuit

318 799 440 862 Gellius
455 819 488 880 9,
512 817 565 864 ra.
618 805 684 871 Sic,
710 823 788 884 quae
804 804 843 864 ad
862 805 1001 866 nollrunr
1021 803 1132 864 locum
1158 802 1285 882 propius
1305 798 1342 858 la·

319 903 425 972 ciunt,
460 903 611 963 dicuntur
632 903 749 975 odium,
784 905 843 975 ira,
870 905 998 972 iniuria,
1019 901 1161 995 strages,
1189 923 1257 970 areae,
1283 921 1343 960 cae·

318 1001 373 1064 des
396 1036 443 1050 —
469 1007 509 1066 de
526 1005 640 1084 quibua
655 1005 869 1087 exposuerunt
886 1007 1061 1066 Burmann.
1078 1005 1116 1064 ad
1134 1005 1234 1064 Valet.
1250 1003 1343 1063 Flarc.

319 1119 353 1174 2,
387 1120 466 1182 179.
510 1105 672 1168 Drakenb.
695 1107 733 1166 ad
755 1109 872 1168 Silium
901 1108 970 1168 ltal.
1006 1115 1059 1188 14,
1082 1116 1170 1183 454.
1204 1105 1289 1164 idern
1308 1101 1343 1160 ad

318 1206 451 1268 Livium
473 1217 531 1284 40,
557 1225 587 1278 2,
611 1209 643 1271 6.
688 1205 835 1271 Perizon.
858 1209 896 1270 ad
916 1209 1036 1270 Aelian.
1054 1209 1092 1268 V.
1113 1207 1157 1268 H.
1179 1223 1210 1276 a,
1233 1216 1290 1281 25·
1313 1216 1344 1264 et

320 1327 399 1388 quos
415 1323 571 1388 praeterea
587 1311 766 1373 nominant.
795 1308 846 1372 Cs.
861 1323 892 1370 et
906 1323 1012 1370 notata
1022 1309 1057 1369 ad
1070 1311 1261 1390 Eutropium
1273 1323 1301 1372 1.
1312 1319 1342 1364 a.

319 1410 424 1488 Atque
438 1411 515 1471 hinc
531 1413 625 1470 etiarn
643 1413 845 1474 Burmannus
865 1425 898 1473 et
916 1410 1198 1475 Drakenborchius
1211 1407 1344 1470 nostrum

318 1510 427 1570 locum
455 1514 622 1593 explicant.
674 1513 861 1576 Perizonius
892 1526 998 1573 taruco
1030 1525 1162 1593 propter
1188 1529 1239 1580 ea,
1272 1525 1344 1587 quae

321 1612 492 1693 disputavit
517 1613 717 1683 Gronovius,
743 1635 807 1676 non
829 1614 1053 1698 repugnaverit
1073 1615 1128 1682 iit,
1155 1613 1211 1692 qui
1235 1609 1343 1670 Melam

319 1715 494 1774 memoriae
518 1717 597 1776 vitio
621 1713 741 1795 lapsum
762 1713 821 1776 elle
843 1716 1047 1777 contendant.
1098 1715 1162 1776 Sed
1178 1727 1212 1774 et
1226 1712 1300 1772 olim
1314 1709 1344 1766 in

318 1813 377 1874 hac
400 1816 537 1876 lectione
554 1815 717 1877 haeserunt
735 1817 795 1876 viri
813 1817 915 1886 alocti,
943 1837 960 1878 e
981 1817 1096 1896 quibus
1113 1813 1290 1874 Lambinus
1310 1809 1344 1868 ad

230 1937 233 1946 ·
321 1914 457 1995 Nepotis
483 1917 616 1978 Hamilc.
642 1937 668 1980 c.
697 1939 725 1980 r.
756 1919 921 1979 emendat:
962 1910 1227 2002 Karthaginienst
1254 1909 1341 1978 clade.

319 2030 374 2075 aut
395 2018 547 2076 Botriana
568 2019 726 2092 victorias
761 2019 924 2080 Brodaeua
945 2020 977 2078 in
1002 2015 1132 2078 Miscell.
1153 2019 1186 2086 6,
1213 2016 1265 2078 16.
1290 2013 1343 2072 Pu·

319 2117 391 2176 nico
413 2115 511 2178 clade.
554 2119 645 2201 Quae
662 2135 767 2180 tamen
784 2140 800 2180 a
816 2120 978 2182 codicibus
994 2121 1090 2180 nimis
1105 2117 1268 2185 recedunt,
1291 2130 1342 2172 nec

319 2219 354 2276 in
371 2233 543 2280 memorata
565 2223 775 2303 explicatione
798 2221 1024 2282 desiderantur.
1076 2217 1146 2301 lpse
1163 2221 1259 2279 etiam
1274 2213 1342 2274 Gro-

318 2321 437 2380 novius
454 2320 556 2400 postea
574 2320 691 2384 serdille
710 2325 847 2392 vitietur,
873 2323 1142 2390 emendationem,
1168 2337 1261 2400 quam
1280 2331 1342 2396 pro·

319 2418 473 2501 posuerat,
501 2423 612 2484 duram
627 2424 685 2484 elle
701 2437 733 2486 et
750 2423 935 2486 difficilioris
949 2425 1181 2505 explicationis.
1231 2421 1267 2480 ln
1283 2417 1342 2477 eius

319 2524 407 2580 eninr
424 2524 508 2584 notis
526 2525 657 2592 lassus,
680 2547 756 2607 quaa
771 2527 839 2607 post
853 2527 971 2586 Arriani
985 2526 1162 2586 editionem
1181 2541 1230 2582 an.
1245 2525 1341 2595 1704·

319 2619 414 2684 factas
432 2623 490 2685 elle
513 2625 629 2686 indicat
652 2628 739 2688 locus
759 2628 797 2688 ad
825 2647 853 2697 t,
876 2624 970 2690 12.f.
996 2626 1087 2686 aliam
1108 2621 1210 2684 adfert
1236 2621 1341 2680 borum

319 2725 494 2786 verborum
516 2729 774 2808 explicationem,
801 2749 859 2809 qua
877 2748 941 2790 nou
958 2726 1059 2788 solum
1080 2727 1197 2786 intacta
1221 2721 1271 2782 illa
1286 2735 1341 2778 ma·

318 2843 414 2896 nent,
442 2825 490 2887 secl
513 2843 545 2888 et
565 2827 667 2890 sensus
689 2831 860 2891 verborum
885 2829 1024 2890 usitatior
1048 2824 1197 2888 servatur.
1248 2819 1341 2883 Habet

320 2943 427 2988 atatem
448 2928 541 2990 haec:
584 2933 733 2990 Romana
752 2931 856 3001 clade,
889 2928 943 2990 sub
968 2931 1063 2990 lunio
1088 2925 1232 2996 consule,
1257 2937 1341 3002 quam

318 3044 477 3090 memorat
493 3030 646 3108 Polybius
663 3031 717 3094 lib.
738 3053 766 3094 1.
796 3028 881 3118 [cap.
903 3023 984 3114 54.]
1019 3030 1192 3090 Hactenus.
1226 3023 1341 3102 Nempe

320 3129 429 3188 dirum
450 3131 646 3215 naufragium
669 3131 782 3194 lecerat
801 3130 897 3193 classis
913 3133 1067 3198 Romana,
1094 3143 1127 3188 et
1147 3125 1296 3204 Polybius
1315 3139 1340 3188 ι,

321 3241 380 3305 55.
400 3232 444 3290 in.
479 3247 514 3292 ut
538 3231 625 3314 supra
645 3234 685 3294 de
710 3235 796 3294 clade
817 3231 1039 3315 Sinopensium
1061 3227 1208 3313 ἀτυχία,
1234 3227 1276 3286 ita
1295 3223 1340 3282 hic

260 3384 263 3395 .
321 3325 460 3412 ἀτυχεῖν
485 3335 588 3414 ponit.
643 3335 755 3396 Clades
785 3349 891 3396 autem
922 3335 962 3394 de
991 3330 1153 3414 naufragio
1185 3331 1260 3412 quin
1284 3320 1339 3384 diti

320 3430 424 3515 poffir.
449 3454 557 3504 nemo,
580 3437 704 3516 opinor,
729 3435 895 3498 dubitabit.
945 3435 988 3496 At
1005 3435 1067 3496 hoc
1082 3452 1185 3492 unum
1200 3441 1338 3491 moratur,

320 3553 384 3620 quo
402 3537 507 3596 nrinus
524 3537 557 3594 in
574 3538 660 3598 illam
678 3535 864 3600 sententiam
880 3555 959 3604 earn,
985 3536 1068 3616 quod
1086 3534 1192 3594 Latini
1211 3539 1338 3592 auctores

321 3655 434 3701 onrnes
458 3639 676 3698 llomanorum
706 3640 871 3698 victoriam
894 3637 931 3696 ad
957 3637 1088 3719 Aegates
1112 3633 1280 3698 celebrant,
1311 3633 1338 3680 el

320 3737 406 3800 Mela
424 3738 559 3814 delibare
585 3740 709 3800 taliaes
734 3737 914 3822 adspergere
937 3735 1028 3815 solet,
1056 3735 1252 3796 illudentem
1271 3745 1337 3788 ruu-

320 3839 456 3924 sragium
478 3842 516 3898 ad
537 3841 727 3919 Lilybaeum
749 3837 865 3900 factum
886 3838 944 3908 eli,
972 3857 1071 3918 aquo
1094 3850 1201 3896 tamen
1222 3828 1335 3912 longius

319 3941 435 4024 absunt
450 3942 590 4024 Aegates.
631 3942 694 4003 Aut
714 3942 811 4024 igitur
826 3941 935 4002 durius
949 3938 1025 4001 baec
1040 3951 1073 3998 et
1091 3949 1211 4019 praeter
1226 3943 1335 3994 rnorem

322 4045 403 4106 dixit
421 4042 513 4112 lilela,
539 4043 593 4104 etfi
609 4043 745 4121 aliorum
762 4041 906 4122 exernpla
921 4042 1077 4123 mitigant,
1103 4051 1166 4107 aut,
1192 4032 1274 4117 quod
1289 4027 1336 4088 vix

318 4146 356 4206 in
374 4165 407 4208 re
430 4156 494 4204 tam
511 4155 587 4206 nota
605 4145 791 4208 Romanum
812 4141 995 4226 scriptorem
1012 4141 1130 4213 deceat,
1157 4137 1274 4205 erravit,
1296 4125 1337 4188 uti
