2814 4946
352 450 440 508 ara.
469 451 505 504 n.
548 447 581 504 c.
603 449 667 506 vn.
709 447 735 518 r.
761 461 808 502 ια.
1036 453 1098 522 ala

68 623 210 685 ſtructura
231 623 341 686 uffenli
364 625 592 692 immutarunt,
623 621 697 692 etsi,
730 619 815 700 quod
840 619 978 681 statuunt
998 621 1098 704 vulgo

68 726 249 796 discrimen.
284 745 351 788 non
378 727 420 788 sll
447 739 649 807 perpetuum.
698 723 786 783 Tum
812 721 903 806 Prsg.
932 725 967 783 in
991 723 1099 784 multis

68 828 281 908 carmigerata.
318 827 426 890 Cibin.
442 824 544 918 stmul
564 825 682 888 irruitis.

140 1021 399 1119 Pasiphaes)
449 1029 593 1092 Vlmlob.
618 1049 691 1090 cnm
714 1026 787 1090 edd.
815 1047 844 1089 t.
869 1043 902 1106 9.
931 1023 1099 1116 pafipites5
1209 1101 1215 1118 ι

69 1129 148 1212 Lipl.
170 1133 254 1194 Gud.
274 1129 425 1222 pnfipite‚·
451 1132 590 1214 Rehdig.
614 1121 774 1220 pusyplse,·
799 1128 905 1190 Cibin.
928 1127 1099 1220 pastphae‚·

68 1235 245 1313 inreliquia
266 1230 444 1322 Pafiplraes
466 1229 554 1292 suilla
577 1233 712 1290 videtur.
752 1249 957 1291 'rascttvcrtm
1009 1227 1097 1320 Past-

67 1333 159 1410 plzues
175 1331 261 1396 Chis.
278 1337 328 1396 cui
345 1334 569 1414 adstipulantur
586 1335 649 1394 duo
666 1333 791 1393 codices
806 1347 838 1392 et
854 1352 955 1401 mans,
979 1335 1011 1392 in
1030 1334 1097 1413 qui·

68 1434 124 1496 bua
148 1435 264 1520 legitur
296 1433 452 1525 Pastplres
484 1436 535 1496 vel
562 1425 735 1524 Pasyplses.
793 1434 856 1494 snt
884 1433 1029 1494 l'erizon.
1065 1445 1098 1496 et

67 1535 150 1598 volt.
180 1557 208 1598 t.
236 1533 417 1626 Phafiphae
446 1556 503 1617 pro
526 1531 705 1626 Pasiphaae
730 1535 812 1595 flexu
836 1533 965 1603 Latino,
999 1555 1097 1616 quent

68 1637 166 1698 Melae
183 1640 216 1697 in
234 1637 385 1698 fimilibus
400 1637 544 1718 placuille
560 1653 652 1717 atque
668 1638 763 1696 etiam
774 1637 921 1696 Ciceruni
938 1638 977 1697 (la
993 1637 1096 1698 divin.

72 1758 100 1807 1,
116 1747 173 1819 [μ’.
199 1733 301 1826 [45.]
325 1739 357 1798 iu
378 1731 669 1828 Pafiplsaasfa110‚
695 1735 887 1798 etantanto
911 1739 1096 1820 epigramm.

68 1840 122 1902 66.
150 1841 288 1900 Minoae
308 1839 455 1899 machina
477 1837 674 1928 Pafipltaue,
701 1837 883 1898 observabat
908 1839 1097 1900 Oudendor·

66 1941 143 2021 plus.
173 1961 206 2002 rt.
225 1959 431 2002 caottovtvs.
483 1941 547 2000 Etli
565 1939 637 2001 leni
654 1939 754 2021 potest
773 1939 883 1998 Latina
899 1939 974 2000 haec
991 1943 1096 2001 termi-

65 2045 157 2113 natio,
190 2062 251 2124 qua
266 2043 362 2102 etiam
386 2041 458 2102 ulus
474 2041 517 2102 ett
540 2043 754 2102 Tertullianus
770 2041 810 2102 tle
832 2041 936 2100 anima
951 2061 1017 2123 cap.
1035 2045 1095 2122 46.

64 2159 192 2225 propter
215 2145 341 2204 codices
364 2157 469 2204 tantan
492 2163 628 2204 numero
651 2143 756 2224 plures
776 2155 808 2202 et
831 2141 1004 2222 Pomponii
1028 2164 1098 2206 mo·

64 2265 126 2305 rem
155 2249 191 2305 in
220 2245 382 2324 captandis
415 2243 528 2305 formis
556 2245 682 2305 Graecis
707 2241 906 2304 retinendam
932 2245 1098 2326 vulgatam

66 2345 182 2408 cenltri.
244 2345 317 2406 Poll
347 2345 437 2428 Prag.
470 2345 554 2406 Gud.
582 2346 754 2428 Rehtliger.
784 2345 936 2416 adrianes
981 2345 1097 2410 Vanet.

66 2447 236 2518 adrianae,·
261 2445 403 2508 Vindob.
429 2446 599 2519 andriune,·
624 2449 675 2506 alil
696 2460 790 2516 recte,
811 2443 967 2523 nitiquott
987 2447 1097 2508 iuliae

65 2551 155 2608 etiam
179 2571 196 2607 e
216 2561 358 2628 ponunt,
384 2569 422 2608 ex
446 2567 545 2609 more.
589 2547 653 2610 Pro
674 2545 831 2608 amoribus
855 2543 938 2606 Gurl.
962 2547 1014 2606 dat
1036 2569 1097 2608 nso·

65 2649 155 2712 ribus.
198 2651 287 2708 Tum
310 2649 427 2712 Vener.
447 2647 590 2710 Daedali
604 2646 801 2732 stuporibus.
841 2645 904 2708 Pro
915 2637 1001 2738 fatu
1019 2647 1097 2714 Vin·
1129 2673 1134 2686 ·

64 2751 181 2814 dobon.
202 2739 317 2840 facto.

127 2947 264 3046 fuga,
303 2953 390 3014 Tuli
411 2951 623 3046 statione)
678 2951 778 3016 Vatia.
813 2951 918 3016 Cibin.
950 2951 1095 3016 vindob.

61 3057 150 3140 Prag.
185 3055 268 3136 Lipl.
298 3056 383 3118 Gud.
413 3055 586 3138 llehdiger.
620 3056 726 3117 Havn.
756 3053 873 3116 Venet.
898 3045 1028 3142 fugata
1062 3056 1096 3114 iu

52 3159 218 3250 statium
260 3157 407 3218 Ciaccon.
422 3147 551 3245 fugata
574 3159 606 3216 in
623 3157 764 3246 statione
783 3169 815 3216 et
832 3147 925 3244 fuga
945 3155 1006 3215 tali
1023 3153 1096 3248 sta·

60 3265 161 3330 tione,
195 3259 280 3340 quod
305 3257 456 3340 posterius
479 3258 574 3318 etiarn
602 3260 634 3316 in
663 3255 756 3319 Paris.
784 3275 815 3320 2.
842 3255 929 3317 inille
955 3259 1098 3330 vitiatum

60 3359 158 3423 Paris.
187 3347 554 3451 1.s1tgairtst'utt'0ne;
590 3357 682 3419 Paril.
702 3373 735 3436 3.
762 3359 925 3441 Augultln.
949 3371 1015 3417 lum
1028 3357 1098 3450 fia.

60 3467 163 3533 tione,
191 3463 238 3518 uti
263 3459 372 3520 ferunt
389 3461 547 3520 editiones
569 3473 708 3530 veteres,
737 3473 770 3518 et
793 3459 868 3518 hinc
886 3481 959 3520 cum
976 3461 1044 3520 tlltl.
1066 3473 1098 3520 et

61 3565 150 3624 lunt.
175 3561 349 3632 Vadianns,
372 3561 545 3629 Olivatius,
569 3575 602 3622 et
617 3563 671 3642 qui
693 3579 747 3622 eos
767 3562 897 3622 reddere
920 3559 1030 3630 solent,
1053 3575 1098 3620 at·

60 3669 122 3726 iam
150 3678 208 3742 5⁰·
237 3677 296 3738 32.
324 3677 382 3740 57.
407 3675 439 3721 et
463 3663 613 3721 ultimum
637 3663 943 3744 erl.Lngtl.16r46.
973 3673 1097 3722 tautum

62 3781 119 3845 58.
145 3761 347 3848 (Gruterus)
378 3765 453 3825 iam.
507 3763 644 3824 Vinctus
680 3761 786 3844 poluit
824 3765 913 3822 Icari
933 3761 1099 3854 statione,·

60 3871 231 3935 Schottus,
268 3878 301 3926 et
334 3863 410 3924 hinc
437 3861 564 3924 Volliua
598 3883 669 3924 cum
706 3865 816 3924 cetaria
854 3863 924 3922 Tali
941 3863 1098 3953 statione.

60 3985 269 4031 azscttvcatt.
324 3965 401 4026 Tum
420 3961 589 4057 statione)
639 3965 749 4026 Scribo
780 3964 850 4024 Tati
870 3963 1015 4054 statinus
1037 3977 1096 4026 etc.

63 4073 161 4130 Talus
183 4087 292 4129 aereus
316 4069 418 4151 gigas,
454 4063 535 4126 solus
556 4087 593 4126 ex
618 4063 720 4126 lectulo
747 4065 800 4124 illo
824 4085 915 4126 aereo
939 4063 1097 4144 superlitas,

60 4193 122 4255 quo
143 4183 272 4232 narrant
290 4167 412 4231 fabulae
438 4167 588 4229 donatam
609 4187 627 4228 a
651 4169 729 4230 love
753 4167 916 4250 Europam
939 4167 979 4226 ad
1002 4165 1098 4228 custo·
