2836 4940
331 437 393 508 aaa
644 431 885 492 ΡΟΜΡΟΝΗ
922 433 1077 489 tuom

337 621 393 682 19.
413 619 470 668 20.
491 619 548 667 ct.
569 618 627 666 Μ.
650 619 707 682 23.
727 615 785 684 24.
807 617 864 683 25.
886 605 1040 667 Vedianae
1055 605 1228 690 pleneque.
1250 603 1334 666 Oliva·

331 707 448 775 tinctae,
472 725 545 766 cum
565 707 680 768 Vineto
702 709 849 778 navitam
884 717 941 786 54.
965 719 1102 780 nontam
1135 707 1277 770 schottus
1295 725 1335 764 ua·

331 805 470 880 vindam
498 801 623 868 Voffiur
644 821 676 868 et
699 805 862 890 sequentes
884 809 993 871 rccviu.
1027 826 1230 870 rzecnvcnc.
1276 807 1335 867 Scri

332 907 476 970 bendum
496 905 578 970 forte
601 909 698 969 veluti
720 909 897 970 naviculae.
942 911 1071 972 Solinne
1097 903 1145 996 [c.
1163 923 1221 986 55.
1240 905 1259 969 l.
1274 897 1333 989 5o.]

331 1021 367 1071 ut
388 1006 487 1072 draibi.
515 1005 738 1096 [turritana]
791 1011 873 1071 Nam
889 1011 1013 1072 Plinius
1030 1030 1098 1080 coe,
1124 1012 1178 1092 qui
1195 1010 1335 1069 illisinter·

331 1111 438 1172 nodiit
455 1107 609 1180 seruntur.
636 1131 702 1174 uon
718 1113 889 1195 appellavit
909 1113 1109 1196 navigantes.
1135 1111 1184 1174 led
1207 1112 1335 1174 hominu.

331 1225 367 1272 ot
384 1213 483 1292 liquet
504 1232 543 1274 ex
561 1211 664 1274 rerbie
681 1215 772 1294 paulo
788 1227 860 1275 ante
876 1215 984 1276 allatio.
1015 1233 1216 1274 eru‘rruuve.
1266 1211 1335 1270 Forte

332 1315 474 1394 navigia.
495 1315 660 1395 quomodo
675 1315 820 1388 Soliuue3
845 1313 895 1376 led
911 1315 1010 1376 dictio
1027 1317 1162 1376 traditas
1175 1317 1254 1375 iuxta
1268 1303 1336 1370 reuu

332 1415 493 1496 quoddam
526 1415 687 1496 exemplar
718 1417 885 1478 redundat.
926 1435 1143 1478 cruccourve.
1199 1409 1336 1490 Noram.)

332 1513 438 1580 Credo
453 1537 490 1578 ex
506 1517 601 1578 Plinii
624 1517 678 1578 illo
695 1519 883 1598 rravigcntes
903 1517 966 1578 lmc
987 1517 1161 1580 intrusum.
1198 1515 1270 1576 lllox
1285 1511 1336 1572 dele

330 1617 498 1700 quaedum.
529 1637 709 1681 tenor'rva.
759 1621 796 1680 lu
815 1617 932 1700 scriptia
953 1619 1122 1682 codicibus
1142 1619 1250 1702 legitur
1264 1611 1338 1674 veliti

332 1719 457 1780 navita.
509 1719 588 1780 inde
602 1719 766 1780 Salmasius
789 1716 847 1807 [ud
863 1721 1009 1782 Solioum
1030 1741 1059 1781 c.
1080 1733 1140 1798 55.
1158 1719 1178 1782 l.
1194 1733 1245 1796 52.
1262 1739 1287 1798 p.
1303 1735 1336 1770 πι-

334 1813 439 1906 715.]
461 1815 591 1880 faciebat
606 1821 705 1881 veluti
722 1821 880 1882 travicula.
916 1821 1002 1904 Lego
1017 1822 1123 1882 vetent
1137 1823 1241 1882 novio.
1271 1812 1338 1908 Quid

331 1919 368 1980 fir
388 1921 484 1980 trunio
504 1921 599 1982 docet
616 1921 738 1992 Festus,
765 1943 838 1982 cum
856 1919 960 1982 scribit
975 1943 1045 1982 eam
1066 1945 1108 1986 ex
1130 1943 1196 1982 uno
1212 1923 1288 2004 liguo
1301 1936 1337 1975 ex·

331 2017 430 2100 sculpi
460 2019 576 2082 ocelle
606 2022 698 2082 iullar
730 2023 827 2092 alvei.
864 2042 929 2104 qno
955 2037 1096 2086 utuntur
1124 2026 1160 2084 in
1185 2018 1337 2084 vindemiis.

331 2119 430 2182 Plane
448 2122 551 2204 itaque
572 2123 657 2182 idem
673 2122 731 2192 est.
757 2125 866 2192 travia,
898 2123 994 2186 linter
1011 2144 1046 2186 ac
1066 2125 1193 2186 alvena.
1239 2119 1337 2184 Plinius

330 2219 413 2282 lianc
433 2221 603 2284 lectionem
626 2223 808 2295 confirmat,
841 2243 876 2284 ac
899 2225 1028 2288 alveum
1051 2227 1190 2308 appellat
1210 2225 1240 2284 id
1259 2234 1337 2305 genoe

329 2309 517 2412 μονοξύλου
540 2323 593 2386 lib.
614 2337 647 2396 7.
670 2343 736 2406 cap.
755 2341 787 2388 2.
822 2325 1000 2388 Aruudiues
1026 2347 1102 2388 vero
1125 2340 1235 2388 tantae
1258 2339 1338 2404 proce

331 2425 450 2494 neatis,
473 2437 509 2484 ut
539 2424 647 2506 iugula
662 2425 841 2488 irneruodio
858 2425 948 2488 uinco
963 2425 1142 2508 navigabili
1156 2443 1256 2488 ternos
1268 2425 1338 2483 iuter·

332 2524 406 2586 dum
428 2525 565 2586 domines
586 2523 696 2591 ferant.
734 2527 855 2590 'Porro
881 2527 1058 2590 illiusmodi
1086 2530 1232 2590 lintrium
1254 2523 1336 2586 creber

331 2627 509 2688 etiamnum
539 2628 622 2710 apud
647 2629 743 2690 ludoe
766 2629 809 2691 est
832 2627 902 2690 uiua
924 2631 956 2690 in
981 2630 1183 2693 fluminibus.
1205 2659 1250 2672 -·
1284 2642 1338 2685 ros·

331 2745 411 2791 erre.
462 2730 622 2790 Tractavit
642 2730 727 2790 hunc
750 2730 855 2790 locum
873 2731 1035 2793 Salmafiua
1049 2751 1075 2794 c.
1094 2731 1116 2794 l.
1145 2733 1199 2812 qui
1215 2730 1251 2791 iic
1264 2729 1337 2810 legit:

331 2829 511 2890 internodio
531 2831 617 2892 velut
638 2828 728 2890 lembi
752 2835 882 2891 renuitas
903 2829 992 2892 birros
1013 2861 1083 2896 -.
1137 2832 1230 2896 Polie
1253 2845 1336 2890 umen

330 2932 427 2992 etiam
453 2931 515 3014 legi
549 2929 709 3016 subiungit
737 2932 835 2992 veluti
865 2933 992 2992 rtaviclc
1012 2961 1063 2976 -
1095 2936 1169 3015 quia
1194 2935 1225 2992 in
1250 2945 1337 2990 vetere

330 3031 440 3092 codice
465 3030 608 3094 Palatino
630 3034 682 3103 lit,
705 3038 759 3112 (ut
781 3032 868 3114 supra
889 3054 927 3094 ex
952 3035 1021 3094 aliie
1039 3035 1210 3110 notatum)
1236 3032 1338 3093 nanda.

328 3131 416 3210 quod
441 3130 475 3188 stt
492 3132 619 3192 novicia
633 3136 655 3196 i.
675 3155 703 3194 e.
726 3134 883 3196 riuvindu.
922 3135 1079 3212 Navigia.
1109 3136 1196 3216 qnod
1213 3132 1339 3194 coniicie·

329 3229 381 3290 bat
397 3229 593 3302 Ciacconiuc,
618 3233 713 3296 habet
728 3236 892 3296 Boccatiua
913 3237 952 3294 de
969 3236 1158 3298 fluminibus
1175 3235 1194 3296 l.
1213 3257 1241 3294 r.
1259 3229 1339 3294 ilcest-

328 3350 399 3392 uue.
428 3331 511 3392 Cum
529 3353 639 3396 omnee
654 3337 777 3396 codices
794 3337 845 3396 iila
860 3335 954 3396 verba
970 3349 1126 3406 tueantur,
1148 3331 1244 3398 Voffii
1258 3331 1337 3394 leutio

328 3435 473 3515 proxime
489 3433 527 3494 ad
542 3453 654 3496 verum
670 3437 816 3498 accedere
833 3437 969 3500 ridetur.
1006 3437 1115 3498 Novis
1131 3439 1174 3500 eli
1190 3435 1336 3517 explicatio

329 3537 518 3616 peritiorum
544 3535 761 3610 librariorun1;
793 3540 922 3599 rravitas
941 3537 979 3599 ab
1002 3539 1071 3600 eliie
1091 3537 1230 3600 effictum
1255 3531 1337 3597 etad

328 3632 418 3696 binos
433 3638 718 3700 accommodatum.
771 3639 858 3722 Quid
881 3639 917 3699 lit
937 3640 1035 3700 rianio
1059 3641 1118 3700 iam
1142 3661 1181 3701 ex
1197 3637 1278 3700 Festo
1294 3653 1335 3695 ex·

328 3733 433 3817 poluit
468 3733 599 3800 Volstue.
660 3739 759 3802 Porro
792 3743 899 3810 navis,
931 3760 991 3821 qua
1024 3741 1177 3802 Saturnus
1205 3739 1336 3799 adrectos

328 3851 410 3908 erat,
436 3839 469 3898 in
494 3841 622 3902 denario
645 3841 779 3923 exprelia
795 3841 835 3902 fic
854 3841 1080 3922 adpellabatur‚
1106 3845 1154 3902 uti
1175 3842 1290 3922 adparet
1303 3853 1334 3894 ex

328 3935 397 3998 lusu
416 3959 586 4020 puerorum
606 3943 689 4023 apud
708 3943 907 4003 illacrobinm
923 3945 957 4002 in
973 3943 1125 4004 Saturnal.
1149 3963 1177 4012 ι,
1200 3955 1231 4012 7·
1276 3933 1334 3996 l’0st

328 4039 416 4124 Prag.
439 4037 528 4101 birros
543 4054 574 4102 et
592 4043 720 4125 qnidam
735 4045 836 4105 trinus
853 4057 883 4104 et
899 4044 1034 4115 vcitana
1068 4045 1172 4109 Cibiu.
1197 4037 1330 4126 quaedam

327 4142 454 4204 tertiam
474 4142 605 4208 cedunt.
