2810 4944
371 403 455 460 cra.
487 405 523 458 n.
566 405 599 460 c.
628 405 679 464 vr.
722 403 747 474 a.
770 423 800 480 9.
861 429 865 442 ·
1041 399 1104 478 4⁶3

72 575 217 639 inducere
249 577 438 652 lectionem;
483 597 541 659 pro
571 577 757 658 Tingentera
783 576 871 636 enim
899 575 1103 640 scribendum

73 677 172 738 censet
201 679 299 759 Tinge
325 681 421 742 hiera.
472 681 590 738 Verum
612 679 688 758 qnid
712 677 767 736 obi
790 679 862 738 vult
886 679 965 740 tttnd
994 679 1106 742 deiero?

73 779 105 837 Si
121 779 277 840 Graecum
295 781 338 842 ett
359 793 391 841 et
409 777 523 840 sacram
547 779 707 862 fignificet,
738 779 807 858 quie
825 777 922 840 risum
942 783 1105 842 contineat

74 879 150 939 inter
166 880 296 942 Mauros
316 895 349 942 et
368 881 500 942 ultimos
516 879 669 962 Hispauoe
684 879 836 942 recenseri
858 883 1017 942 coloniam
1040 883 1105 942 tto·

74 999 193 1040 manem
218 1001 292 1043 cum
317 983 436 1042 Graeco
466 981 707 1064 cognomento?
759 981 807 1042 dn
830 1001 906 1066 ergo
928 982 975 1042 isti
997 1003 1104 1044 rernm

74 1081 210 1150 domini,
235 1084 291 1164 qui
308 1103 348 1144 ne
365 1084 398 1142 in
419 1081 480 1164 ipsa
496 1083 625 1162 quidem
642 1083 768 1144 Graecia
784 1083 853 1152 alia,
879 1103 975 1164 qnam
993 1085 1105 1144 Latina

75 1182 212 1244 indidere
234 1185 437 1266 cognomina,
464 1203 538 1243 cum
558 1183 669 1244 sacram
691 1185 795 1244 dicere
819 1183 999 1264 potuissent,
1029 1203 1104 1246 con·

74 1295 115 1342 tra
137 1303 245 1346 morea
266 1301 299 1346 et
323 1285 460 1346 instituta
485 1283 534 1345 sno
557 1285 706 1346 Graecam
730 1287 948 1366 praetulerunt
972 1287 1105 1366 appella·

73 1385 216 1446 tionem?
266 1387 328 1448 Sed
363 1401 395 1446 et
427 1405 522 1466 qnare
560 1399 593 1446 et
624 1384 771 1466 quorsum
802 1377 927 1476 sacra?
977 1387 1104 1448 Fierine

70 1485 183 1566 potest,
211 1499 247 1546 ut
264 1485 400 1548 serdibus
422 1489 553 1570 integris
572 1491 737 1568 quiequam
754 1489 825 1548 talia
848 1489 898 1548 vel
923 1485 1032 1546 scribat
1052 1487 1105 1548 vel

72 1587 212 1670 cogitet?
253 1607 382 1649 vosatve
405 1591 436 1648 t'u
464 1589 637 1668 appendice
661 1589 706 1648 ad
731 1589 761 1648 lt.
788 1587 810 1650 ἱ.
868 1588 985 1650 Nonne
1010 1587 1104 1650 sorrli·

72 1685 214 1750 diistnnre
232 1709 267 1749 ac
283 1691 376 1770 plane
392 1687 516 1772 pestifer
533 1691 566 1748 in
584 1689 691 1750 sludiie
707 1687 767 1750 snit
783 1685 916 1758 Voll'tue,
943 1691 997 1770 qni
1015 1691 1105 1751 velut

72 1809 105 1850 ex
138 1793 221 1852 meis
253 1789 358 1852 verbio
389 1793 526 1873 cogitare
552 1787 695 1851 sustinuit
721 1791 760 1850 de
793 1791 884 1872 Lepti
917 1792 1042 1852 minore
1070 1805 1103 1852 et

71 1911 199 1974 magna,
226 1905 263 1950 ut
285 1911 360 1952 mox
377 1891 492 1952 vocati
543 1892 653 1973 Quum
673 1891 710 1952 l'tc
728 1890 858 1952 scribere
878 1893 972 1962 velit,
998 1907 1048 1952 eat
1064 1891 1105 1952 ad

71 1990 157 2053 suurn
184 1993 332 2056 Plinium
360 2007 392 2052 et
420 1991 639 2054 Ptolemaeum
663 2007 696 2054 et
722 1995 924 2054 Antoninum
948 2006 981 2054 et
1004 1993 1105 2074 polle·

71 2096 165 2154 rioree
182 2085 462 2183 Leptirnogneuses
483 2107 514 2154 et
541 2085 798 2184 leptinu'uenses.
840 2093 977 2175 Operam
993 2095 1106 2156 damna

71 2215 154 2256 nunc
171 2195 375 2274 Pomponio,
401 2199 456 2274 qni
473 2195 587 2275 Leptin
610 2197 770 2254 minorem
791 2194 881 2274 plene
900 2197 1044 2278 ignorat;
1072 2205 1106 2256 et

71 2301 134 2357 eius
155 2297 267 2358 verbis
288 2296 328 2356 de
350 2297 435 2374 Syrti
452 2297 570 2356 maiore
592 2295 808 2376 intelligendis
831 2293 895 2356 fere
916 2295 1106 2357 crediderim

71 2399 185 2478 Leptin
210 2415 358 2479 magnam
382 2398 433 2456 vel
457 2399 611 2456 maiorem
635 2395 798 2476 proculam
822 2393 892 2458 else.
945 2397 1007 2456 Vbi
1029 2417 1106 2457 vero

71 2499 235 2559 Salmasius
256 2499 336 2557 dixit
357 2497 438 2558 hanc
463 2498 574 2576 Tingiu
597 2495 736 2558 absolute
758 2495 814 2580 (ea
832 2516 896 2557 vox
913 2495 1029 2578 Volsti)
1051 2517 1106 2560 vo·

72 2619 135 2660 care
158 2597 316 2659 alteram?
365 2597 440 2658 Non
459 2599 536 2658 dicit
555 2579 736 2666 Salmasius,
764 2597 901 2658 habuisse
924 2617 1106 2682 cognomen

71 2701 208 2762 absolute
223 2699 375 2768 Alteram,
402 2697 451 2760 sed
468 2699 584 2776 alltlela
599 2699 639 2760 fic
656 2701 771 2760 vocari.
823 2698 924 2758 Verba
940 2701 1009 2760 eiua
1024 2713 1107 2760 certa

70 2801 138 2862 sunt
161 2823 195 2884 p.
218 2811 299 2876 288.
327 2797 379 2886 [p.
395 2821 440 2861 m.
462 2794 566 2884 emp]
618 2801 735 2886 gllanc
759 2799 841 2860 Mela
856 2801 953 2882 Tingi
978 2801 1106 2860 alteram

69 2905 198 2964 vocarit
220 2903 258 2962 ad
278 2903 447 2962 discrimen
464 2903 577 2984 'lingis
596 2901 817 2970 Mauritaniae,
844 2913 875 2960 et
893 2901 978 2980 qnod
999 2919 1036 2960 ex
1055 2903 1107 2960 itta

69 3003 146 3066 haec
172 3005 269 3062 ducta
295 2997 367 3064 tin‘·
430 3005 538 3082 ltaque
569 3005 784 3082 comparative
817 3003 856 3062 stc
883 3003 998 3062 dictam
1025 3003 1104 3072 vult,

68 3126 135 3167 non
153 3103 315 3172 absolute,
342 3115 373 3164 et
389 3103 518 3183 quidem
535 3123 552 3162 a
569 3103 671 3174 Mela,
698 3105 751 3184 qni
775 3104 808 3162 in
831 3102 884 3162 lib.
910 3123 938 3162 r.
962 3103 1001 3163 de
1020 3103 1107 3163 ntan-

68 3209 203 3267 riranica
226 3207 332 3287 Tinge
361 3217 477 3288 egerat.
510 3235 559 3250 -
609 3205 671 3266 Sed
694 3223 795 3284 nequo
817 3223 878 3288 ego
900 3205 965 3264 dixi
991 3205 1107 3285 Leptin
1198 3253 1202 3260 ,

67 3327 221 3402 magnam
261 3309 518 3388 cognominatam
560 3301 647 3366 soille
686 3307 802 3388 Leptin
833 3305 979 3372 alteram,
1020 3305 1108 3387 qnod

67 3423 178 3492 rogat3
220 3405 269 3466 sed
296 3407 379 3466 dlela
405 3407 443 3466 lic
469 3405 618 3487 explicat,
652 3420 691 3466 nt
718 3420 855 3488 pateret,
889 3405 1042 3466 diversam
1067 3405 1105 3486 ab

68 3515 157 3592 priue
184 3508 361 3568 nominata.
415 3507 481 3568 Cur
509 3508 605 3590 igitur
631 3507 743 3568 debuit
775 3507 941 3568 Salmaliue
967 3521 1019 3566 ant
1045 3527 1106 3590 ego

68 3611 252 3678 ostendere,
293 3609 392 3668 ullum
426 3609 532 3670 locum
559 3619 612 3667 ant
642 3609 738 3668 ullam
772 3609 936 3668 civitatem
967 3607 1107 3668 absolute

70 3715 200 3774 alteram
224 3711 339 3770 dictam
363 3707 473 3770 fnisse?
538 3708 603 3770 Cur
626 3707 746 3792 negasse
772 3707 800 3769 le
821 3709 989 3792 gloriatur,
1021 3709 1107 3768 illam

70 3815 214 3874 absolute
232 3813 271 3870 tic
290 3808 595 3890 iniffe'appellatam,
621 3829 695 3870 cum
717 3811 796 3870 lolia
814 3813 884 3870 loza
907 3823 967 3876 etc.
991 3829 1108 3892 cogno·

70 3919 191 3974 minata
219 3913 330 3980 suerit,
357 3931 423 3970 non
445 3913 557 3978 altera,
592 3929 690 3990 quum
717 3911 881 3972 Salmatiua
904 3911 935 3970 id
960 3913 1107 3990 nuspiam

71 4014 207 4076 statuat?
260 4012 428 4072 Haliariam
449 4025 502 4071 aut
520 4011 706 4072 Sarilsariam
727 4009 910 4092 exspectabo
931 4011 969 4070 ab
991 4007 1107 4078 Vedio,

70 4137 136 4180 non
161 4117 276 4197 utique
307 4115 392 4197 apud
418 4113 550 4175 Mauros
573 4125 606 4175 ct
632 4112 806 4196 Hispanos,
846 4109 899 4174 led
921 4131 1107 4196 quacunque
