2868 4942
340 399 404 472 168
646 401 889 460 ΡΟΜΡΟΝῙῙ
923 401 1082 460 Macte

340 579 457 650 stituit,
489 579 539 638 uti
560 596 703 660 quoqne.
732 579 787 658 qui
810 597 884 638 eum
910 574 1050 658 seqnitur
1072 576 1250 639 Marcianus
1273 577 1348 640 llere·

340 683 451 742 cleota.
480 677 532 768 [p.
553 693 610 758 24.
633 674 755 766 stadt]
801 672 881 741 ’Δπὸ
907 674 1102 766 liaprre'lltryc
1123 673 1225 766 ἄκρας
1245 678 1282 754 εἷς
1300 682 1349 740 lio·

337 777 446 846 νεάταν
466 777 561 844 πόλιν
585 773 704 844 στάδια
727 775 776 862 φ’.
822 777 993 844 Ἐνταῦθα
1022 780 1231 867 παροικοῦσιν
1259 781 1285 845 oi
1309 803 1350 843 κα-

337 873 491 976 λαύμεγαι
517 878 756 970 Πασαργάδαι.
790 881 977 970 Καρμανῶν
1004 873 1093 956 ὄντες
1122 874 1228 967 ἐγγύς.
1277 883 1350 966 Legit

336 985 501 1048 Salmasrue
523 978 583 1070 [ad
605 985 708 1047 Solim-
723 1005 791 1067 cap.
809 997 866 1062 58.
885 982 903 1045 s.
923 997 982 1062 55.
998 1003 1029 1065 p.
1046 1005 1092 1046 m.
1109 979 1216 1070 345]
1239 983 1350 1072 liopda-

335 1086 398 1149 νῶν
429 1080 519 1158 ὄντες
545 1077 652 1170 ἐγγύς.
711 1087 775 1148 Sed
808 1087 920 1167 utique
955 1083 1155 1146 scribendum
1190 1086 1349 1172 Kapporrir

335 1179 427 1262 ὄντες
453 1177 562 1272 ἐγγύς.
626 1188 775 1250 Attamen
800 1190 834 1248 in
860 1189 1044 1268 Pomponio
1070 1189 1199 1248 alteram
1231 1186 1347 1270 praefero

333 1289 526 1361 lectionem,
556 1290 628 1371 quia
644 1288 830 1374 Pasargadae
845 1289 941 1374 longe
964 1289 1040 1350 irinc
1056 1289 1201 1358 aberant,
1227 1291 1349 1350 omnino·

335 1415 396 1476 que
412 1411 525 1454 eornm
540 1393 632 1454 litum
649 1391 808 1472 ignoravit
820 1392 1032 1460 Ptolemaeua.
1054 1411 1129 1452 cum
1147 1406 1274 1476 gentem
1289 1392 1348 1452 broc

334 1499 372 1558 ad
396 1495 468 1556 oilla
485 1495 569 1556 sinuo
588 1493 700 1554 Persici
721 1495 869 1562 collocat,
896 1490 1001 1575 ipsum
1019 1512 1096 1554 vero
1117 1495 1273 1575 oppidum
1286 1494 1349 1554 inter

334 1596 516 1662 Brisoanam
535 1609 566 1656 et
582 1595 753 1677 Bagradam
776 1595 918 1656 flumina.
967 1597 1106 1664 Veteres,
1131 1598 1189 1677 qui
1206 1595 1348 1656 Alexandri

334 1723 382 1764 res
403 1699 582 1780 prodidere.
608 1695 789 1779 Pasargadae
805 1697 960 1778 oppidum
976 1710 1009 1758 et
1023 1711 1156 1780 gentem
1178 1700 1255 1759 circa
1267 1694 1348 1758 Perse·

332 1803 422 1886 polin
438 1801 474 1860 ad
494 1799 660 1860 Orientem
679 1797 868 1860 describunt.
894 1833 942 1844 —
968 1817 1111 1862 voserve.
1167 1802 1244 1860 Eiue
1262 1819 1347 1860 emen·

332 1903 470 1965 dationis
492 1903 604 1960 ducem
623 1899 734 1959 babuit
749 1901 931 1962 Salmasrum
952 1901 989 1960 ad
1006 1901 1156 1962 Solinum
1179 1923 1212 1982 p.
1226 1921 1266 1961 m.
1283 1913 1347 1978 832.

332 2025 359 2068 c.
381 2005 401 2068 l.
425 2003 479 2084 qui
496 2002 561 2062 levi
580 2013 703 2061 tantum
727 2002 907 2062 discrimine
923 2001 1069 2063 volebat:
1103 2002 1152 2062 ad
1167 1994 1347 2094 Pasargadas

334 2105 434 2169 Coros
454 2093 613 2190 effluunt,
646 2118 679 2162 et
703 2103 848 2163 Andania
879 2117 1093 2165 correctorum
1118 2123 1265 2171 amnem,
1296 2121 1345 2163 noa

331 2207 575 2270 Germaniarum
592 2204 730 2285 putabat.
762 2205 894 2288 Adlegat
909 2207 982 2264 ideo
997 2205 1201 2275 Strabonem.
1224 2201 1293 2292 [lib.
1305 2215 1345 2279 15.

330 2329 363 2392 p.
389 2304 512 2386 501.st
533 2301 639 2394 729.]
675 2307 708 2364 iu
732 2325 795 2387 quo
819 2305 942 2390 legatur
964 2301 1070 2394 Κόρας
1097 2297 1222 2392 [vulgo
1243 2298 1345 2394 Κῦρος]

330 2403 401 2498 trapi
423 2401 647 2496 Πασαργάδας
667 2403 754 2492 ῥέων.
807 2409 938 2488 Repetit
952 2411 1088 2470 eandem
1105 2412 1345 2470 emendationem

330 2513 368 2573 arl
381 2511 483 2574 Solin.
499 2529 565 2591 cap.
579 2522 636 2588 59.
650 2507 669 2570 s.
683 2522 739 2585 55.
758 2529 790 2591 p.
806 2529 850 2571 m.
865 2519 950 2588 845.
972 2523 1096 2570 tantum
1112 2511 1145 2570 ira
1161 2502 1345 2602 Pasargadit.

329 2617 373 2677 At
391 2615 425 2676 in
443 2611 606 2694 posteriori
622 2610 772 2672 hocloco
790 2611 893 2680 docet,
918 2595 1101 2695 Pasargadas
1117 2612 1218 2696 longe
1239 2613 1306 2672 lrinc
1321 2613 1345 2669 io

328 2715 453 2778 Perlide
479 2713 691 2775 conlocandoe
716 2711 794 2784 else;
835 2713 921 2793 quod
954 2732 1030 2774 cum
1065 2713 1278 2796 comprobent
1299 2713 1345 2780 atii,

327 2831 413 2878 recte
429 2816 469 2878 de
488 2833 586 2896 pravo
601 2833 714 2875 eorum
733 2815 791 2874 srtu
809 2814 890 2896 apud
906 2814 1128 2876 Ptolemaeum
1145 2817 1276 2878 monuit
1290 2810 1346 2874 Vol·

329 2917 406 2988 liue.
439 2915 497 2976 nisa
519 2918 590 2998 quis
613 2917 706 2976 latius
730 2935 843 2976 eorum
862 2913 949 2976 sedes
970 2917 1135 2987 extendat.
1166 2919 1222 2978 vel
1242 2929 1345 2999 partem

327 3039 439 3082 eornm
453 3017 491 3078 ad
512 3017 626 3078 ollium
642 3016 754 3077 Persici
768 3018 851 3078 linus
867 3016 1014 3078 habitasse
1033 3019 1128 3089 velit,
1153 3021 1240 3100 quod
1257 3035 1346 3080 tameo

325 3119 454 3182 aliunde
480 3117 563 3179 ellici
589 3119 708 3200 nequit.
755 3121 804 3179 De
830 3118 993 3181 Strabonis
1020 3121 1092 3181 loco
1119 3119 1242 3181 consuli
1267 3121 1345 3182 etiam

324 3221 426 3306 potest
439 3219 653 3290 casaubonus,
678 3220 732 3300 qui
752 3221 841 3280 malit
860 3221 972 3284 Coros.
1012 3223 1080 3282 lam
1096 3239 1174 3282 vere
1190 3222 1246 3284 etsr
1263 3221 1346 3284 Coros

324 3323 377 3386 vel
404 3321 517 3385 Corios
540 3324 672 3403 propius
696 3320 816 3382 Persidi
842 3335 874 3383 et
904 3323 1041 3383 maxime
1071 3321 1250 3407 Pasargadia
1274 3324 1344 3390 fluat,

323 3426 420 3486 nimia
435 3437 541 3484 tamen
558 3423 634 3484 haec
653 3425 747 3484 lectio
762 3443 779 3484 a
798 3422 921 3486 MSStie
936 3425 1072 3494 recedit,
1093 3445 1189 3506 quam
1205 3438 1241 3486 ut
1256 3423 1344 3503 excipi

283 3595 288 3606 .
323 3539 426 3608 queat.
479 3525 598 3586 Mirum
617 3527 723 3594 etiam,
750 3526 835 3606 qaod
857 3521 989 3596 voffiur.
1013 3545 1215 3608 comparum
1231 3527 1284 3611 ipsa
1301 3525 1342 3585 tri·

323 3629 400 3689 brrat
423 3627 565 3708 adeoque
594 3625 728 3696 refutet,
769 3628 803 3686 in
828 3625 894 3707 ipso
923 3639 1030 3689 tamen
1060 3640 1213 3690 contextu
1241 3625 1342 3710 posuit.

322 3731 457 3792 Facilius
479 3742 562 3790 certe
587 3743 620 3788 et
645 3730 748 3810 aptius
773 3729 952 3789 remedium
982 3729 1128 3791 admovit
1156 3730 1339 3795 Hermolaus,

322 3833 374 3893 cui
395 3843 480 3892 recte
502 3832 644 3912 plerique
663 3827 874 3892 adsenserunt.
926 3829 1058 3912 Optime
1080 3833 1168 3891 enim
1187 3833 1259 3893 fitur
1279 3849 1340 3891 con·

320 3934 429 4003 venit,
464 3930 648 3994 srPlinium
669 3953 696 3993 c.
715 3931 736 3994 l.
760 3929 907 4012 sequarie,
941 3933 995 4012 qui
1022 3930 1111 4013 supra
1138 3933 1233 3995 Sabin
1263 3931 1339 4014 ponit

321 4033 484 4100 Andania.
536 4033 754 4097 Consentiunt
782 4033 855 4104 alii,
894 4053 993 4114 parvo
1020 4047 1147 4095 tantum
1174 4034 1338 4096 discrimine

319 4135 476 4200 distanter.
518 4139 569 4200 Da
594 4136 738 4200 Nearcho
758 4147 849 4198 antea
870 4134 1073 4207 dictumest,
1107 4136 1198 4198 cuiue
1219 4135 1336 4198 drramin
