2848 4942
358 414 399 492 ⁶4
650 412 906 471 eoneonn
944 413 1110 470 uenae

358 589 489 660 contuli,
515 587 635 675 legitur
654 587 872 651 interiacentis
888 587 941 650 vel
962 588 1209 672 interloquentes,
1232 586 1384 670 quomod<

359 694 453 754 etiam
481 694 514 753 in
547 693 615 754 aliie
647 691 822 754 nonnullis.
880 691 918 751 ln
951 689 1182 752 recentioribus
1207 689 1384 772 quibusdan

360 795 444 854 inter
473 795 629 865 iocantes,
672 813 768 874 quam
794 793 968 854 lectionem
993 793 1123 874 quidem
1155 793 1314 872 proponit
1341 787 1384 851 Sal

357 895 484 966 malina,
519 893 570 956 sed
595 915 671 956 mox
694 895 813 965 reiicit,
838 907 871 955 et
894 895 1028 965 merito,
1055 914 1128 954 cum
1143 913 1209 955 non
1225 890 1384 954 consentia

358 1017 432 1057 cum
453 997 509 1068 iis,
539 1017 618 1079 qnae
648 995 753 1057 scribit
776 997 971 1066 Herodotus,
995 993 1042 1085 [c.
1065 991 1107 1083 l.]
1139 1009 1172 1056 et
1197 995 1230 1055 in
1256 995 1314 1054 lite
1338 1006 1384 1052 tan

359 1095 434 1159 seria
468 1099 684 1180 intempestivi
716 1096 788 1158 suut
812 1099 886 1160 ioci.
947 1097 1040 1160 iiiam
1072 1111 1178 1158 tamen
1205 1095 1384 1158 iocosama

357 1201 524 1261 ridiculam
555 1202 729 1262 lectionem
764 1215 924 1280 tamquam
958 1200 1154 1284 gemmulam
1180 1199 1322 1279 aliquam
1352 1215 1384 1258 en

358 1301 514 1364 osculatur
535 1301 670 1363 infelicis
696 1303 819 1385 ingenii
839 1303 976 1362 iuvenis.
1029 1302 1113 1362 Dein
1136 1300 1258 1360 Melam
1283 1299 1384 1359 rrniinn

359 1403 492 1464 aliorum
514 1405 700 1484 populorum
723 1405 906 1463 mentionem
920 1393 1040 1492 feciffe
1059 1393 1248 1489 ont-facere
1270 1389 1384 1486 volniſj

359 1506 391 1566 in
410 1496 623 1596 describendis
643 1503 793 1576 moribus,
832 1525 926 1588 qrrarn
947 1525 1079 1586 qnorum
1102 1504 1243 1563 meminit
1267 1504 1300 1561 in
1327 1491 1384 1590 ipfi

361 1607 564 1687 Gangraplu'o
593 1617 625 1666 et
656 1607 776 1666 notitia
803 1607 947 1686 regionis.
1008 1607 1093 1666 Haec
1119 1605 1193 1666 licet
1218 1604 1315 1664 valde
1342 1603 1384 1660 lin

355 1711 515 1778 intricata,
548 1721 629 1790 puto
652 1721 758 1768 tamen
784 1707 846 1768 hoc
877 1707 980 1768 dicere
1001 1705 1150 1774 voluisse,
1185 1705 1309 1766 Melam
1334 1721 1384 1764 not

358 1808 530 1870 describere
545 1827 651 1870 mores
673 1809 882 1892 populorum,
906 1808 963 1868 nisr
981 1828 1119 1890 quorum
1135 1807 1184 1868 bie
1200 1807 1384 1868 meminerit

356 1911 429 1972 Hoc
452 1923 558 1971 autem
579 1929 674 1990 quam
697 1929 810 1972 verum
832 1909 883 1979 sn,
917 1929 992 1970 cum
1015 1907 1232 1991 paisrmalibi,
1268 1922 1339 1967 tum
1361 1925 1384 1966 en

355 2011 418 2072 hoc
441 2010 506 2092 ipso
528 2010 597 2073 satie
622 2013 730 2095 colligi
748 2006 844 2092 possit
866 2012 977 2092 capite.
1030 2013 1156 2094 Pergit:
1189 2007 1320 2070 Nullibi
1340 2011 1384 2068 An

346 2113 516 2173 ,electarum
540 2114 684 2174 meminit
710 2113 815 2182 Μαῖα,
843 2111 955 2173 nullibi
976 2114 1017 2172 eis
1042 2104 1150 2203 sedon
1179 2112 1324 2192 nliqrranr
1345 2107 1384 2168 tri

356 2211 434 2276 imit.
489 2216 559 2276 lmo
578 2213 682 2275 sedem
705 2215 742 2276 iis
766 2214 876 2274 tribuit
898 2215 981 2275 inter
1001 2215 1134 2292 Scythas
1154 2214 1293 2273 interius
1316 2209 1384 2270 habi

355 2328 475 2384 tantas,
511 2317 565 2394 qni
590 2315 793 2397 praecellere;
830 2318 903 2396 quia
928 2335 1006 2376 vero
1035 2317 1110 2376 alibi
1141 2333 1207 2375 non
1234 2313 1384 2374 meminit

354 2417 429 2477 ideo
445 2417 498 2476 hic
519 2416 647 2476 suerunt
666 2418 850 2487 reducendi,
882 2417 1063 2498 etquidem
1086 2417 1156 2478 loco
1173 2415 1350 2476 commodo
1367 2433 1384 2472 e

354 2519 562 2578 convenienti
587 2517 728 2600 ipsorum
759 2519 900 2586 nomini,
943 2537 1018 2578 cum
1046 2507 1195 2601 αὒχηταὶ
1223 2537 1239 2576 a
1270 2515 1384 2576 Graecis

352 2617 534 2680 iactabundi
558 2632 730 2688 vocentur,
762 2619 867 2699 quales
890 2617 963 2678 sunt
983 2618 1032 2678 isli
1053 2619 1207 2697 Scythae,
1241 2637 1324 2700 qnos
1347 2615 1384 2674 bit

353 2719 500 2782 describit
522 2717 616 2782 Mela.
660 2709 794 2782 voestve
814 2721 846 2779 in
868 2718 1042 2800 appendice
1068 2719 1113 2778 nd
1138 2721 1170 2781 n.
1197 2719 1218 2781 l.
1293 2720 1384 2798 Atqut

353 2825 530 2883 etiamnum
553 2821 638 2883 sedet
657 2821 734 2882 haec
756 2819 925 2902 sententia,
958 2821 1077 2881 etiamsi
1095 2816 1218 2882 Vossius
1238 2820 1324 2879 milri
1344 2817 1384 2878 ob<

352 2924 447 2984 ductu
479 2924 681 2992 Salmasurm,
720 2925 809 2984 cuius
844 2920 1009 3006 satagentin
1041 2923 1179 3003 (leuique
1218 2923 1384 2982 inventum

352 3024 567 3103 interingatien
598 3045 768 3085 numerum
800 3023 926 3084 obtinet
949 3017 1088 3082 Vnffiani
1109 3023 1329 3101 trorrsingnre,
1362 3027 1384 3080 el

351 3137 523 3202 utrumqne
542 3125 620 3184 illuc
637 3126 844 3195 mittendum,
867 3125 923 3184 ubi
939 3145 1103 3204 nunquam
1122 3121 1252 3184 fuerunt
1271 3125 1384 3184 Latina<

350 3225 385 3284 Si
409 3223 550 3313 Vossrum
566 3226 684 3294 audias,
711 3228 745 3284 in
766 3225 964 3306 perpotando
982 3227 1021 3286 iia
1041 3223 1115 3285 seria
1131 3226 1181 3307 agi
1203 3225 1335 3294 debent,
1361 3231 1384 3280 es

351 3323 567 3403 intempestivi
590 3325 653 3384 illic
672 3325 743 3384 sunt
763 3327 836 3387 ioci.
890 3328 946 3388 Ille
969 3345 1095 3405 qnoque
1115 3321 1241 3386 Volliue
1257 3327 1312 3396 esi,
1338 3323 1384 3403 qui

350 3424 527 3506 gemmulas
547 3423 670 3483 amabat
685 3425 866 3489 exosculari.
906 3427 1034 3489 Scilicet
1049 3428 1133 3486 inter
1152 3427 1288 3488 interius
1308 3427 1384 3486 habi

351 3537 452 3584 tantas
475 3526 656 3584 nominavit
674 3525 757 3586 Mela
781 3529 957 3596 Anclzetos,
992 3541 1024 3588 et
1046 3529 1119 3610 quia
1142 3528 1217 3587 alibi
1234 3549 1304 3590 uon
1328 3547 1384 3586 nae*

350 3626 463 3693 minit,
496 3625 570 3685 ideo
598 3625 650 3684 hic
680 3623 809 3686 suerunt
836 3629 1018 3690 reclncendi.
1080 3629 1152 3711 Qua
1184 3631 1218 3688 in
1251 3629 1384 3712 regionis

349 3724 437 3786 istius
466 3739 552 3805 parte
575 3745 630 3786 eoa
659 3727 885 3789 inveniemus?
937 3727 1087 3788 Nimium
1109 3743 1219 3811 patent
1241 3731 1289 3790 illi
1311 3732 1384 3789 inte

348 3827 414 3884 rius
436 3824 630 3906 habitantes,
664 3841 810 3908 quarunt
827 3827 883 3888 soli
906 3847 944 3887 ex
968 3829 1083 3890 Graeca
1105 3831 1214 3913 lingua
1233 3832 1384 3892 Anclr-etao

349 3925 415 3985 istic
439 3925 581 4009 vestigari
606 3943 733 4007 queant.
786 3929 890 3989 Etiam
910 3927 1036 3989 iocatus
1057 3944 1089 3990 et
1112 3932 1237 3992 iocatus
1258 3930 1384 3992 miscen«

348 4039 400 4086 tur
426 4027 510 4108 apud
536 4027 658 4088 Festum
680 4031 714 4088 in
737 4028 867 4109 Rigida.
923 4030 956 4090 Si
982 4029 1130 4090 voluisset
1153 4033 1312 4093 Aricinos
1333 4052 1384 4092 un·

348 4130 487 4198 minare,
525 4127 557 4188 id
586 4127 702 4191 fecisset
729 4131 762 4190 in
786 4131 940 4192 relatione
966 4126 1107 4192 sontium
1134 4133 1297 4215 Hypanis,
1334 4131 1384 4192 ubi
