2836 4940
345 459 438 520 ΗΒ.
467 463 519 516 111.
564 461 598 518 c.
619 462 685 522 vlt.
726 461 752 531 ς,
775 459 804 518 6.
1035 473 1097 544 ⁸³9

69 647 193 696 uernam
219 635 317 696 Tauri
344 649 466 717 partem
495 633 584 696 fuisse
613 635 817 718 appellatam,
851 629 903 696 seel
925 657 1002 699 vero
1024 639 1098 700 ulti·

68 757 151 798 muru
175 738 252 798 lmai
280 739 541 818 promuntorium
564 737 702 798 Tamum
733 737 784 798 vel
806 737 979 799 Tamamm
1008 737 1097 802 fuisse

72 839 229 900 creditum.
282 839 468 900 Ptolemaeo
495 834 550 924 [7.
574 833 629 924 9.]
664 838 726 898 hoc
755 841 1019 919 promuntorium
1052 840 1097 904 est

71 934 225 1028 pondo,
256 941 311 1000 'uti
336 939 456 1002 habent
479 953 584 1002 vetera
607 939 813 1022 exemplaria.
847 961 913 1002 non
937 938 1095 1030 Τὴμαλα,

73 1055 107 1100 ut
122 1041 222 1124 vulgo.
256 1061 396 1114 voeetve.
450 1043 484 1104 Si
504 1041 622 1102 Melam
635 1043 742 1102 audiat
757 1053 789 1102 et
811 1042 843 1100 iu
861 1041 920 1104 suia
936 1043 1029 1104 rebus
1053 1043 1096 1106 se·

72 1143 223 1222 quendum
244 1156 354 1225 putea,
383 1141 475 1214 salso,
501 1155 537 1202 ut
560 1144 622 1204 iam
645 1157 735 1203 antea
760 1144 881 1203 dictum
904 1143 962 1214 esl,
989 1145 1096 1208 Tabirt

71 1241 217 1304 substituit
244 1245 421 1306 Pintianua.
475 1245 574 1327 Quod
597 1247 684 1304 euim
714 1243 810 1304 lmine
832 1247 942 1326 capitio
964 1248 1096 1309 initium

71 1345 168 1414 docet,
202 1344 305 1406 noster
327 1348 453 1408 Indiam
475 1346 532 1406 hac
555 1359 640 1426 parte
651 1365 678 1412 ,a
699 1347 795 1406 Tauri
815 1347 897 1430 ingla
920 1349 1094 1420 exorditur,
1152 1421 1160 1436 ἢ

71 1447 202 1506 Taumm
227 1461 334 1508 autem
354 1447 393 1508 ab
415 1447 492 1510 Eoia
517 1448 663 1508 litoribna
688 1447 830 1517 adtollit,
856 1445 916 1527 (cs.
941 1451 1036 1510 etiam
1064 1469 1095 1521 r,

75 1566 85 1605 r
94 1557 122 1623 5,
138 1551 187 1622 Ω.)
214 1561 247 1609 et
260 1549 298 1609 ab
315 1569 354 1610 eo
372 1549 468 1632 longe
482 1561 643 1610 remotum
661 1549 737 1607 dicit
753 1548 856 1616 ‘sabin
872 1563 1027 1620 montem,
1054 1551 1095 1614 stc

70 1661 102 1706 ut
120 1649 197 1710 inter
222 1669 295 1710 eum
317 1665 350 1712 et
372 1652 515 1711 Taurum
536 1653 626 1714 Seres
649 1648 839 1713 interessent.
892 1652 939 1712 Ex
959 1671 1022 1734 quo
1043 1651 1095 1713 ad·

68 1763 162 1829 paret,
188 1770 256 1812 non
278 1751 363 1832 posse
384 1751 517 1820 Melam,
553 1752 572 1810 sr
595 1749 697 1812 secum
716 1749 907 1823 consentiat,
941 1753 1094 1816 adtollere

69 1851 163 1912 Tabin
192 1855 468 1933 promontorium,
505 1855 591 1934 quod
612 1853 798 1934 ponendum
821 1853 864 1914 esi
891 1855 927 1944 in¹
953 1856 1093 1916 cousinio

69 1954 152 2014 marie
167 1953 307 2032 Scythici
327 1967 359 2016 et
373 1956 471 2016 Serlci
489 1956 538 2016 vel
554 1955 629 2032 Eoi,
656 1955 808 2016 immolo
831 1955 885 2016 illo
902 1957 1019 2040 magle,
1045 1957 1096 2017 uti

68 2067 142 2140 recte
163 2057 261 2117 etiam
285 2055 512 2118 demonstravit
533 2055 697 2119 Salmasius
717 2055 754 2115 ad
778 2056 925 2119 Solinnm
949 2078 1016 2136 cap.
1032 2067 1092 2136 55.

67 2151 152 2231 [52.
177 2178 209 2238 p.
232 2177 276 2218 m.
300 2173 384 2232 700.
438 2157 480 2218 Et
504 2157 542 2218 stc
569 2157 672 2218 Tabin
696 2157 811 2218 eodem
834 2171 933 2220 tractu
958 2158 1095 2220 ollendit
1221 2177 1225 2192 ·

68 2255 181 2320 Plinius
198 2257 233 2328 6.
251 2273 317 2345 ρο.
339 2257 361 2322 s.
382 2273 438 2333 17.
465 2278 529 2340 quo
552 2259 666 2320 noller.
725 2258 855 2318 Tamum
879 2259 1019 2342 agnoscit
1042 2261 1096 2320 hic

68 2359 154 2420 etiam
175 2361 343 2422 Bocoatina
360 2359 382 2422 s.
404 2383 437 2422 v.
460 2362 608 2422 lodicum
626 2379 731 2430 mare,
756 2361 811 2420 ubi
833 2359 953 2422 scribit:
989 2383 1010 2422 c
1036 2362 1095 2423 Ta·

70 2479 113 2520 mo
134 2494 179 2508 -
207 2461 253 2520 ud
268 2460 355 2522 mabri
374 2463 471 2522 morit
490 2460 634 2553 Iastium.
672 2463 763 2522 ldem
780 2463 1095 2524 verbdemootibtte

70 2557 136 2625 s.v.
159 2563 283 2624 Tamne
304 2563 415 2624 eadem
440 2563 542 2624 Melae
562 2563 656 2624 verba
673 2565 787 2640 repetit
807 2576 838 2622 et
861 2564 924 2622 levi
946 2565 1095 2644 deprava·

69 2663 147 2725 tione
163 2661 300 2744 adspersa
318 2663 338 2724 s.
357 2685 387 2725 v.
408 2665 577 2726 Asiaticum
594 2685 678 2724 mare
697 2665 788 2744 plane
804 2665 839 2722 ad
856 2683 922 2724 rem
941 2675 1095 2725 mentern-

69 2783 121 2844 qne
140 2767 243 2826 tl‘lelae
266 2763 385 2834 scribit:
420 2768 511 2828 Inter
531 2763 649 2826 Talaum
669 2765 749 2848 (leg.
768 2763 928 2847 Tamum)
949 2785 1094 2845 prornorr·

70 2867 191 2935 lorium,
225 2865 312 2948 φωτὶ
337 2867 455 2926 Taurus
477 2865 601 2927 extollit
624 2878 654 2926 et
683 2864 791 2926 Tabim
814 2879 948 2926 orontem
972 2867 1095 2928 Sericus

69 2965 105 3056 eft
123 2965 279 3030 Oceanus.
315 2965 408 3028 tatu
432 2971 526 3052 igitur
543 2969 597 3030 bic
614 2965 686 3029 serri
703 2969 822 3048 nequit.
855 2967 969 3049 Neque
987 2983 1094 3028 tamen

69 3071 298 3140 contenderim,
331 3091 371 3130 arr
392 3071 551 3154 integrum
574 3087 693 3132 nomen
718 3071 935 3150 intactumque
957 3068 1094 3151 supersit,

68 3170 172 3231 Imorts
201 3171 365 3232 lleinoldii
390 3173 494 3251 primo
525 3172 624 3232 slatim
653 3173 773 3231 intuitu
800 3169 933 3252 speciem
957 3172 1096 3252 aliquam

70 3275 131 3332 reri
162 3273 285 3334 obiicit.
344 3275 456 3335 Strabo
492 3275 580 3334 eninr
613 3271 668 3334 lib.
705 3292 758 3334 tr.
798 3293 830 3353 p.
857 3287 940 3351 357.
964 3271 984 3335 s.
1009 3285 1094 3353 5¹9·

68 3371 121 3436 τοῦ
142 3369 277 3458 Ταύρου
293 3367 332 3438 ri
350 3371 541 3438 τελευταῖον
562 3373 606 3461 τῆ
626 3369 742 3460 Ἰνδικῇ
764 3363 931 3444 ξυνάπτον
955 3393 1003 3444 eo,
1031 3395 1094 3454 quo

18 3551 19 3556 η
69 3473 158 3554 ipsam
174 3477 308 3546 indiam,
329 3477 367 3538 ad
386 3475 551 3538 Orientem
568 3495 698 3559 vergere
716 3474 829 3538 scribit.
858 3477 900 3536 Et
917 3475 954 3535 tic
968 3475 1023 3536 lib.
1040 3485 1093 3552 ¹5·

69 3595 98 3655 p.
113 3598 154 3638 m.
170 3585 255 3658 474.
270 3574 290 3638 s.
308 3579 392 3658 689.
428 3579 551 3640 Indiam
574 3579 736 3639 terminari
754 3579 831 3638 dicit
849 3598 865 3637 a
883 3575 1095 3658 septentrione

70 3680 211 3740 extremis
236 3681 350 3750 Tauri,
384 3681 418 3740 in
448 3679 563 3760 quibua
589 3679 757 3740 Orientem
783 3677 890 3739 versut
918 3677 953 3738 stt
978 3679 1094 3740 smaue.

70 3777 133 3840 Nec
151 3780 329 3859 discrepant
353 3783 500 3842 rlrrianua
520 3782 554 3840 in
578 3780 649 3842 lud.
674 3801 699 3844 c.
725 3796 757 3842 α.
795 3779 956 3841 Marciano
980 3799 1011 3860 p.
1034 3789 1093 3856 25.

71 3879 160 3941 Huds.
189 3893 221 3942 et
244 3883 365 3943 l’liniua
382 3883 414 3952 6,
435 3897 492 3945 21.
512 3879 531 3941 s.
556 3897 611 3956 17.
638 3895 670 3944 et
694 3881 874 3944 Euslathiua
897 3881 937 3940 ad
960 3878 1093 3959 Dionys.

71 3995 196 4060 v·7lt7·
223 3983 337 4067 τμῆμα
363 3981 423 4048 τοῦ
446 3977 581 4070 Tatipou
601 3997 704 4046 vocat.
757 3983 897 4053 Accedit,
924 3982 1010 4063 qnod
1033 3981 1096 4042 Pli-
1226 3981 1228 3988 '

72 4084 134 4146 niue
148 4105 173 4146 c.
193 4085 214 4146 l.
241 4085 362 4146 indiam
383 4085 421 4146 ab
436 4087 569 4146 Emodie
585 4085 751 4146 montibun
772 4085 893 4164 incipit,
920 4101 1094 4164 eorumque

71 4187 315 4264 promontorium
349 4185 429 4250 infra
463 4186 587 4249 imaum
613 4199 787 4258 memorat,
823 4197 933 4248 contra
963 4183 1093 4246 Tanaum
