2796 4948
313 457 402 515 tto.
430 459 469 513 11.
513 457 546 516 c.
568 459 605 520 v.
647 456 673 528 l·
698 471 728 526 a·
749 464 782 534 4·¹
1006 475 1069 539 565

24 643 134 702 torres.
172 629 258 694 nihil
286 629 350 692 toci
380 643 501 694 natura
525 623 693 693 'remorata
718 629 780 723 est,
814 651 877 718 quo
903 634 1007 696 vuinus
1033 651 1065 698 et

22 747 144 814 portum
162 755 292 810 caperes
307 746 339 794 et
353 731 457 794 urbem
478 735 636 806 continuo,
662 729 796 818 stoelt's.
848 736 934 820 Ergo
954 752 1063 818 portua

22 837 63 896 ibi
83 837 233 917 primum
255 835 437 916 capiebatur
465 850 558 918 atque
582 838 662 898 adeo
687 839 825 899 exterior
851 853 933 908 erat,
967 861 1061 920 qnam

21 937 108 1008 urba,
133 957 235 1018 quam
250 937 398 1022 cingebat
413 952 445 998 et
463 940 496 998 in
521 937 549 998 le
571 939 766 1001 continebat.
818 941 870 1002 sic
887 939 1061 1004 Martianus

21 1039 145 1121 Capella
160 1038 220 1101 lib.
237 1037 270 1102 6.
295 1060 327 1121 p.
348 1056 430 1102 210.
459 1039 610 1108 Oeanthe,
631 1042 664 1100 in
683 1059 745 1122 quo
761 1053 874 1120 portus
888 1042 1058 1118 Apollinis.

22 1141 136 1202 Nonne
157 1141 193 1200 in
210 1140 323 1204 Cilicia
339 1155 537 1203 memoratur
554 1141 673 1204 auctori
691 1141 797 1203 nollro
814 1141 952 1226 Corycos
968 1147 1059 1223 oppi-

20 1241 88 1303 dum
116 1255 216 1322 portu
243 1233 379 1334 soloque
411 1243 608 1306 incinctum?
670 1241 792 1306 Contra
827 1244 867 1305 do
899 1245 1059 1323 Syraculio

21 1343 127 1406 cicero
159 1343 219 1406 lib.
243 1356 276 1421 5.
307 1345 342 1404 in
367 1345 516 1416 Varroni,
548 1365 615 1428 cap.
642 1357 700 1424 57.
750 1365 774 1408 1.
801 1363 998 1408 onouovtvs
1026 1349 1059 1408 iu

22 1461 91 1506 nota
110 1443 292 1537 ptfieriori.
332 1445 467 1508 Codices
483 1447 547 1507 mai
563 1465 676 1508 omnoa
693 1459 725 1508 et
740 1443 855 1529 priscae
872 1447 944 1509 edd.
962 1450 995 1508 in
1011 1469 1057 1512 eo.

21 1549 171 1628 Adparet,
208 1545 364 1610 diversam
389 1544 478 1608 inille
500 1547 588 1610 urbis
614 1561 648 1608 et
675 1561 789 1630 portua
813 1548 892 1608 olim
916 1563 948 1610 et
971 1570 1059 1610 nunc

21 1647 163 1711 formam.
204 1647 474 1732 Oudendorpiut,
508 1649 584 1711 telle
610 1651 647 1710 A.
671 1649 857 1719 amnone,
884 1651 1059 1732 explicabat

23 1752 94 1810 nter
112 1773 202 1820 eum,
230 1750 284 1810 vel
306 1752 392 1811 intra
414 1771 492 1812 eum.
544 1749 659 1812 Senlua
681 1751 761 1813 aliua
782 1749 926 1812 ellenon
946 1753 1056 1834 potest,

23 1873 107 1932 quam
122 1853 178 1912 uti
200 1853 226 1913 l.
244 1851 430 1914 Gronovius
445 1855 593 1935 exponit:
620 1865 732 1936 portua
754 1867 820 1914 tam
839 1849 903 1913 luit
921 1857 1057 1940 amplus,

21 1967 52 2014 ut
68 1953 186 2016 urbem
206 1950 307 2035 iplam
324 1955 476 2038 cingeret.

87 2129 431 2230 Massiliensium
439 2137 457 2220 )
513 2138 597 2222 Lipl.
629 2135 873 2231 mofiliontium
914 2139 1055 2204 Vindob.
1172 2207 1178 2214 ,

23 2237 246 2330 masilienfium.
299 2240 373 2302 Poll
399 2241 507 2304 Cibin.
533 2255 566 2302 et
585 2243 658 2304 edd.
685 2261 716 2304 1.
743 2257 775 2302 2.
799 2253 832 2318 3.
857 2249 892 2318 4.
916 2239 1055 2323 aliaeque

23 2343 78 2424 post
99 2345 200 2404 etiam
224 2342 357 2404 Phocais
363 2364 376 2415 ,·
405 2343 581 2428 liohdiger.
603 2343 694 2428 Prag.
717 2342 844 2405 Pltocis.

85 2519 262 2620 posita)
313 2525 417 2590 Obelo
443 2525 551 2599 fodio,
585 2541 623 2590 ut
647 2525 816 2612 gloffema;
850 2537 960 2607 gentes
986 2521 1056 2590 inti

23 2621 118 2694 κοιὺοῦ
147 2627 383 2713 repetendum,
417 2643 451 2692 et
473 2630 609 2691 verbum
643 2628 775 2709 aliquod
804 2627 1051 2690 exaudiendum.

26 2733 98 2814 Quis
130 2733 222 2794 enim
247 2728 410 2792 concisum
440 2731 543 2794 Melae
575 2731 704 2792 dicendi
730 2748 832 2814 genua
861 2747 928 2788 uon
952 2726 1054 2790 obier-

22 2835 122 2896 tavit?
154 2851 336 2896 acuoaava.
388 2833 507 2916 Atqui
528 2833 604 2895 huic
627 2831 723 2902 obsit,
750 2849 818 2893 non
842 2828 952 2891 video.

85 3017 150 3080 dis
152 3009 390 3110 simillimis
402 3016 420 3098 )
470 3018 571 3081 Vatia.
597 3033 630 3097 3.
658 3017 751 3100 Prag.
779 3014 953 3099 Rehdiger.
977 3015 1054 3078 vin·

21 3119 133 3183 dobon.
156 3116 341 3206 disfimilis;
372 3121 464 3204 Prag.
489 3117 612 3180 subiicit
636 3110 734 3209 eausa
755 3117 880 3178 vicinis.
920 3117 983 3179 l'ro
1006 3119 1053 3178 oi-

22 3223 86 3280 cino
106 3221 282 3306 Rehdiger.
304 3222 442 3293 vicinio‚·
475 3239 533 3301 pro
555 3233 586 3281 et
607 3233 684 3281 tunc
706 3219 797 3303 Prag.
828 3218 929 3280 Vatic.
959 3231 992 3297 3.
1019 3231 1054 3281 et

21 3324 85 3384 edd.
111 3341 144 3402 9.
174 3336 230 3402 13.
256 3334 315 3399 25.
336 3335 369 3385 et
391 3323 544 3403 quaedam
560 3320 760 3382 Olivarianae
781 3333 813 3382 et
828 3340 921 3391 nuuc,
948 3333 981 3382 et
994 3341 1053 3404 pro

22 3426 127 3502 ceperit
142 3425 233 3508 Prag.
249 3439 282 3485 et
296 3425 369 3486 edd.
388 3434 512 3486 veteres
527 3424 689 3505 quaedam,
706 3425 756 3486 uti
772 3423 807 3483 in
822 3423 925 3505 prima
944 3423 1054 3485 Vadia·

22 3545 90 3594 nus,
116 3527 263 3607 coeperit.
571 3567 588 3612 x

19 3805 20 3810 η
176 3731 207 3808 §.
235 3736 271 3807 4.
322 3725 578 3810 Internum)
627 3727 823 3790 Vaticani.
854 3723 938 3810 Lipl.
967 3725 1053 3788 Gud.

19 3825 108 3918 1Prag.
128 3832 175 3890 uti
190 3830 265 3892 edd.
289 3847 319 3892 t.
344 3847 379 3910 9.
401 3841 457 3908 25.
482 3831 576 3892 altera
595 3829 679 3890 iuter
700 3849 785 3899 oum,
812 3826 895 3891 forta
913 3829 986 3909 quia
1005 3847 1053 3888 re·

20 3923 135 3991 *lenent
164 3933 202 3994 ad
233 3943 364 4014 portus,
403 3952 478 3994 cum
509 3931 624 3992 melius
657 3931 697 3992 ad
733 3949 854 3993 nomen
890 3927 1052 4011 posterius,

24 4025 176 4120 Massilia,
208 4035 376 4116 pertineat.
437 4033 590 4098 Ceterum
615 4051 682 4117 cap.
713 4041 774 4114 [μ.
812 4031 891 4093 hinc
923 4029 1054 4094 inchoat

25 4129 160 4196 Vinctus.

66 4277 161 4353 l’onap.
182 4281 275 4338 Mela.
306 4281 344 4338 L
362 4283 399 4338 ll.
660 4287 722 4350 Bb
