2814 4946
301 435 366 508 stt
601 427 846 488 roucourt
885 427 1047 486 uecta

303 607 388 666 diam
405 603 518 666 Cretae
534 601 683 676 insuiam;
711 617 815 666 tantas
835 604 1041 686 pernicitatis,
1065 615 1103 663 ut
1125 601 1253 686 singulis
1275 602 1342 664 die·

302 707 363 768 bus
380 705 558 767 universam
581 705 698 766 insulae
714 725 801 768 oratu
823 705 981 766 lustraret:
1023 707 1055 766 ls
1076 725 1178 786 quum
1197 703 1344 786 appulsos

303 811 337 870 in
356 809 485 870 Cretam
501 809 712 890 Argonautas.
739 807 807 888 post
822 821 942 888 raptam
961 805 1124 877 Medeam,
1151 809 1240 866 aditu
1257 803 1345 866 iusu-

303 911 352 972 lae
374 923 506 978 arceret,
540 909 730 970 carminibus
758 909 982 990 veneficiisque
1009 909 1142 969 Medeae
1170 907 1343 968 exstinctus

304 1011 363 1080 est,
397 1025 522 1072 auctore
546 1011 716 1092 Apollonio
739 1011 773 1070 in
798 1025 907 1090 quarto
936 1005 1209 1096 [v.1638sqq.]
1242 1011 1343 1092 drgo·

305 1111 469 1176 nauticciv.
510 1111 687 1172 liieminere
709 1113 803 1172 etism
823 1111 985 1193 Orpheus,
1009 1111 1143 1196 [Argon.
1162 1133 1194 1171 r.
1218 1113 1343 1191 1543]

304 1215 466 1276 Zenobius
491 1207 545 1299 [5.
566 1225 623 1289 35.
642 1235 674 1296 p.
698 1207 799 1298 247.]
823 1227 855 1272 ot
877 1213 1034 1274 Luciauus
1053 1215 1088 1272 in
1108 1210 1343 1294 Philopseude;

306 1311 354 1404 [c.
378 1309 452 1400 tp]
481 1318 559 1376 item
575 1335 614 1376 ex
632 1314 742 1376 nostris
758 1315 909 1377 Catullus.
934 1315 1008 1393 [55.
1027 1318 1102 1395 23]
1136 1333 1340 1374 rru'rrauvs.

304 1417 409 1480 Huius
430 1417 491 1478 loci
512 1415 666 1476 restitutio
685 1418 759 1476 isuo
779 1415 948 1484 Parrhasio,
975 1419 1046 1476 viro
1067 1411 1261 1482 doctittimo,
1288 1417 1342 1475 de·

303 1517 413 1590 beton
439 1519 465 1578 is
482 1521 568 1578 euim
586 1519 706 1599 primus
729 1519 806 1595 (uiis
821 1515 900 1578 saliit
924 1521 1097 1594 memoria)
1118 1518 1157 1576 lic
1178 1518 1240 1600 leg.
1257 1517 1343 1576 vidit

201 1643 206 1658 ·
304 1620 385 1680 libro
404 1622 442 1679 dc
465 1619 608 1699 quaesitis
626 1640 680 1700 per
702 1619 873 1700 epiiioiam.
902 1611 1043 1703 [sylloge
1059 1629 1093 1694 4.
1116 1617 1203 1698 epist.
1227 1631 1282 1694 15.
1306 1619 1342 1676 in

305 1721 432 1782 Gruteri
457 1718 533 1780 thes.
559 1721 625 1782 crit.
650 1723 747 1781 Tum.
769 1741 797 1780 r.
821 1741 852 1800 p.
871 1715 977 1806 743.]
1014 1737 1187 1780 scitor'rvs.
1248 1719 1342 1780 Bene

302 1822 389 1882 huuc
418 1823 523 1881 locum
549 1819 587 1880 stc
610 1821 795 1880 emendavit
818 1820 984 1883 Pintianus
1008 1825 1099 1882 cuius
1121 1823 1343 1880 coniecturam

305 1919 493 1996 consumant
515 1924 631 2002 optimi
654 1923 788 1984 codices.
823 1941 965 1984 vosstvs.
1026 1917 1199 1983 Verissune.
1237 1923 1343 2003 Quod

302 2025 390 2084 Icari
411 2024 499 2082 dedit
517 2023 672 2089 Vinctus,
704 2023 831 2104 lougius
846 2026 967 2084 recedit
986 2043 1002 2083 a
1019 2026 1165 2085 codicum
1188 2023 1342 2104 vestigiis,

300 2137 371 2183 tum
395 2125 426 2182 in
451 2123 587 2184 Daodaio
612 2124 809 2192 continetur,
849 2145 909 2184 nec
932 2125 1008 2186 Icari
1034 2145 1120 2187 mors
1148 2125 1186 2184 sd
1209 2125 1342 2186 Cretam
1397 2199 1398 2212 χ

302 2222 410 2286 referri
431 2223 541 2306 potest.
593 2226 631 2285 ln
652 2225 806 2306 proximis
829 2225 948 2290 Veuet.
969 2227 1083 2290 habet:
1110 2228 1245 2287 maxims
1266 2225 1342 2286 iude

300 2345 351 2396 eo,
377 2323 473 2407 quod.

376 2477 400 2536 I
410 2475 525 2536 ovis
532 2473 550 2556 )
599 2475 689 2560 Ptag.
713 2475 871 2570 Ioviscst
900 2501 996 2560 psue‚·
1034 2478 1115 2562 Lips.
1141 2481 1260 2542 clauim
1282 2480 1339 2572 est.

300 2579 387 2639 Tum
407 2579 512 2639 Hsvn.
535 2575 626 2638 Paris.
647 2596 676 2640 s.
701 2577 803 2640 Vatis.
822 2593 854 2657 3.
883 2579 999 2642 Venet.
1022 2581 1183 2671 vqiigium
1196 2578 1342 2673 sepulcri

301 2681 353 2741 vel
374 2671 544 2770 sepulchri.
595 2675 645 2742 To*
667 2677 711 2770 est
735 2683 893 2741 omittunt
917 2681 1079 2752 Voticsui,
1111 2683 1217 2745 Cibin.
1247 2685 1337 2746 Gud.

301 2781 474 2864 liehdiger.
496 2801 570 2840 cum
589 2782 661 2842 edd.
684 2802 711 2843 t.
738 2782 783 2846 2?
809 2797 841 2860 5.
863 2799 896 2862 4.
919 2797 950 2859 5.
976 2786 1008 2848 6.
1036 2800 1068 2856 7.
1089 2797 1121 2862 8.
1141 2806 1173 2863 9.
1199 2807 1251 2845 ru.
1281 2807 1338 2851 tl.

306 2901 361 2945 ιο.
395 2898 448 2956 ι3.
477 2891 529 2960 ¹4·
564 2893 617 2958 ¹5·
645 2897 699 2952 17.
731 2901 785 2961 19.
811 2899 868 2945 ou.
895 2899 952 2962 23.
1011 2885 1136 2948 Adiecit
1161 2886 1340 2958 Vadianus,

300 3005 396 3065 quem
415 2999 536 3064 praeter
557 2983 625 3044 suos
646 2999 676 3044 et
698 2981 873 3044 Olivsriutu
897 2983 990 3044 secuti
1010 2985 1081 3046 sunt
1101 2987 1165 3048 alii.
1205 2990 1341 3052 Redon-

300 3087 373 3145 dare
394 3085 497 3164 postea
515 3086 642 3144 monuit
659 3085 864 3154 Ciacconius,
891 3087 977 3166 quod
1002 3089 1136 3168 probant
1158 3087 1338 3170 superiores

299 3187 433 3252 codices,
459 3199 491 3244 et
506 3187 558 3263 qui
576 3185 702 3254 habent,
729 3187 875 3270 ambigua
891 3201 922 3247 et
940 3189 1058 3248 incerta
1078 3189 1147 3250 sede
1164 3192 1339 3264 declarant,

298 3285 470 3346 alibtariis
499 3283 649 3346 insertum
678 3285 776 3348 fuisse.
828 3289 987 3368 Equidem
1020 3291 1058 3350 stc
1088 3291 1200 3353 melius
1227 3296 1341 3355 omitti

296 3386 381 3470 posse
402 3389 521 3468 putavi,
549 3389 583 3446 in
604 3389 713 3470 primis
735 3391 821 3468 quod
842 3403 874 3449 et
895 3387 1057 3451 subiicitur
1078 3384 1146 3481 effe.

374 3527 457 3628 esse
481 3537 675 3621 accolas)
725 3538 1101 3634 Vindobon.sst·acoie‚·
1137 3541 1220 3624 Lips.
1248 3543 1335 3607 Gud.

299 3639 423 3700 accolis.
451 3647 659 3701 'tzscttvctttu
695 3641 783 3726 Lego
794 3643 888 3702 etiam
904 3644 1039 3704 accolae.
1068 3645 1116 3704 Ex
1133 3647 1337 3726 compendiis

296 3741 469 3809 literarum,
495 3753 529 3798 ut
551 3739 619 3800 steri
641 3757 734 3811 amat.
760 3756 851 3804 ustus
870 3763 966 3806 error.
1004 3763 1182 3806 scuorrvs.
1234 3743 1339 3806 Potiu

295 3844 339 3905 ita
360 3841 429 3908 eise.
453 3842 507 3901 etti
529 3843 644 3904 melius
664 3843 702 3904 tic
722 3847 818 3904 etiam
836 3836 1026 3934 insculptum
1048 3845 1231 3926 scripserim.
1272 3849 1337 3909 Sed

297 3945 421 4005 codices
441 3961 553 4004 omnes
570 3958 757 4029 repugnant.
781 3949 927 4026 aquibus
943 3947 1006 4007 stne
1025 3949 1113 4030 gravi
1133 3945 1220 4010 causa
1235 3949 1335 4010 riisce·

297 4045 370 4107 dere
390 4065 455 4106 nou
478 4045 570 4114 iicet,
607 4065 665 4123 pec
685 4045 822 4108 discessu
845 4049 877 4106 in
901 4045 967 4128 ipso
992 4063 1145 4111 contextu
1171 4051 1335 4113 Schottus.

295 4147 356 4210 Pro
379 4145 547 4240 ‹fisuduut
567 4146 672 4210 Vatic.
691 4161 724 4228 3.
747 4147 832 4230 Lips.
857 4141 1034 4243 affirmarit.
