2788 4942
363 445 455 502 tre.
485 449 536 502 nr.
582 449 668 524 ogr.
712 447 736 516 t.
762 461 792 506 2.
1085 467 1105 528 9

60 628 93 694 5,
112 627 150 696 4.
168 618 213 680 in.
237 619 429 700 reciprocum
447 643 552 693 marer
578 623 714 684 Eumen.
736 623 770 684 in
787 641 939 707 panegyr.
957 624 995 686 ed
1020 623 1106 688 Con·

61 721 191 783 stantin.
209 723 293 806 Aug.
318 741 344 784 c.
365 737 399 799 5.
421 723 570 800 reciproci
588 714 698 815 cursus
714 725 753 785 de
769 723 852 786 aestu
867 729 963 788 maria
977 739 1010 788 et
1027 727 1108 788 fimi·

58 824 119 894 lia.
145 841 226 905 qnae
242 823 356 886 Leuca
371 823 618 890 subministrant.
652 825 725 888 Post
745 827 835 912 l'rag.
859 823 1005 918 refident.

140 1039 270 1112 atque
308 1026 438 1110 unde)
488 1027 573 1111 Lipi.
611 1027 706 1092 Parii.
738 1047 769 1094 1.
803 1028 896 1103 inder
946 1031 1046 1094 Vatia.
1077 1047 1108 1097 t.

62 1127 191 1202 undae,·
222 1130 338 1210 reliqui
358 1151 434 1191 cnm
455 1130 604 1194 Ciaccon.
629 1145 660 1191 et
676 1131 822 1194 Gronov.
843 1145 875 1192 et
894 1133 967 1196 edd.
990 1131 1108 1215 priscii,

64 1233 97 1290 in
123 1231 241 1312 quibua
262 1231 464 1294 Camertinae
486 1233 557 1295 Ald.
582 1234 669 1296 lunt.
695 1245 791 1315 utque
817 1233 915 1312 uncle,
955 1253 1014 1316 pro
1043 1254 1109 1315 quo

64 1333 228 1394 vadianus
252 1334 341 1395 dedit
362 1347 458 1416 utque
481 1333 568 1404 inde,
595 1349 765 1416 exceptum
782 1333 821 1395 ab
844 1335 927 1405 aliia,
953 1337 1109 1399 reiectum

64 1435 280 1497 afleinoldio
301 1449 332 1498 et
353 1435 494 1518 posterii.
534 1437 622 1497 Turn
640 1435 749 1500 Cibin.
772 1435 943 1502 extollant.

141 1625 317 1730 causus)
351 1637 524 1724 Rehdiger.
548 1638 639 1700 Leid.
661 1629 810 1731 earrsnmr
838 1639 978 1704 vindob.
997 1630 1112 1733 causas

65 1751 203 1812 tanton
229 1741 335 1803 Havn.
354 1761 397 1802 an
416 1740 501 1802 luam
522 1761 655 1803 cavans.
682 1760 886 1804 reseravere.
938 1743 1113 1826 Vulgarum

66 1841 211 1922 praestat.
256 1843 357 1924 Supra
384 1859 415 1913 2,
439 1856 472 1916 7.
508 1843 556 1904 Et
568 1838 604 1934 fi
626 1844 675 1904 ita
698 1863 747 1904 res
766 1834 857 1932 fuit,
886 1841 988 1904 videri
1008 1841 1113 1936 pouss

67 1941 324 2006 coniectantibus
356 1946 390 2006 in
419 1955 548 2006 tantum
578 1955 723 2006 mutatae
748 1935 863 2036 causas
887 1945 999 2006 Nilum
1024 1965 1114 2026 proe-

68 2036 178 2134 lniffe.
218 2063 249 2106 a,
274 2063 482 2108 ononovrve.
534 2045 598 2108 Pro
623 2043 779 2106 meatibus
801 2045 992 2109 ciacconius
1015 2048 1115 2109 conii·

69 2146 176 2210 ciebat
199 2143 337 2208 mortius
358 2167 397 2208 ex
411 2145 531 2210 lustino
553 2167 580 2218 ι,
599 2165 633 2227 9.
659 2143 764 2234 [forte
784 2165 816 2220 t.
841 2167 869 2218 t,
887 2141 946 2232 9.]
972 2147 1030 2209 ubi
1051 2168 1116 2210 mo·

49 2261 124 2328 ,rus
136 2243 302 2337 fidorum,-
335 2247 399 2310 line
418 2250 508 2333 gravi
525 2247 622 2312 eausa.
674 2249 798 2312 Tuetut
816 2261 849 2311 et
868 2247 991 2312 Vuffiua
1009 2251 1043 2312 in
1061 2269 1115 2334 ap·

72 2349 209 2432 pendice
229 2349 269 2408 ad
292 2369 319 2420 r,
339 2361 372 2428 ss,
393 2370 421 2412 a.
457 2363 489 2412 et
508 2349 534 2413 l.
552 2351 735 2413 Gronovius
756 2352 791 2411 in
814 2349 941 2432 epistola
960 2352 999 2413 de
1017 2348 1116 2414 voffit

73 2451 212 2533 append.
232 2471 266 2533 p.
289 2470 369 2514 101.
392 2451 448 2511 etit
466 2453 552 2512 idern
575 2453 613 2512 ad
634 2451 751 2512 Melam
769 2471 796 2514 c.
818 2453 840 2515 l.
868 2471 907 2527 ex
927 2451 1010 2516 Cod.
1029 2453 1117 2517 Gud.

74 2555 126 2614 hic
145 2549 243 2615 refert
263 2551 489 2632 penitentibus,
518 2553 605 2636 quod
628 2555 778 2635 equidem
800 2572 868 2615 non
891 2553 1015 2619 inveni.

148 2753 208 2818 Ad
241 2756 384 2840 ortus)
433 2757 534 2820 Vatia.
560 2769 594 2836 3.
627 2753 710 2838 Lipi.
740 2755 826 2820 Gnd.
861 2755 1118 2820 Cibin.,Venet.

78 2857 218 2920 Vindnb.
244 2859 417 2942 Rehdiget.
443 2857 536 2944 Prag.
559 2857 654 2922 Paris.
674 2873 708 2920 a.
732 2863 887 2920 Acoreus
910 2855 993 2918 facili
1012 2855 1119 2942 lapiu;

77 2959 165 3022 leniu
189 2959 298 3023 minue
320 2959 505 3024 commodo.

155 3183 281 3246 neque
304 3161 376 3226 eorl
384 3185 437 3225 ern
446 3161 465 3244 )
514 3161 684 3232 Sincerior.
707 3175 745 3222 nt
760 3159 905 3232 arbitror,
929 3161 1025 3224 lectio
1043 3163 1120 3223 erit:

80 3265 230 3344 Namque
252 3263 355 3326 eodem
377 3259 494 3355 affidue
515 3279 669 3342 tempore,
697 3277 734 3324 ut
751 3263 806 3324 illa
821 3253 930 3353 surgit
951 3277 1010 3326 etc.
1048 3283 1123 3326 etu-

81 3385 221 3428 rrauva.
271 3367 454 3428 Retinenda
476 3367 525 3426 illa
553 3365 649 3426 lectio
672 3378 780 3426 contra
803 3365 1000 3426 Pintiannm.
1040 3365 1121 3426 Vide

81 3467 168 3532 Plin.
189 3483 220 3537 2,
244 3483 303 3545 97.
329 3461 373 3552 [i.
392 3460 473 3553 99.]
500 3481 533 3530 et
553 3483 613 3548 99.
643 3461 687 3554 [i.
706 3461 807 3553 tom]
834 3467 965 3530 Solinna
983 3467 1121 3548 cap.26.

83 3563 125 3655 [i.
146 3562 225 3653 25.]
260 3587 469 3630 erecconrva.
520 3567 607 3631 Haec
623 3567 718 3628 verba
740 3569 774 3628 in
791 3569 884 3628 aliani
901 3565 1037 3630 formant
1054 3589 1123 3628 rnn-

85 3673 167 3742 tavi‚
203 3683 330 3733 retento
356 3685 463 3732 tamen
491 3671 606 3732 eodem
631 3667 737 3742 ieniu;
773 3689 862 3730 nnnc
889 3691 925 3732 ea
951 3671 984 3730 in
1011 3667 1123 3758 ilatum

84 3775 223 3854 priorem
244 3772 385 3834 reilitno.
436 3771 560 3834 Plinius
577 3787 609 3842 a,
627 3787 686 3851 99.
713 3771 752 3832 de
769 3769 901 3832 aestibus
917 3772 1028 3832 marie:
1054 3769 1125 3830 Nee

87 3895 239 3956 unquam,
269 3875 388 3954 inquit,
415 3871 520 3934 eodem
545 3885 697 3954 tempore,
728 3891 791 3954 qno
812 3871 913 3952 pridie
927 3865 1060 3961 fluunt,
1086 3883 1124 3930 ut

88 3975 273 4036 ancillantes
284 3972 388 4066 fideri
410 3973 525 4044 auido,
551 3975 752 4055 credentique
765 3963 873 4063 seeum
895 3971 1010 4062 haustu
1027 3973 1123 4034 merit

90 4091 118 4136 et
136 4072 254 4168 affirm
275 4075 405 4138 aliunde
429 4096 524 4160 quem
543 4073 646 4158 pridie
669 4073 834 4138 exorienti.
875 4091 1066 4140 rtrt'rlenva
1091 4075 1125 4134 in

91 4175 372 4242 retractationibus.
