2848 4942
299 437 340 516 56
600 430 843 496 rottrourr
884 441 1045 496 matie

303 635 376 678 cum
394 613 505 677 ceteris
524 615 650 697 populis
667 615 924 699 coniunguntur.
950 616 1015 676 iam
1031 613 1121 697 sopra
1146 630 1176 684 t.
1205 631 1261 694 ¹9·
1288 631 1367 694 19.

308 735 338 784 o.
367 737 396 784 t.
425 731 456 778 o.
484 717 586 798 aliqua
607 718 735 788 adtulit,
767 719 806 778 de
829 717 982 780 Satarchis
1003 713 1103 789 nihil,
1137 736 1215 798 quos
1237 729 1370 778 tamen

304 819 359 878 hic
380 820 515 880 intactos
539 820 700 879 dimittere
723 839 791 880 non
814 833 949 902 poterat.
1010 821 1118 882 Immo
1139 819 1175 878 hi
1197 839 1265 880 non
1292 817 1369 880 ob-

306 917 393 982 icnre
427 940 466 980 ex
499 919 650 982 codicum
678 921 817 1002 vestigiis
844 923 993 984 emicant.
1043 922 1191 1001 Denique
1214 922 1367 991 accedit,

306 1024 392 1102 qnod
414 1023 571 1084 Satarchis
587 1021 699 1084 diserte
720 1043 775 1084 eos
793 1043 898 1084 mores
921 1023 1034 1084 tribuit
1049 1024 1178 1085 Solinus
1192 1041 1260 1083 non
1284 1020 1367 1082 fine

306 1122 410 1184 Melae
432 1121 585 1206 auspiciis.
638 1125 734 1209 Quod
754 1123 889 1186 Codices
909 1126 961 1186 hic
981 1125 1137 1186 recedunt
1156 1144 1173 1184 a
1194 1121 1368 1205 superiori

306 1221 425 1294 forma.
459 1227 624 1287 neminem
647 1227 840 1296 morabitur,
871 1231 927 1306 qui
949 1227 1015 1288 loca
1039 1225 1149 1287 similia
1169 1237 1278 1286 mente
1303 1244 1364 1286 re-

309 1329 443 1389 vocarit.
486 1328 545 1389 His
564 1330 738 1390 momentis
761 1327 915 1412 impulsus
928 1348 946 1390 s
960 1340 1084 1410 recepta
1099 1328 1237 1390 lectione
1251 1323 1362 1388 disce·

308 1427 382 1490 dere
406 1429 563 1492 dubitavi.

383 1634 476 1694 artri
515 1631 795 1717 argentique)
845 1634 897 1696 Sic
919 1633 1002 1698 cdd.
1028 1631 1067 1696 A.
1090 1631 1250 1696 Gronovii
1268 1633 1363 1694 mei·

308 1752 371 1812 qne
398 1749 520 1816 praeter
556 1737 640 1796 Gud.
668 1738 701 1796 in
731 1755 794 1816 quo
817 1733 972 1796 scribendi
996 1737 1080 1797 vitio
1104 1737 1221 1819 legitur
1241 1755 1361 1796 arzen-

308 1837 404 1914 tique.
444 1835 512 1898 Nec
529 1837 617 1898 aliter
636 1838 796 1899 editiones
817 1833 1069 1920 antiquissimam
1105 1850 1139 1913 5.
1163 1836 1284 1898 omittit
1309 1828 1361 1898 τὸ

307 1954 375 2016 qne,
402 1951 438 1996 ut
461 1953 515 2000 ra.
545 1949 600 2016 14.
652 1939 726 2000 Post
744 1941 799 2002 16.
825 1951 879 2016 ²8·
904 1957 959 2018 ¹9·
982 1949 1267 2015 21.2c.24.25.
1288 1938 1361 2000 26.

309 2051 369 2104 27.
396 2051 454 2116 28.
482 2039 649 2120 Vedianae,
678 2041 888 2108 Olivarianae.
915 2043 1057 2110 Vinctus,
1083 2039 1246 2108 schottus,
1272 2036 1362 2098 Vos·

307 2135 368 2199 stus
390 2151 451 2218 40.
471 2149 531 2222 [μ.
552 2157 613 2218 uo.
641 2144 713 2202 auri
732 2156 764 2203 et
787 2143 925 2224 argenti.
978 2142 1064 2204 Hinc
1083 2160 1158 2202 cum
1171 2139 1360 2204 Reinoidio

306 2239 407 2319 prima
428 2242 523 2304 lectio
544 2256 655 2305 vocata
673 2245 778 2306 rediit.

385 2445 656 2508 maximarum
696 2443 891 2540 pestium)
942 2447 1052 2512 Cibin.
1079 2447 1222 2508 nranima
1246 2441 1362 2538 peste,-

251 2531 255 2538 ’
310 2539 403 2628 Preg.
423 2546 528 2628 lepide
548 2540 682 2638 piscium
706 2568 764 2630 pro
790 2547 938 2636 pestium,
963 2551 1012 2610 uti
1034 2550 1183 2631 deinceps
1205 2547 1354 2610 Vindob.

308 2637 460 2735 viscerum
487 2651 650 2712 comercia.
702 2653 790 2710 Tum
813 2670 870 2732 pro
888 2642 993 2741 saeva
1016 2650 1155 2713 vindob.
1171 2640 1286 2740 sceva,
1316 2662 1356 2710 et

308 2745 417 2810 Cibin.
442 2769 515 2810 cum
532 2752 618 2814 Van.
641 2753 675 2812 in
698 2753 771 2814 edd.
790 2767 847 2826 27.
870 2766 904 2813 et
927 2771 982 2832 29.
1000 2741 1115 2842 servam
1133 2751 1280 2822 hiemem
1316 2762 1353 2811 at

301 2839 407 2936 saeva
427 2851 537 2914 trientis
560 2853 641 2916 bene
661 2854 757 2916 habet
780 2868 813 2916 et
838 2873 877 2915 ex
898 2852 956 2914 usu
972 2853 1092 2923 Melae,
1124 2865 1160 2912 ut
1183 2855 1212 2929 §.
1232 2863 1266 2928 3.
1291 2851 1357 2910 im-

311 2954 419 3011 nnnn'a
435 2955 585 3032 gentinm.
623 2956 696 3018 l'ost
715 2950 833 3045 affidne
847 2955 951 3018 Codri.
966 2955 1106 3038 quidam.
1130 2955 1165 3014 in
1183 2953 1221 3014 iis
1237 2951 1353 3014 Cibirt.

309 3071 383 3112 cum
405 3055 478 3131 edd.
509 3056 638 3118 vetustis
661 3077 700 3118 ex
723 3035 878 3118 icribondi
900 3071 980 3119 noto
1003 3075 1111 3126 more,
1148 3053 1201 3118 sed
1226 3053 1353 3135 etpost

307 3151 379 3213 Alci.
405 3155 492 3216 lunt.
520 3157 687 3228 Vadianae,
725 3173 782 3236 50.
808 3173 865 3237 32.
892 3171 951 3238 37.
977 3159 1094 3240 quippe
1122 3157 1239 3238 quibus
1264 3153 1352 3218 forte

309 3249 488 3332 scrupulum
516 3257 667 3318 iniecerat
689 3279 754 3319 vox
783 3259 971 3331 admodum,
1006 3279 1086 3340 quae
1110 3257 1353 3340 adaugendam

308 3373 376 3414 non
393 3353 511 3427 tolum,
538 3355 590 3419 sert
610 3372 642 3420 et
661 3361 884 3441 complendam
904 3361 1045 3442 primarii
1068 3359 1159 3420 verbi
1175 3359 1352 3418 notionem

309 3452 443 3518 confert.
495 3454 546 3520 Cf.
569 3460 757 3543 adEutrop.
782 3473 813 3538 8,
838 3481 866 3524 r.
920 3461 1000 3523 Mox
1018 3474 1091 3522 ante
1108 3461 1238 3521 hasnum
1253 3457 1350 3543 Prag-

308 3558 448 3639 negiexit
470 3561 514 3621 in.
565 3559 627 3624 Pro
657 3555 801 3654 suffoffa
839 3560 922 3645 Lips.
956 3562 1129 3646 liehdiger.
1160 3559 1350 3624 Vindobon.

300 3650 449 3749 snffoja,
476 3661 523 3722 uti
539 3661 612 3725 edd.
634 3683 664 3726 t.
683 3683 717 3744 9.
740 3679 794 3744 13.
820 3665 904 3727 Gud.
921 3665 1013 3749 Prag.
1032 3653 1202 3755 subfoffa,
1229 3662 1352 3724 veriori

307 3759 473 3842 scripturae
497 3765 632 3826 tatione.

382 3959 604 4047 braccati)
656 3965 737 4051 Lips.
765 3969 864 4032 Vatic.
888 3983 919 4050 3.
947 3967 1031 4031 Gud.
1055 3964 1223 4042 brachati3
1254 3965 1348 4052 Prag.

305 4061 465 4139 bractati;
491 4067 599 4131 Cibin.
624 4070 796 4156 Rehdiger.
820 4070 960 4134 Vindob.
982 4067 1134 4155 bracati.¹
1158 4070 1242 4132 Edd.
1262 4089 1292 4132 1.
1314 4083 1348 4148 5.

305 4179 341 4248 4.
365 4178 399 4246 5.
426 4169 460 4233 6.
486 4185 520 4245 7.
546 4180 580 4248 a.
611 4187 646 4251 9.
677 4193 733 4239 ro.
764 4193 819 4238 ιι.
849 4188 905 4238 ra.
934 4185 989 4252 ¹5·
1018 4181 1072 4254 14.
1103 4189 1159 4254 19.
1185 4167 1352 4245 tractati,-
