2826 4936
317 453 360 536 96
625 455 866 518 ronroun
900 459 1060 518 nonen

319 631 481 702 atullisset,
516 631 606 712 quale
630 629 822 694 deliberatur
845 629 933 714 iupra
957 647 990 706 o,
1014 640 1100 719 1.4.
1123 631 1331 718 dellypemi.

317 733 381 799 Pro
398 731 574 798 Danubius
591 733 689 796 Vetic.
712 754 741 796 ι.
764 731 940 800 Dauulrus.
1377 739 1378 742 ’

1377 783 1378 844 l

393 935 606 1020 Rhenum)
655 935 796 1000 Vindob.
823 935 1016 1003 rhotbertum.

1377 1075 1378 1116 l

1377 1127 1378 1162 l

393 1139 438 1204 M
442 1137 575 1222 oenis)
611 1137 693 1204 vou.
713 1153 745 1220 3.
762 1159 905 1214 moenum
933 1141 1031 1206 vatic.
1051 1155 1086 1220 3.
1109 1136 1334 1207 nubilante
1377 1205 1378 1208 Ἴ

317 1239 400 1324 Lipl.
423 1243 543 1316 metlis;
575 1241 665 1326 Prag.
690 1243 805 1314 meniu
837 1243 951 1325 reliqui
973 1243 1112 1306 Moenir.
1158 1239 1238 1305 Edu.
1258 1259 1284 1304 ι.
1305 1255 1331 1302 o.

318 1357 352 1422 3.
369 1355 403 1422 4.
423 1355 455 1420 5.
474 1363 509 1424 9.
533 1344 678 1415 Moeois;
715 1343 971 1415 11.Mevis;·in
994 1343 1212 1406 aliieMoenis.
1243 1339 1332 1426 ¹Quod

317 1445 487 1508 (llnveriue
503 1445 536 1505 in
554 1445 663 1506 Germ.
678 1457 742 1505 ant.
762 1457 793 1524 3,
815 1455 876 1531 49.
897 1465 929 1527 p.
948 1457 1034 1528 714.
1056 1445 1208 1516 adfirmet,
1229 1445 1261 1503 in
1277 1441 1331 1522 qni·
1377 1491 1378 1508 ἢ

314 1545 451 1608 bundam
479 1547 584 1608 Melae
613 1545 844 1627 exemplaribus
874 1546 990 1609 exitere
1021 1547 1168 1617 Montis,
1200 1544 1331 1626 equidem
1377 1621 1378 1626 η

315 1667 383 1708 non
406 1649 537 1719 inveni,
563 1661 647 1708 certe
668 1667 720 1708 me
740 1646 893 1710 inveniffe
914 1666 981 1711 uon
997 1650 1122 1711 notavi.
1155 1662 1330 1708 umorem.

314 1749 445 1810 Tacitue
466 1751 500 1810 in
522 1749 581 1810 situ
604 1749 792 1810 Germaniae
814 1741 902 1834 [cap.
929 1740 1008 1833 28.]
1038 1767 1107 1811 non
1131 1749 1266 1816 Moenin,
1290 1742 1330 1805 led

315 1851 448 1912 Moenin
470 1864 581 1912 vocat:
620 1851 710 1910 Inter
731 1849 933 1932 Hercyniam,
960 1852 1076 1930 inquit,
1100 1841 1238 1942 sylvam.
1263 1847 1330 1908 llln·

313 1971 448 2034 numque
467 1963 498 2012 et
516 1952 646 2012 Montio
669 1970 776 2010 amites
792 1949 942 2012 habitant
956 1952 1090 2013 Elvetr'i.
1132 1951 1251 2014 Plinius
1266 1966 1330 2029 quo·

313 2071 375 2134 que
397 2051 451 2113 lib.
472 2069 506 2131 9.
531 2046 579 2138 [c.
601 2067 654 2126 17.
672 2048 692 2112 l.
715 2048 792 2139 15.]
816 2071 908 2136 pern
925 2049 1031 2112 scribit
1051 2071 1139 2124 eum,
1161 2071 1226 2114 non
1244 2069 1292 2132 per
1304 2069 1328 2115 u,

313 2173 504 2234 quamquam
520 2153 657 2213 Moenus
672 2152 710 2212 ab
727 2151 813 2235 ipio.
841 2173 906 2215 non
923 2154 1051 2214 Moeuis
1066 2155 1199 2216 videtur
1216 2147 1328 2234 appelle·

313 2267 382 2316 tue:
417 2257 453 2314 lu
469 2253 597 2326 Moeno,
622 2253 737 2336 inquit,
768 2255 956 2316 Germaniae
976 2274 1068 2316 amne
1083 2255 1207 2316 Silurus
1226 2241 1328 2340 groffo-

313 2367 382 2424 tur,
410 2356 465 2416 nili
485 2357 555 2436 quis
576 2373 642 2415 non
665 2357 700 2416 in
721 2357 858 2426 Moeno,
891 2354 942 2416 led
960 2357 993 2416 in
1011 2355 1140 2426 Moeni‚
1167 2368 1220 2416 aut
1236 2349 1328 2415 Monoi

310 2457 394 2537 opud
415 2476 489 2517 eum
510 2457 610 2542 legat.
637 2457 758 2538 dequo
780 2459 869 2539 plura
888 2475 928 2518 eo
951 2457 1032 2520 loco.
1064 2476 1250 2517 nannenus.
1296 2453 1326 2512 ln

309 2557 417 2620 Plinio
433 2557 551 2619 constat
569 2559 665 2619 lectio
679 2559 827 2628 Moenus,
849 2559 1022 2619 vacillatio
1037 2559 1163 2628 Tacito,
1186 2557 1240 2618 ubi
1254 2553 1327 2617 Moe·

310 2679 384 2719 etum
417 2660 551 2740 praeivit
583 2659 720 2740 Lipsius,
763 2679 837 2720 oum
870 2673 960 2722 antee
1001 2659 1145 2721 Moenim
1176 2660 1325 2742 legeretur.

310 2761 487 2842 Vtrumque
511 2761 587 2820 dant
608 2775 713 2822 tamen
734 2761 824 2829 libri.
858 2761 892 2820 in
917 2759 1067 2843 posteriue
1091 2761 1193 2845 magio
1215 2759 1327 2819 inclinet

309 2861 448 2932 Ernesti,
477 2863 511 2921 in
527 2863 613 2943 prins
633 2862 827 2946 Longoliue,
854 2862 910 2944 qui
930 2875 1034 2922 tamen
1054 2862 1146 2923 malit
1163 2859 1326 2922 substituere

309 2962 501 3033 lemanum,
531 2982 604 3023 cum
621 2963 788 3025 Helvetioe
808 2964 887 3024 circa
904 2962 1062 3024 Moenum
1081 2959 1229 3024 hebitnffe
1244 2973 1325 3020 nemo

308 3077 454 3124 veterum
470 3063 678 3144 perhibuerit.
708 3063 757 3128 Cf.
774 3068 870 3126 oliam
886 3065 953 3126 elue
970 3062 1108 3143 diune.
1126 3064 1166 3125 de
1183 3063 1326 3123 Hermun-

308 3165 405 3225 duris.
457 3165 633 3246 Equidem,
661 3185 733 3226 cum
750 3165 845 3226 dubia
862 3165 1010 3226 suetiam
1033 3165 1226 3232 terminatio,
1248 3160 1326 3224 Moe·

306 3266 356 3325 uis
373 3265 513 3326 bionum
529 3265 617 3327 librie
634 3269 762 3338 retinui,
783 3267 838 3328 etsr
855 3267 895 3328 de
909 3267 1008 3326 altero
1019 3266 1193 3348 disceptare
1206 3262 1326 3324 omnino

305 3367 417 3436 nolim,
442 3385 516 3427 cum
531 3379 564 3428 et
579 3368 718 3430 Moenus
733 3369 854 3453 legetur
869 3369 902 3428 in
920 3368 1089 3430 Ammiano
1115 3385 1170 3448 17,
1191 3384 1220 3430 1.

381 3569 543 3652 Lupia)
594 3567 809 3634 Consentiunt
833 3572 867 3632 in
885 3571 949 3634 lroe
973 3589 1046 3631 eum
1069 3567 1261 3632 editionibus
1282 3581 1324 3624 co·

214 3659 217 3668 ’
304 3671 405 3743 dices,
439 3685 563 3732 tantum
593 3675 678 3754 quod
713 3675 804 3758 Prag.
837 3673 1010 3756 Rebiliger.
1045 3671 1164 3734 babent
1194 3665 1323 3748 nappin.

303 3771 470 3834 Pintianue
492 3787 598 3834 tamen
629 3795 668 3836 ex
692 3775 847 3837 Strabone
878 3767 954 3858 [lib.
972 3789 1004 3849 7.
1032 3795 1066 3857 p.
1086 3788 1170 3836 201.
1191 3770 1211 3832 i.
1228 3758 1321 3847 oph]

303 3885 337 3936 et
351 3875 464 3936 Tacito
483 3874 611 3952 [Annel.
634 3895 662 3947 t,
679 3877 737 3939 60.
761 3889 794 3937 et
808 3875 897 3954 alibi]
923 3875 1012 3935 malit
1028 3876 1163 3954 Lupias.
1202 3873 1237 3932 ln
1250 3871 1322 3931 sua·

304 3975 390 4038 bone
405 3976 546 4056 quidem,
574 3976 628 4036 nbi
643 3993 676 4038 et
694 3977 732 4038 fic
751 3977 908 4039 Guarinus
926 3977 1032 4045 vertit.
1055 3977 1169 4060 legitur
1182 3964 1320 4040 Λουπίας.

303 4079 354 4140 cui
383 4079 457 4137 eddi
482 4077 583 4158 potest
612 4079 677 4140 Dio
707 4090 764 4156 54.
790 4093 848 4158 33.
883 4093 915 4139 nt
939 4079 973 4136 in
996 4079 1108 4138 Tacito
1129 4073 1255 4154 anpia
1275 4065 1320 4128 vel

302 4179 451 4258 Lrtppine
466 4179 499 4239 in
516 4178 634 4242 casibus
650 4180 799 4262 obliquis,
817 4181 982 4244 Boccetiue
998 4181 1036 4240 de
1054 4176 1235 4242 fluminibus
1249 4171 1279 4233 h.
1292 4187 1319 4227 v·
