<?xml version="1.0" encoding="UTF-8"?>
<!DOCTYPE html PUBLIC "-//W3C//DTD XHTML 1.0 Transitional//EN"
    "http://www.w3.org/TR/xhtml1/DTD/xhtml1-transitional.dtd">
<html xmlns="http://www.w3.org/1999/xhtml" xml:lang="en" lang="en">
 <head>
  <title>
</title>
<meta http-equiv="Content-Type" content="text/html;charset=utf-8" />
  <meta name='ocr-system' content='tesseract 3.04.00' />
  <meta name='ocr-capabilities' content='ocr_page ocr_carea ocr_par ocr_line ocrx_word'/>
</head>
<body>
  <div class='ocr_page' id='page_1' title='image "./pomponiimelaede05melagoog_0097.png"; bbox 0 0 2848 4942; ppageno 0'>
   <div class='ocr_carea' id='block_1_1' title="bbox 394 419 1132 502">
    <p class='ocr_par' dir='ltr' id='par_1_1' title="bbox 394 419 1132 502">
     <span class='ocr_line' id='line_1_1' title="bbox 394 419 1132 502; baseline -0.003 -24"><span class='ocrx_word' id='word_1_1' title='bbox 394 423 490 478; x_wconf 75' lang='lat' dir='ltr'><strong>Lm</strong></span> <span class='ocrx_word' id='word_1_2' title='bbox 521 423 559 476; x_wconf 81' lang='grc' dir='ltr'><strong>ιι.</strong></span> <span class='ocrx_word' id='word_1_3' title='bbox 602 421 636 478; x_wconf 85' lang='lat' dir='ltr'><strong>c.</strong></span> <span class='ocrx_word' id='word_1_4' title='bbox 665 424 703 476; x_wconf 87' lang='lat'><strong>11.</strong></span> <span class='ocrx_word' id='word_1_5' title='bbox 744 419 823 490; x_wconf 57' lang='lat'><strong>55.</strong></span> <span class='ocrx_word' id='word_1_6' title='bbox 1091 431 1132 502; x_wconf 66' lang='lat'><strong>⁸9</strong></span> 
     </span>
    </p>
   </div>
   <div class='ocr_carea' id='block_1_2' title="bbox 80 591 1134 1894">
    <p class='ocr_par' dir='ltr' id='par_1_2' title="bbox 80 591 1134 1894">
     <span class='ocr_line' id='line_1_2' title="bbox 80 591 1134 677; baseline 0.006 -23"><span class='ocrx_word' id='word_1_7' title='bbox 80 605 197 654; x_wconf 85' lang='lat' dir='ltr'><strong>notante</strong></span> <span class='ocrx_word' id='word_1_8' title='bbox 225 591 456 677; x_wconf 81' lang='lat' dir='ltr'><strong>Weffelingio</strong></span> <span class='ocrx_word' id='word_1_9' title='bbox 489 595 526 654; x_wconf 79' lang='lat' dir='ltr'><strong>ad</strong></span> <span class='ocrx_word' id='word_1_10' title='bbox 560 593 681 658; x_wconf 79' lang='lat' dir='ltr'><strong>Anton.</strong></span> <span class='ocrx_word' id='word_1_11' title='bbox 707 595 777 656; x_wconf 87' lang='lat' dir='ltr'><strong>itin.</strong></span> <span class='ocrx_word' id='word_1_12' title='bbox 804 615 837 677; x_wconf 89' lang='lat' dir='ltr'><strong>p.</strong></span> <span class='ocrx_word' id='word_1_13' title='bbox 863 605 948 674; x_wconf 75' lang='lat'><em>228.</em></span> <span class='ocrx_word' id='word_1_14' title='bbox 999 593 1032 660; x_wconf 82' lang='lat' dir='ltr'><strong>Si</strong></span> <span class='ocrx_word' id='word_1_15' title='bbox 1057 595 1134 660; x_wconf 83' lang='lat' dir='ltr'><strong>urbe</strong></span> 
     </span>
     <span class='ocr_line' id='line_1_3' title="bbox 80 689 1133 781; baseline 0.008 -29"><span class='ocrx_word' id='word_1_16' title='bbox 80 689 288 774; x_wconf 64' lang='grc' dir='ltr'><strong>Τιριστὶπαλις</strong></span> <span class='ocrx_word' id='word_1_17' title='bbox 320 696 382 754; x_wconf 80' lang='lat' dir='ltr'><strong>vel</strong></span> <span class='ocrx_word' id='word_1_18' title='bbox 423 689 579 781; x_wconf 61' lang='grc' dir='ltr'><strong>Τιριστῖι,</strong></span> <span class='ocrx_word' id='word_1_19' title='bbox 616 717 689 757; x_wconf 87' lang='lat' dir='ltr'><strong>nam</strong></span> <span class='ocrx_word' id='word_1_20' title='bbox 722 699 876 770; x_wconf 78' lang='lat' dir='ltr'><strong>variatur,</strong></span> <span class='ocrx_word' id='word_1_21' title='bbox 910 697 995 779; x_wconf 83' lang='lat' dir='ltr'><strong>apud</strong></span> <span class='ocrx_word' id='word_1_22' title='bbox 1027 697 1133 760; x_wconf 85' lang='lat' dir='ltr'><strong>Ptole·</strong></span> 
     </span>
     <span class='ocr_line' id='line_1_4' title="bbox 80 795 1132 881; baseline 0.004 -25"><span class='ocrx_word' id='word_1_23' title='bbox 80 814 194 856; x_wconf 80' lang='lat' dir='ltr'><strong>utacum</strong></span> <span class='ocrx_word' id='word_1_24' title='bbox 216 814 246 854; x_wconf 86' lang='lat' dir='ltr'><strong>c.</strong></span> <span class='ocrx_word' id='word_1_25' title='bbox 273 795 298 856; x_wconf 88' lang='lat' dir='ltr'><strong>l.</strong></span> <span class='ocrx_word' id='word_1_26' title='bbox 335 797 400 856; x_wconf 82' lang='lat' dir='ltr'><strong>etii</strong></span> <span class='ocrx_word' id='word_1_27' title='bbox 428 817 447 856; x_wconf 88' lang='lat' dir='ltr'><strong>a</strong></span> <span class='ocrx_word' id='word_1_28' title='bbox 472 799 694 878; x_wconf 86' lang='lat' dir='ltr'><strong>promontorio</strong></span> <span class='ocrx_word' id='word_1_29' title='bbox 716 799 871 860; x_wconf 81' lang='lat' dir='ltr'><strong>remotior</strong></span> <span class='ocrx_word' id='word_1_30' title='bbox 900 817 1000 881; x_wconf 82' lang='lat' dir='ltr'>prope</span> <span class='ocrx_word' id='word_1_31' title='bbox 1024 801 1132 860; x_wconf 84' lang='lat' dir='ltr'><strong>Dauu-</strong></span> 
     </span>
     <span class='ocr_line' id='line_1_5' title="bbox 81 893 1133 976; baseline 0.006 -22"><span class='ocrx_word' id='word_1_32' title='bbox 81 895 162 954; x_wconf 85' lang='lat' dir='ltr'><strong>bium</strong></span> <span class='ocrx_word' id='word_1_33' title='bbox 179 899 332 976; x_wconf 83' lang='lat' dir='ltr'><strong>ponitur,</strong></span> <span class='ocrx_word' id='word_1_34' title='bbox 362 898 451 959; x_wconf 88' lang='lat' dir='ltr'><strong>inde</strong></span> <span class='ocrx_word' id='word_1_35' title='bbox 474 917 597 960; x_wconf 85' lang='lat' dir='ltr'><strong>uooreu</strong></span> <span class='ocrx_word' id='word_1_36' title='bbox 615 901 716 968; x_wconf 84' lang='lat' dir='ltr'><strong>traxit.</strong></span> <span class='ocrx_word' id='word_1_37' title='bbox 742 893 782 963; x_wconf 80' lang='grc' dir='ltr'><strong>τὸ</strong></span> <span class='ocrx_word' id='word_1_38' title='bbox 803 923 819 961; x_wconf 89' lang='lat' dir='ltr'><strong>r</strong></span> <span class='ocrx_word' id='word_1_39' title='bbox 838 900 985 962; x_wconf 81' lang='lat' dir='ltr'><strong>videatur</strong></span> <span class='ocrx_word' id='word_1_40' title='bbox 1006 899 1064 962; x_wconf 83' lang='lat' dir='ltr'><strong>effe</strong></span> <span class='ocrx_word' id='word_1_41' title='bbox 1086 901 1133 960; x_wconf 84' lang='lat' dir='ltr'><strong>in·</strong></span> 
     </span>
     <span class='ocr_line' id='line_1_6' title="bbox 82 994 1134 1090; baseline 0.008 -34"><span class='ocrx_word' id='word_1_42' title='bbox 82 994 188 1056; x_wconf 76' lang='lat' dir='ltr'><strong>urium</strong></span> <span class='ocrx_word' id='word_1_43' title='bbox 210 999 245 1056; x_wconf 91' lang='lat' dir='ltr'><strong>in</strong></span> <span class='ocrx_word' id='word_1_44' title='bbox 275 997 451 1090; x_wconf 72' lang='lat' dir='ltr'><strong>Tirssri53</strong></span> <span class='ocrx_word' id='word_1_45' title='bbox 485 1001 588 1084; x_wconf 75' lang='lat' dir='ltr'><strong>magis</strong></span> <span class='ocrx_word' id='word_1_46' title='bbox 609 1013 714 1061; x_wconf 85' lang='lat' dir='ltr'><strong>tamen</strong></span> <span class='ocrx_word' id='word_1_47' title='bbox 735 1001 854 1072; x_wconf 79' lang='lat' dir='ltr'><strong>valeat.</strong></span> <span class='ocrx_word' id='word_1_48' title='bbox 881 1001 967 1083; x_wconf 88' lang='lat' dir='ltr'><strong>quod</strong></span> <span class='ocrx_word' id='word_1_49' title='bbox 986 1003 1134 1084; x_wconf 81' lang='lat' dir='ltr'><strong>ignorant</strong></span> 
     </span>
     <span class='ocr_line' id='line_1_7' title="bbox 83 1095 1133 1164; baseline 0.008 -8"><span class='ocrx_word' id='word_1_50' title='bbox 83 1099 181 1156; x_wconf 72' lang='lat' dir='ltr'><strong>vetusti</strong></span> <span class='ocrx_word' id='word_1_51' title='bbox 204 1099 339 1160; x_wconf 77' lang='lat' dir='ltr'><strong>codices</strong></span> <span class='ocrx_word' id='word_1_52' title='bbox 363 1121 382 1159; x_wconf 90' lang='lat' dir='ltr'><strong>a</strong></span> <span class='ocrx_word' id='word_1_53' title='bbox 405 1095 519 1160; x_wconf 79' lang='lat' dir='ltr'><strong>Voffio</strong></span> <span class='ocrx_word' id='word_1_54' title='bbox 541 1103 794 1164; x_wconf 84' lang='lat' dir='ltr'><strong>commemorati.</strong></span> <span class='ocrx_word' id='word_1_55' title='bbox 846 1103 933 1164; x_wconf 86' lang='lat' dir='ltr'><strong>Facit</strong></span> <span class='ocrx_word' id='word_1_56' title='bbox 952 1103 1046 1164; x_wconf 85' lang='lat' dir='ltr'><strong>etiam</strong></span> <span class='ocrx_word' id='word_1_57' title='bbox 1069 1101 1133 1164; x_wconf 86' lang='lat' dir='ltr'><strong>hue</strong></span> 
     </span>
     <span class='ocr_line' id='line_1_8' title="bbox 83 1199 1134 1282; baseline 0.01 -26"><span class='ocrx_word' id='word_1_58' title='bbox 83 1201 194 1282; x_wconf 67' lang='lat' dir='ltr'><strong>nugata</strong></span> <span class='ocrx_word' id='word_1_59' title='bbox 218 1199 402 1262; x_wconf 71' lang='lat' dir='ltr'>Strabonis</span> <span class='ocrx_word' id='word_1_60' title='bbox 427 1199 544 1272; x_wconf 84' lang='lat' dir='ltr'><strong>lectio.</strong></span> <span class='ocrx_word' id='word_1_61' title='bbox 577 1203 696 1282; x_wconf 79' lang='lat' dir='ltr'><strong>dequo</strong></span> <span class='ocrx_word' id='word_1_62' title='bbox 718 1203 783 1266; x_wconf 80' lang='lat' dir='ltr'><strong>vid.</strong></span> <span class='ocrx_word' id='word_1_63' title='bbox 808 1223 836 1266; x_wconf 89' lang='lat' dir='ltr'><strong>c.</strong></span> <span class='ocrx_word' id='word_1_64' title='bbox 860 1203 883 1266; x_wconf 85' lang='lat' dir='ltr'><strong>i.</strong></span> <span class='ocrx_word' id='word_1_65' title='bbox 907 1223 967 1264; x_wconf 86' lang='lat' dir='ltr'><strong>nec</strong></span> <span class='ocrx_word' id='word_1_66' title='bbox 988 1201 1134 1266; x_wconf 87' lang='lat' dir='ltr'><strong>abnuunt</strong></span> 
     </span>
     <span class='ocr_line' id='line_1_9' title="bbox 82 1301 1131 1384; baseline 0.01 -26"><span class='ocrx_word' id='word_1_67' title='bbox 82 1301 175 1360; x_wconf 70' lang='lat' dir='ltr'><strong>usui</strong></span> <span class='ocrx_word' id='word_1_68' title='bbox 201 1301 302 1362; x_wconf 83' lang='lat' dir='ltr'><strong>nostri</strong></span> <span class='ocrx_word' id='word_1_69' title='bbox 330 1303 498 1383; x_wconf 78' lang='lat' dir='ltr'><strong>potiores.</strong></span> <span class='ocrx_word' id='word_1_70' title='bbox 558 1305 706 1384; x_wconf 84' lang='lat' dir='ltr'><strong>Denique</strong></span> <span class='ocrx_word' id='word_1_71' title='bbox 732 1305 809 1366; x_wconf 82' lang='lat' dir='ltr'><strong>aliae</strong></span> <span class='ocrx_word' id='word_1_72' title='bbox 832 1305 970 1366; x_wconf 83' lang='lat' dir='ltr'><strong>aliorum</strong></span> <span class='ocrx_word' id='word_1_73' title='bbox 1001 1303 1131 1376; x_wconf 77' lang='lat' dir='ltr'><strong>formae.</strong></span> 
     </span>
     <span class='ocr_line' id='line_1_10' title="bbox 82 1401 1134 1490; baseline 0.008 -30"><span class='ocrx_word' id='word_1_74' title='bbox 82 1401 112 1460; x_wconf 85' lang='lat' dir='ltr'><strong>do</strong></span> <span class='ocrx_word' id='word_1_75' title='bbox 139 1403 257 1481; x_wconf 81' lang='lat' dir='ltr'><strong>quibus</strong></span> <span class='ocrx_word' id='word_1_76' title='bbox 289 1404 372 1466; x_wconf 84' lang='lat' dir='ltr'><strong>Vot.</strong></span> <span class='ocrx_word' id='word_1_77' title='bbox 404 1419 439 1464; x_wconf 85' lang='lat'><strong>2.</strong></span> <span class='ocrx_word' id='word_1_78' title='bbox 470 1404 535 1464; x_wconf 83' lang='lat' dir='ltr'><strong>fine</strong></span> <span class='ocrx_word' id='word_1_79' title='bbox 558 1427 574 1464; x_wconf 88' lang='lat' dir='ltr'><strong>r</strong></span> <span class='ocrx_word' id='word_1_80' title='bbox 595 1407 756 1486; x_wconf 80' lang='lat' dir='ltr'><strong>adparent.</strong></span> <span class='ocrx_word' id='word_1_81' title='bbox 821 1407 929 1490; x_wconf 80' lang='lat' dir='ltr'><strong>Quare</strong></span> <span class='ocrx_word' id='word_1_82' title='bbox 953 1401 1134 1468; x_wconf 72' lang='lat' dir='ltr'><strong>Voss&#39;tanam</strong></span> 
     </span>
     <span class='ocr_line' id='line_1_11' title="bbox 83 1501 1134 1590; baseline 0.007 -31"><span class='ocrx_word' id='word_1_83' title='bbox 83 1504 243 1563; x_wconf 76' lang='lat' dir='ltr'><strong>lectionem</strong></span> <span class='ocrx_word' id='word_1_84' title='bbox 280 1501 432 1568; x_wconf 76' lang='lat' dir='ltr'><strong>servavi.</strong></span> <span class='ocrx_word' id='word_1_85' title='bbox 490 1504 565 1566; x_wconf 84' lang='lat' dir='ltr'>Post</span> <span class='ocrx_word' id='word_1_86' title='bbox 590 1507 762 1590; x_wconf 76' lang='lat' dir='ltr'><strong>Belidiger.</strong></span> <span class='ocrx_word' id='word_1_87' title='bbox 794 1507 847 1568; x_wconf 86' lang='lat' dir='ltr'><strong>dat</strong></span> <span class='ocrx_word' id='word_1_88' title='bbox 871 1508 1134 1588; x_wconf 73' lang='lat' dir='ltr'><em>promuntorium,</em></span> 
     </span>
     <span class='ocr_line' id='line_1_12' title="bbox 80 1605 1134 1686; baseline 0.008 -24"><span class='ocrx_word' id='word_1_89' title='bbox 80 1617 109 1662; x_wconf 86' lang='lat' dir='ltr'><strong>ut</strong></span> <span class='ocrx_word' id='word_1_90' title='bbox 128 1605 160 1664; x_wconf 86' lang='lat' dir='ltr'><strong>fit</strong></span> <span class='ocrx_word' id='word_1_91' title='bbox 182 1605 261 1664; x_wconf 87' lang='lat' dir='ltr'><strong>alibi</strong></span> <span class='ocrx_word' id='word_1_92' title='bbox 287 1605 517 1685; x_wconf 71' lang='lat' dir='ltr'><strong>probantibus</strong></span> <span class='ocrx_word' id='word_1_93' title='bbox 539 1607 729 1686; x_wconf 79' lang='lat' dir='ltr'><strong>quibusdam</strong></span> <span class='ocrx_word' id='word_1_94' title='bbox 752 1609 831 1669; x_wconf 83' lang='lat' dir='ltr'><strong>viria</strong></span> <span class='ocrx_word' id='word_1_95' title='bbox 853 1608 966 1670; x_wconf 76' lang='lat' dir='ltr'><strong>doctis.</strong></span> <span class='ocrx_word' id='word_1_96' title='bbox 1018 1605 1069 1670; x_wconf 81' lang='lat' dir='ltr'><strong>Cf.</strong></span> <span class='ocrx_word' id='word_1_97' title='bbox 1094 1607 1134 1670; x_wconf 86' lang='lat' dir='ltr'><strong>ad</strong></span> 
     </span>
     <span class='ocr_line' id='line_1_13' title="bbox 85 1706 1134 1790; baseline 0.01 -27"><span class='ocrx_word' id='word_1_98' title='bbox 85 1725 108 1772; x_wconf 86' lang='grc' dir='ltr'><strong>ι,</strong></span> <span class='ocrx_word' id='word_1_99' title='bbox 129 1719 161 1781; x_wconf 86' lang='grc'><strong>5,</strong></span> <span class='ocrx_word' id='word_1_100' title='bbox 187 1722 221 1768; x_wconf 83' lang='lat'><strong>2.</strong></span> <span class='ocrx_word' id='word_1_101' title='bbox 276 1706 350 1768; x_wconf 87' lang='lat' dir='ltr'><strong>Pro</strong></span> <span class='ocrx_word' id='word_1_102' title='bbox 379 1707 508 1786; x_wconf 83' lang='lat' dir='ltr'><strong>occipit</strong></span> <span class='ocrx_word' id='word_1_103' title='bbox 530 1707 668 1770; x_wconf 85' lang='lat' dir='ltr'><strong>Vindob.</strong></span> <span class='ocrx_word' id='word_1_104' title='bbox 691 1711 832 1788; x_wconf 82' lang='lat' dir='ltr'><strong>accepit,</strong></span> <span class='ocrx_word' id='word_1_105' title='bbox 865 1721 898 1770; x_wconf 86' lang='lat' dir='ltr'><strong>et</strong></span> <span class='ocrx_word' id='word_1_106' title='bbox 919 1727 977 1790; x_wconf 90' lang='lat' dir='ltr'><strong>pro</strong></span> <span class='ocrx_word' id='word_1_107' title='bbox 998 1721 1134 1787; x_wconf 80' lang='lat' dir='ltr'><strong>praeter·</strong></span> 
     </span>
     <span class='ocr_line' id='line_1_14' title="bbox 80 1809 1059 1894; baseline 0.008 -29"><span class='ocrx_word' id='word_1_108' title='bbox 80 1819 175 1868; x_wconf 78' lang='lat' dir='ltr'><strong>arctos</strong></span> <span class='ocrx_word' id='word_1_109' title='bbox 197 1809 298 1891; x_wconf 82' lang='lat' dir='ltr'><strong>Prag.</strong></span> <span class='ocrx_word' id='word_1_110' title='bbox 324 1809 556 1888; x_wconf 65' lang='lat' dir='ltr'><strong>praeteritae.</strong></span> <span class='ocrx_word' id='word_1_111' title='bbox 609 1809 717 1872; x_wconf 84' lang='lat' dir='ltr'><strong>Cibin.</strong></span> <span class='ocrx_word' id='word_1_112' title='bbox 740 1831 818 1894; x_wconf 78' lang='lat' dir='ltr'><strong>qrros</strong></span> <span class='ocrx_word' id='word_1_113' title='bbox 838 1821 1059 1891; x_wconf 76' lang='lat' dir='ltr'><strong>pretervectos.</strong></span> 
     </span>
    </p>
   </div>
   <div class='ocr_carea' id='block_1_3' title="bbox 82 1967 1136 2466">
    <p class='ocr_par' dir='ltr' id='par_1_3' title="bbox 82 1967 1136 2466">
     <span class='ocr_line' id='line_1_15' title="bbox 145 1967 1136 2068; baseline 0.006 -32"><span class='ocrx_word' id='word_1_114' title='bbox 145 1967 408 2066; x_wconf 76' lang='lat' dir='ltr'><strong>Phasiaco)</strong></span> <span class='ocrx_word' id='word_1_115' title='bbox 461 1975 569 2040; x_wconf 80' lang='lat' dir='ltr'><strong>Cibin.</strong></span> <span class='ocrx_word' id='word_1_116' title='bbox 600 1973 806 2068; x_wconf 67' lang='lat' dir='ltr'><strong>Pirustarum,</strong></span> <span class='ocrx_word' id='word_1_117' title='bbox 846 1975 928 2040; x_wconf 79' lang='lat' dir='ltr'><strong>forte</strong></span> <span class='ocrx_word' id='word_1_118' title='bbox 960 1979 1044 2060; x_wconf 85' lang='lat' dir='ltr'><strong>quod</strong></span> <span class='ocrx_word' id='word_1_119' title='bbox 1077 1977 1136 2042; x_wconf 70' lang='lat' dir='ltr'><strong>od·</strong></span> 
     </span>
     <span class='ocr_line' id='line_1_16' title="bbox 83 2067 1135 2161; baseline 0.006 -25"><span class='ocrx_word' id='word_1_120' title='bbox 83 2067 178 2161; x_wconf 62' lang='lat' dir='ltr'><strong>versus</strong></span> <span class='ocrx_word' id='word_1_121' title='bbox 199 2079 491 2160; x_wconf 75' lang='lat' dir='ltr'><strong>praepositionem</strong></span> <span class='ocrx_word' id='word_1_122' title='bbox 514 2093 639 2160; x_wconf 86' lang='lat' dir='ltr'><strong>putaret</strong></span> <span class='ocrx_word' id='word_1_123' title='bbox 658 2079 817 2151; x_wconf 85' lang='lat' dir='ltr'><strong>librariur;</strong></span> <span class='ocrx_word' id='word_1_124' title='bbox 843 2081 955 2141; x_wconf 72' lang='lat' dir='ltr'><strong>Vener.</strong></span> <span class='ocrx_word' id='word_1_125' title='bbox 974 2081 1078 2142; x_wconf 81' lang='lat' dir='ltr'><strong>iiavn.</strong></span> <span class='ocrx_word' id='word_1_126' title='bbox 1102 2095 1135 2142; x_wconf 84' lang='lat' dir='ltr'><strong>et</strong></span> 
     </span>
     <span class='ocr_line' id='line_1_17' title="bbox 83 2177 1135 2272; baseline 0.006 -36"><span class='ocrx_word' id='word_1_127' title='bbox 83 2179 149 2238; x_wconf 73' lang='lat' dir='ltr'><strong>edri.</strong></span> <span class='ocrx_word' id='word_1_128' title='bbox 168 2193 199 2248; x_wconf 73' lang='lat'><strong>7.</strong></span> <span class='ocrx_word' id='word_1_129' title='bbox 216 2192 253 2257; x_wconf 77' lang='grc'><strong>3.</strong></span> <span class='ocrx_word' id='word_1_130' title='bbox 280 2193 341 2256; x_wconf 84' lang='grc' dir='ltr'><strong>ι5.</strong></span> <span class='ocrx_word' id='word_1_131' title='bbox 369 2194 430 2252; x_wconf 84' lang='lat'><strong>17.</strong></span> <span class='ocrx_word' id='word_1_132' title='bbox 448 2195 506 2242; x_wconf 76' lang='lat'><strong>20.</strong></span> <span class='ocrx_word' id='word_1_133' title='bbox 525 2193 581 2260; x_wconf 79' lang='lat'><strong>23.</strong></span> <span class='ocrx_word' id='word_1_134' title='bbox 600 2177 787 2270; x_wconf 49' lang='lat' dir='ltr'><strong>Faustam„</strong></span> <span class='ocrx_word' id='word_1_135' title='bbox 813 2181 904 2264; x_wconf 79' lang='lat' dir='ltr'><strong>Prag.</strong></span> <span class='ocrx_word' id='word_1_136' title='bbox 925 2177 1135 2272; x_wconf 64' lang='lat' dir='ltr'><strong>Phosrocbou</strong></span> 
     </span>
     <span class='ocr_line' id='line_1_18' title="bbox 82 2277 1135 2372; baseline 0.008 -36"><span class='ocrx_word' id='word_1_137' title='bbox 82 2280 113 2338; x_wconf 86' lang='lat' dir='ltr'><strong>in</strong></span> <span class='ocrx_word' id='word_1_138' title='bbox 137 2281 200 2341; x_wconf 80' lang='lat' dir='ltr'><strong>aliia</strong></span> <span class='ocrx_word' id='word_1_139' title='bbox 222 2294 318 2342; x_wconf 80' lang='lat' dir='ltr'><strong>recte</strong></span> <span class='ocrx_word' id='word_1_140' title='bbox 352 2277 526 2370; x_wconf 79' lang='lat' dir='ltr'><strong>Phofiaco.</strong></span> <span class='ocrx_word' id='word_1_141' title='bbox 580 2279 681 2343; x_wconf 87' lang='lat' dir='ltr'><strong>Verba</strong></span> <span class='ocrx_word' id='word_1_142' title='bbox 701 2294 732 2342; x_wconf 82' lang='lat' dir='ltr'><strong>et</strong></span> <span class='ocrx_word' id='word_1_143' title='bbox 761 2277 822 2372; x_wconf 84' lang='lat' dir='ltr'><strong>ru&#39;st</strong></span> <span class='ocrx_word' id='word_1_144' title='bbox 844 2281 979 2362; x_wconf 72' lang='grc' dir='ltr'><strong>ιιιιψὶιίιι1</strong></span> <span class='ocrx_word' id='word_1_145' title='bbox 1000 2315 1049 2330; x_wconf 90' lang='grc'>-</span> <span class='ocrx_word' id='word_1_146' title='bbox 1070 2285 1135 2346; x_wconf 85' lang='lat' dir='ltr'><strong>Au·</strong></span> 
     </span>
     <span class='ocr_line' id='line_1_19' title="bbox 83 2380 594 2466; baseline 0.014 -29"><span class='ocrx_word' id='word_1_147' title='bbox 83 2380 191 2441; x_wconf 69' lang='lat' dir='ltr'><strong>chablos</strong></span> <span class='ocrx_word' id='word_1_148' title='bbox 212 2383 423 2444; x_wconf 63' lang='lat' dir='ltr'><strong>exemerunt</strong></span> <span class='ocrx_word' id='word_1_149' title='bbox 447 2401 485 2442; x_wconf 85' lang='lat' dir='ltr'><strong>ex</strong></span> <span class='ocrx_word' id='word_1_150' title='bbox 502 2381 594 2466; x_wconf 83' lang='lat' dir='ltr'><strong>Prag.</strong></span> 
     </span>
    </p>
   </div>
   <div class='ocr_carea' id='block_1_4' title="bbox 79 2542 1141 3833">
    <p class='ocr_par' dir='ltr' id='par_1_4' title="bbox 79 2542 1141 3833">
     <span class='ocr_line' id='line_1_20' title="bbox 141 2542 1135 2640; baseline 0.001 -28"><span class='ocrx_word' id='word_1_151' title='bbox 141 2542 324 2640; x_wconf 79' lang='lat' dir='ltr'><strong>similis.</strong></span> <span class='ocrx_word' id='word_1_152' title='bbox 372 2549 504 2632; x_wconf 85' lang='lat' dir='ltr'><strong>Fuit)</strong></span> <span class='ocrx_word' id='word_1_153' title='bbox 555 2551 698 2614; x_wconf 77' lang='lat' dir='ltr'><strong>vetustae</strong></span> <span class='ocrx_word' id='word_1_154' title='bbox 731 2551 889 2614; x_wconf 84' lang='lat' dir='ltr'><strong>editionee</strong></span> <span class='ocrx_word' id='word_1_155' title='bbox 918 2552 956 2612; x_wconf 86' lang='lat' dir='ltr'><strong>ad</strong></span> <span class='ocrx_word' id='word_1_156' title='bbox 990 2547 1135 2614; x_wconf 76' lang='lat' dir='ltr'><strong>Voss&#39;rum</strong></span> 
     </span>
     <span class='ocr_line' id='line_1_21' title="bbox 83 2651 1136 2733; baseline 0.003 -24"><span class='ocrx_word' id='word_1_157' title='bbox 83 2651 206 2711; x_wconf 81' lang='lat' dir='ltr'><strong>alterurn</strong></span> <span class='ocrx_word' id='word_1_158' title='bbox 232 2651 449 2712; x_wconf 84' lang='lat' dir='ltr'><strong>vocabulum</strong></span> <span class='ocrx_word' id='word_1_159' title='bbox 470 2653 730 2732; x_wconf 69' lang='lat' dir='ltr'><strong>praecedentibus</strong></span> <span class='ocrx_word' id='word_1_160' title='bbox 751 2653 885 2726; x_wconf 84' lang='lat' dir='ltr'><strong>dabunt;</strong></span> <span class='ocrx_word' id='word_1_161' title='bbox 924 2653 977 2714; x_wconf 89' lang='lat' dir='ltr'><strong>ille</strong></span> <span class='ocrx_word' id='word_1_162' title='bbox 1001 2653 1136 2733; x_wconf 81' lang='lat' dir='ltr'><strong>priruur,</strong></span> 
     </span>
     <span class='ocr_line' id='line_1_22' title="bbox 85 2753 1136 2835; baseline 0.002 -25"><span class='ocrx_word' id='word_1_163' title='bbox 85 2769 232 2814; x_wconf 75' lang='lat' dir='ltr'><strong>tribuente</strong></span> <span class='ocrx_word' id='word_1_164' title='bbox 267 2753 414 2834; x_wconf 88' lang='lat' dir='ltr'><strong>quidem</strong></span> <span class='ocrx_word' id='word_1_165' title='bbox 445 2753 568 2812; x_wconf 87' lang='lat' dir='ltr'><strong>dudum</strong></span> <span class='ocrx_word' id='word_1_166' title='bbox 601 2753 768 2822; x_wconf 86' lang='lat' dir='ltr'><strong>l’intiauo,</strong></span> <span class='ocrx_word' id='word_1_167' title='bbox 807 2755 846 2814; x_wconf 83' lang='lat' dir='ltr'><strong>ed</strong></span> <span class='ocrx_word' id='word_1_168' title='bbox 877 2753 1035 2835; x_wconf 80' lang='lat' dir='ltr'><strong>sequeutia</strong></span> <span class='ocrx_word' id='word_1_169' title='bbox 1065 2771 1136 2834; x_wconf 83' lang='lat' dir='ltr'><strong>pro·</strong></span> 
     </span>
     <span class='ocr_line' id='line_1_23' title="bbox 86 2851 1137 2936; baseline 0.003 -25"><span class='ocrx_word' id='word_1_170' title='bbox 86 2857 150 2914; x_wconf 87' lang='lat' dir='ltr'><strong>tulit</strong></span> <span class='ocrx_word' id='word_1_171' title='bbox 169 2856 310 2916; x_wconf 76' lang='lat' dir='ltr'><strong>rectius.</strong></span> <span class='ocrx_word' id='word_1_172' title='bbox 370 2853 533 2914; x_wconf 56' lang='lat' dir='ltr'><strong>lta&#39;etiam</strong></span> <span class='ocrx_word' id='word_1_173' title='bbox 552 2851 633 2914; x_wconf 83' lang='lat' dir='ltr'><strong>iufra</strong></span> <span class='ocrx_word' id='word_1_174' title='bbox 654 2855 692 2915; x_wconf 88' lang='lat' dir='ltr'><strong>ad</strong></span> <span class='ocrx_word' id='word_1_175' title='bbox 716 2853 812 2936; x_wconf 83' lang='lat' dir='ltr'><strong>verba</strong></span> <span class='ocrx_word' id='word_1_176' title='bbox 829 2875 947 2933; x_wconf 67' lang='lat' dir='ltr'><strong>magua</strong></span> <span class='ocrx_word' id='word_1_177' title='bbox 968 2853 1137 2932; x_wconf 78' lang='lat' dir='ltr'><strong>Apollonia</strong></span> 
     </span>
     <span class='ocr_line' id='line_1_24' title="bbox 84 2951 1137 3038; baseline 0.005 -27"><span class='ocrx_word' id='word_1_178' title='bbox 84 2955 266 3038; x_wconf 81' lang='lat' dir='ltr'><strong>interpungi</strong></span> <span class='ocrx_word' id='word_1_179' title='bbox 299 2951 438 3015; x_wconf 81' lang='lat' dir='ltr'><strong>iufferat</strong></span> <span class='ocrx_word' id='word_1_180' title='bbox 469 2953 630 3024; x_wconf 82' lang='lat' dir='ltr'><strong>Schottua.</strong></span> <span class='ocrx_word' id='word_1_181' title='bbox 665 2955 720 3016; x_wconf 83' lang='lat' dir='ltr'><strong>etsr</strong></span> <span class='ocrx_word' id='word_1_182' title='bbox 754 2957 788 3016; x_wconf 86' lang='lat' dir='ltr'><strong>iu</strong></span> <span class='ocrx_word' id='word_1_183' title='bbox 815 2969 967 3016; x_wconf 85' lang='lat' dir='ltr'><strong>contextu</strong></span> <span class='ocrx_word' id='word_1_184' title='bbox 997 2956 1137 3036; x_wconf 84' lang='lat' dir='ltr'><strong>priorem</strong></span> 
     </span>
     <span class='ocr_line' id='line_1_25' title="bbox 84 3055 1138 3136; baseline 0.005 -23"><span class='ocrx_word' id='word_1_185' title='bbox 84 3055 327 3118; x_wconf 69' lang='lat' dir='ltr'><strong>distinctionem</strong></span> <span class='ocrx_word' id='word_1_186' title='bbox 351 3055 543 3135; x_wconf 83' lang='lat' dir='ltr'><strong>reliquerat,</strong></span> <span class='ocrx_word' id='word_1_187' title='bbox 570 3075 664 3136; x_wconf 83' lang='lat' dir='ltr'><strong>quarn</strong></span> <span class='ocrx_word' id='word_1_188' title='bbox 682 3057 811 3116; x_wconf 88' lang='lat' dir='ltr'><strong>etiama</strong></span> <span class='ocrx_word' id='word_1_189' title='bbox 832 3057 996 3118; x_wconf 78' lang='lat' dir='ltr'><strong>codicibus</strong></span> <span class='ocrx_word' id='word_1_190' title='bbox 1011 3055 1138 3136; x_wconf 75' lang='lat' dir='ltr'><strong>quibua·</strong></span> 
     </span>
     <span class='ocr_line' id='line_1_26' title="bbox 87 3153 1138 3240; baseline 0.006 -28"><span class='ocrx_word' id='word_1_191' title='bbox 87 3157 161 3228; x_wconf 53' lang='lat' dir='ltr'><strong>riam,</strong></span> <span class='ocrx_word' id='word_1_192' title='bbox 189 3161 306 3218; x_wconf 82' lang='lat' dir='ltr'><strong>veluti</strong></span> <span class='ocrx_word' id='word_1_193' title='bbox 329 3155 445 3218; x_wconf 89' lang='lat' dir='ltr'><strong>Cibin.</strong></span> <span class='ocrx_word' id='word_1_194' title='bbox 474 3155 558 3218; x_wconf 86' lang='lat' dir='ltr'><strong>Gud.</strong></span> <span class='ocrx_word' id='word_1_195' title='bbox 583 3153 667 3239; x_wconf 79' lang='lat' dir='ltr'><strong>Lipt</strong></span> <span class='ocrx_word' id='word_1_196' title='bbox 693 3157 857 3240; x_wconf 87' lang='lat' dir='ltr'><strong>probatam</strong></span> <span class='ocrx_word' id='word_1_197' title='bbox 877 3153 965 3218; x_wconf 81' lang='lat' dir='ltr'><strong>tuiue</strong></span> <span class='ocrx_word' id='word_1_198' title='bbox 986 3176 1024 3218; x_wconf 90' lang='lat' dir='ltr'><strong>ex</strong></span> <span class='ocrx_word' id='word_1_199' title='bbox 1048 3157 1138 3218; x_wconf 84' lang='lat' dir='ltr'><strong>litera</strong></span> 
     </span>
     <span class='ocr_line' id='line_1_27' title="bbox 85 3257 1139 3340; baseline 0.002 -24"><span class='ocrx_word' id='word_1_200' title='bbox 85 3261 251 3321; x_wconf 74' lang='lat' dir='ltr'><strong>maiuscula</strong></span> <span class='ocrx_word' id='word_1_201' title='bbox 283 3259 323 3317; x_wconf 89' lang='lat' dir='ltr'><strong>in</strong></span> <span class='ocrx_word' id='word_1_202' title='bbox 348 3274 434 3316; x_wconf 80' lang='lat' dir='ltr'><strong>voce</strong></span> <span class='ocrx_word' id='word_1_203' title='bbox 450 3257 517 3318; x_wconf 87' lang='lat' dir='ltr'><strong>Hic</strong></span> <span class='ocrx_word' id='word_1_204' title='bbox 537 3259 666 3340; x_wconf 83' lang='lat' dir='ltr'><strong>agnovi.</strong></span> <span class='ocrx_word' id='word_1_205' title='bbox 720 3257 833 3340; x_wconf 81' lang='lat' dir='ltr'><strong>Neque</strong></span> <span class='ocrx_word' id='word_1_206' title='bbox 859 3271 964 3318; x_wconf 81' lang='lat' dir='ltr'><strong>tamen</strong></span> <span class='ocrx_word' id='word_1_207' title='bbox 985 3257 1040 3318; x_wconf 87' lang='lat' dir='ltr'><strong>libi</strong></span> <span class='ocrx_word' id='word_1_208' title='bbox 1065 3277 1139 3318; x_wconf 85' lang='lat' dir='ltr'><strong>con·</strong></span> 
     </span>
     <span class='ocr_line' id='line_1_28' title="bbox 86 3355 1140 3448; baseline -0.001 -30"><span class='ocrx_word' id='word_1_209' title='bbox 86 3359 153 3419; x_wconf 82' lang='lat' dir='ltr'><strong>stitit</strong></span> <span class='ocrx_word' id='word_1_210' title='bbox 175 3361 369 3426; x_wconf 73' lang='lat' dir='ltr'><strong>schottus,</strong></span> <span class='ocrx_word' id='word_1_211' title='bbox 407 3357 485 3417; x_wconf 86' lang='lat' dir='ltr'><strong>dum</strong></span> <span class='ocrx_word' id='word_1_212' title='bbox 511 3355 596 3440; x_wconf 79' lang='lat' dir='ltr'><strong>[upra</strong></span> <span class='ocrx_word' id='word_1_213' title='bbox 619 3359 656 3418; x_wconf 85' lang='lat' dir='ltr'><strong>ad</strong></span> <span class='ocrx_word' id='word_1_214' title='bbox 677 3357 772 3419; x_wconf 86' lang='lat' dir='ltr'><strong>verba</strong></span> <span class='ocrx_word' id='word_1_215' title='bbox 796 3357 933 3418; x_wconf 76' lang='lat' dir='ltr'><strong>deducta</strong></span> <span class='ocrx_word' id='word_1_216' title='bbox 960 3379 981 3418; x_wconf 82' lang='lat' dir='ltr'><strong>a</strong></span> <span class='ocrx_word' id='word_1_217' title='bbox 1005 3355 1140 3448; x_wconf 66' lang='lat' dir='ltr'><strong>riliIfiis</strong></span> 
     </span>
     <span class='ocr_line' id='line_1_29' title="bbox 87 3457 1139 3542; baseline -0.001 -23"><span class='ocrx_word' id='word_1_218' title='bbox 87 3457 210 3542; x_wconf 68' lang='lat' dir='ltr'><strong>[cripfin</strong></span> <span class='ocrx_word' id='word_1_219' title='bbox 256 3462 386 3520; x_wconf 81' lang='lat' dir='ltr'><strong>iovem</strong></span> <span class='ocrx_word' id='word_1_220' title='bbox 417 3457 555 3540; x_wconf 84' lang='lat' dir='ltr'><strong>lapidem</strong></span> <span class='ocrx_word' id='word_1_221' title='bbox 576 3459 678 3520; x_wconf 89' lang='lat' dir='ltr'><strong>iurare</strong></span> <span class='ocrx_word' id='word_1_222' title='bbox 706 3460 805 3540; x_wconf 86' lang='lat' dir='ltr'><strong>liquet</strong></span> <span class='ocrx_word' id='word_1_223' title='bbox 836 3457 979 3542; x_wconf 80' lang='lat' dir='ltr'><strong>scripiiss&#39;e</strong></span> <span class='ocrx_word' id='word_1_224' title='bbox 1003 3459 1139 3519; x_wconf 81' lang='lat' dir='ltr'><strong>Melam:</strong></span> 
     </span>
     <span class='ocr_line' id='line_1_30' title="bbox 79 3555 1141 3652; baseline -0.002 -32"><span class='ocrx_word' id='word_1_225' title='bbox 79 3557 187 3652; x_wconf 59' lang='lat' dir='ltr'><strong>fimitis</strong></span> <span class='ocrx_word' id='word_1_226' title='bbox 199 3555 318 3648; x_wconf 52' lang='lat' dir='ltr'><strong>fluia</strong></span> <span class='ocrx_word' id='word_1_227' title='bbox 356 3559 441 3640; x_wconf 79' lang='lat' dir='ltr'><strong>quasi</strong></span> <span class='ocrx_word' id='word_1_228' title='bbox 462 3559 503 3620; x_wconf 84' lang='lat' dir='ltr'><strong>de</strong></span> <span class='ocrx_word' id='word_1_229' title='bbox 523 3561 602 3620; x_wconf 87' lang='lat' dir='ltr'><strong>mari</strong></span> <span class='ocrx_word' id='word_1_230' title='bbox 622 3573 677 3620; x_wconf 85' lang='lat' dir='ltr'><strong>aut</strong></span> <span class='ocrx_word' id='word_1_231' title='bbox 694 3559 827 3620; x_wconf 83' lang='lat' dir='ltr'><strong>flumine</strong></span> <span class='ocrx_word' id='word_1_232' title='bbox 845 3560 929 3620; x_wconf 80' lang='lat' dir='ltr'><strong>Mela</strong></span> <span class='ocrx_word' id='word_1_233' title='bbox 950 3572 1141 3642; x_wconf 78' lang='lat' dir='ltr'><strong>exponerot3</strong></span> 
     </span>
     <span class='ocr_line' id='line_1_31' title="bbox 85 3660 1140 3744; baseline 0 -24"><span class='ocrx_word' id='word_1_234' title='bbox 85 3684 172 3742; x_wconf 82' lang='lat' dir='ltr'><strong>quem</strong></span> <span class='ocrx_word' id='word_1_235' title='bbox 206 3660 357 3744; x_wconf 82' lang='lat' dir='ltr'><strong>quidem</strong></span> <span class='ocrx_word' id='word_1_236' title='bbox 388 3661 486 3720; x_wconf 87' lang='lat' dir='ltr'><strong>etiam</strong></span> <span class='ocrx_word' id='word_1_237' title='bbox 509 3661 584 3724; x_wconf 88' lang='lat' dir='ltr'><strong>ideo</strong></span> <span class='ocrx_word' id='word_1_238' title='bbox 616 3661 824 3744; x_wconf 80' lang='lat' dir='ltr'><strong>reprehendit</strong></span> <span class='ocrx_word' id='word_1_239' title='bbox 849 3662 875 3724; x_wconf 93' lang='lat'><strong>1.</strong></span> <span class='ocrx_word' id='word_1_240' title='bbox 900 3660 1084 3724; x_wconf 70' lang='lat' dir='ltr'><strong>Gronovius</strong></span> <span class='ocrx_word' id='word_1_241' title='bbox 1107 3661 1140 3720; x_wconf 88' lang='lat' dir='ltr'><strong>in</strong></span> 
     </span>
     <span class='ocr_line' id='line_1_32' title="bbox 88 3757 415 3833; baseline -0.006 -9"><span class='ocrx_word' id='word_1_242' title='bbox 88 3763 207 3828; x_wconf 76' lang='lat' dir='ltr'><strong>observ.</strong></span> <span class='ocrx_word' id='word_1_243' title='bbox 241 3785 275 3833; x_wconf 88' lang='grc' dir='ltr'><strong>ι,</strong></span> <span class='ocrx_word' id='word_1_244' title='bbox 307 3757 415 3824; x_wconf 81' lang='lat' dir='ltr'><strong>16.f.</strong></span> 
     </span>
    </p>
   </div>
   <div class='ocr_carea' id='block_1_5' title="bbox 87 3925 1142 4219">
    <p class='ocr_par' dir='ltr' id='par_1_5' title="bbox 87 3925 1142 4219">
     <span class='ocr_line' id='line_1_33' title="bbox 150 3925 1142 4012; baseline -0.008 -16"><span class='ocrx_word' id='word_1_245' title='bbox 150 3927 359 4010; x_wconf 75' lang='lat' dir='ltr'><strong>Bizone)</strong></span> <span class='ocrx_word' id='word_1_246' title='bbox 411 3927 518 3994; x_wconf 86' lang='lat' dir='ltr'><strong>Cibin.</strong></span> <span class='ocrx_word' id='word_1_247' title='bbox 543 3927 698 4004; x_wconf 72' lang='grc' dir='ltr'>ὃίωιιειιις</span> <span class='ocrx_word' id='word_1_248' title='bbox 735 3949 854 4012; x_wconf 85' lang='lat' dir='ltr'><strong>nempe</strong></span> <span class='ocrx_word' id='word_1_249' title='bbox 880 3925 1010 4009; x_wconf 82' lang='lat' dir='ltr'><strong>sequena</strong></span> <span class='ocrx_word' id='word_1_250' title='bbox 1036 3951 1066 3988; x_wconf 89' lang='lat' dir='ltr'><strong><em>m</em></strong></span> <span class='ocrx_word' id='word_1_251' title='bbox 1091 3927 1142 3989; x_wconf 83' lang='lat' dir='ltr'><strong>ad·</strong></span> 
     </span>
     <span class='ocr_line' id='line_1_34' title="bbox 87 4029 1141 4113; baseline -0.004 -19"><span class='ocrx_word' id='word_1_252' title='bbox 87 4034 194 4108; x_wconf 82' lang='lat' dir='ltr'><strong>haeiit;</strong></span> <span class='ocrx_word' id='word_1_253' title='bbox 232 4029 362 4094; x_wconf 82' lang='lat' dir='ltr'><strong>Venet.</strong></span> <span class='ocrx_word' id='word_1_254' title='bbox 388 4031 530 4102; x_wconf 75' lang='lat' dir='ltr'><strong>Bezorre3</strong></span> <span class='ocrx_word' id='word_1_255' title='bbox 564 4031 646 4113; x_wconf 82' lang='lat' dir='ltr'><strong>Ltpt.</strong></span> <span class='ocrx_word' id='word_1_256' title='bbox 671 4031 803 4096; x_wconf 83' lang='lat' dir='ltr'><strong>biuome.</strong></span> <span class='ocrx_word' id='word_1_257' title='bbox 855 4029 930 4094; x_wconf 82' lang='lat' dir='ltr'><strong>Pou</strong></span> <span class='ocrx_word' id='word_1_258' title='bbox 957 4029 1141 4092; x_wconf 79' lang='lat' dir='ltr'><strong>vindobon.</strong></span> 
     </span>
     <span class='ocr_line' id='line_1_35' title="bbox 88 4129 687 4219; baseline 0.005 -25"><span class='ocrx_word' id='word_1_259' title='bbox 88 4133 268 4198; x_wconf 68' lang='lat' dir='ltr'><strong>intercedit.</strong></span> <span class='ocrx_word' id='word_1_260' title='bbox 325 4133 443 4216; x_wconf 77' lang='lat' dir='ltr'><strong>Aperta</strong></span> <span class='ocrx_word' id='word_1_261' title='bbox 469 4129 547 4219; x_wconf 58' lang='lat' dir='ltr'><strong>suut</strong></span> <span class='ocrx_word' id='word_1_262' title='bbox 566 4135 687 4197; x_wconf 86' lang='lat' dir='ltr'><strong>omnia.</strong></span> 
     </span>
    </p>
   </div>
   <div class='ocr_carea' id='block_1_6' title="bbox 0 0 1440 4942">
    <p class='ocr_par' dir='ltr' id='par_1_6' title="bbox 0 0 1440 4942">
     <span class='ocr_line' id='line_1_36' title="bbox 0 0 1440 4942; baseline 0 0"><span class='ocrx_word' id='word_1_263' title='bbox 0 0 1440 4942; x_wconf 95' lang='lat' dir='ltr'><strong> </strong></span> 
     </span>
    </p>
   </div>
  </div>
 </body>
</html>
