2880 4940
324 381 388 462 536
620 385 864 446 rourourr
898 387 1057 444 unere

324 561 398 642 quir
422 561 457 622 in
479 559 606 624 (irretit
630 559 667 622 fir
690 549 858 634 Karrrsrir.
904 559 957 624 cf.
982 557 1112 622 Berkel.
1135 561 1179 622 ed
1208 559 1348 641 Stephm.
1425 575 1426 578 ’

324 663 470 746 14460,
496 675 531 726 et
554 665 594 724 rie
617 661 716 724 nolite
739 681 834 733 vnce.
869 681 948 744 quae
968 662 1123 756 dislemnt
1142 663 1351 746 Heufingemr

325 764 494 844 aliiqueed
510 763 628 846 Nepot.
647 779 704 828 22.
722 765 766 825 in.
800 763 931 827 Carolus
947 765 985 824 ed
1005 765 1147 826 Gellium
1165 779 1199 842 3.
1216 779 1252 834 7.
1288 767 1354 823 Arn-
1425 761 1426 832 s

325 879 409 928 tzeo.
428 867 467 926 ad
491 867 595 926 Aurel.
610 867 650 926 rle
671 866 707 924 V.
723 867 748 927 l.
764 879 822 944 37,
842 881 874 926 2.
900 866 1054 928 Cellariuo
1074 867 1109 924 in
1126 867 1277 948 orthogr.
1297 866 1357 926 Lat.

326 969 366 1030 T.
385 983 418 1028 o.
432 987 463 1050 p.
475 981 558 1030 ooo.
573 968 624 1028 ed.
642 965 757 1030 Herlel.
785 967 846 1028 viri
862 968 950 1028 docti
967 971 1005 1027 ad
1017 968 1148 1026 Livium
1163 981 1222 1042 23.
1242 969 1302 1029 26.
1317 967 1357 1027 in.

325 1083 359 1132 et
379 1087 458 1149 quoe
478 1069 657 1130 nominant.
708 1068 791 1130 Cum
813 1081 943 1150 utraque
966 1067 1067 1128 forma
1088 1067 1269 1149 promiscui
1293 1067 1359 1128 uiua

216 1170 220 1182 '
326 1167 416 1230 inille
435 1171 605 1239 videretur,
632 1169 811 1232 vetustioris
833 1171 935 1238 altere.
961 1171 1056 1230 altera
1070 1170 1275 1235 recentioris.
1299 1171 1359 1248 plr-

326 1273 391 1334 ouit
416 1269 529 1332 referre
556 1270 734 1352 scripturam
758 1274 915 1334 codicum.
968 1273 1007 1332 ln
1033 1269 1241 1350 sequentibus
1267 1271 1357 1352 Prag.

326 1375 449 1436 omittit
464 1391 557 1434 rooee
572 1364 681 1462 asnis,
705 1387 738 1435 et
753 1393 810 1456 pro
825 1373 946 1466 ostium,
968 1375 1054 1454 quod
1074 1386 1208 1433 tuentur
1224 1373 1358 1440 todirer,

325 1476 464 1558 exceptis
484 1475 621 1536 vindob.
640 1473 721 1536 forte
747 1477 842 1536 etiem
867 1477 979 1536 Venet.
1000 1487 1033 1534 et
1057 1475 1165 1535 Horu.
1199 1476 1356 1534 editione·

330 1597 360 1638 ι.
389 1597 420 1640 e.
445 1589 476 1656 3.
497 1587 532 1655 4.
555 1591 589 1653 5.
624 1578 820 1656 omninoque
852 1595 964 1637 omnen
998 1573 1182 1656 praelemnt
1213 1575 1296 1665 afile
1319 1575 1355 1634 ad

324 1673 468 1742 Voffium
484 1697 597 1758 neque,
624 1681 678 1758 qui
698 1675 858 1738 revocavit
880 1675 1008 1765 ostium,
1040 1678 1125 1756 quud
1153 1675 1243 1755 [upra
1265 1677 1303 1735 ad
1326 1694 1353 1744 2.

324 1789 360 1861 4,
378 1781 411 1844 6.
436 1779 581 1862 probavit
600 1781 623 1843 l.
642 1779 832 1840 Gronovius.
870 1781 922 1840 sic
940 1779 1052 1839 Cicero
1076 1797 1136 1860 pro
1158 1779 1231 1859 lege
1249 1779 1350 1836 Manil.

320 1903 353 1972 ¹o.
374 1897 428 1944 ια.
452 1883 532 1942 dixit
555 1880 674 1942 Oceani
692 1880 815 1972 astituat.
858 1881 945 1942 Hinc
967 1878 1075 1942 Cibin.
1100 1878 1233 1940 subiicit
1253 1872 1351 1968 extffe,

325 1983 464 2046 vindob.
488 1984 726 2044 circumuentus.

398 2205 476 2246 nou
505 2175 553 2274 se
590 2183 692 2246 mari
723 2176 797 2276 sed
837 2182 1084 2264 commeatu)
1151 2184 1209 2246 stc
1242 2181 1358 2244 habeut

323 2307 435 2350 omnee
456 2287 579 2348 cndicea
604 2287 686 2357 mei,
720 2286 834 2348 vitiose
860 2301 983 2349 tentum
1014 2285 1100 2348 Gud.
1127 2307 1202 2346 cum
1237 2299 1358 2356 mento,-

323 2387 507 2452 Vindobou.
529 2401 682 2452 conreotu.
733 2389 784 2450 Sic
798 2391 894 2451 etiam
911 2407 1023 2450 ornnes
1044 2387 1119 2449 eriri.
1142 2388 1187 2447 ed
1203 2383 1352 2455 toltum.

323 2493 378 2573 qui
398 2491 487 2551 dedit
506 2509 568 2552 trorr
585 2480 623 2580 [ι
643 2509 746 2562 more,
772 2481 833 2581 sed
852 2503 1073 2559 commotum,
1101 2486 1179 2550 lolia
1204 2487 1352 2570 [equenti-

323 2593 383 2656 bue
404 2605 463 2670 4ο.
487 2606 546 2670 41.
568 2607 627 2670 42.
660 2611 862 2654 raecuvcurr.
922 2591 1008 2652 ltlalo
1030 2609 1093 2650 non
1106 2581 1147 2679 se
1169 2612 1273 2657 mare.
1295 2587 1353 2680 jul

324 2706 526 2756 commentum
541 2685 687 2783 defecrffe
707 2694 865 2755 retulerat.
899 2694 974 2774 Sup.
993 2692 1100 2775 paullo
1117 2687 1177 2780 etfi
1193 2710 1353 2774 expungo.

322 2815 498 2860 ecuo'rrvr.
550 2793 769 2876 Rescriplimua
789 2817 852 2855 nnn
866 2785 1004 2884 seniore
1025 2821 1076 2834 -
1106 2793 1160 2854 Sic
1177 2793 1354 2876 legendnm

323 2897 400 2967 elle.
434 2895 632 2958 observatum
658 2899 718 2956 iem
745 2898 823 2959 olirn
853 2897 973 2956 auctori
999 2893 1290 2976 praetermillorum
1316 2894 1356 2952 ed

324 3001 454 3068 Melam.
479 3019 574 3080 quem
596 2999 735 3060 Pintiani
757 2995 1008 3080 colligationibus
1030 2993 1190 3054 subiunxit
1211 2997 1355 3074 optimus

322 3103 485 3166 Schottue.
518 3119 658 3162 vosarrr.
711 3099 785 3160 Non
801 3101 905 3160 renuit
921 3099 1001 3157 hanc
1019 3097 1193 3157 lectionem
1209 3097 1356 3180 Kappiue

322 3205 357 3265 in
379 3203 493 3262 indice.
545 3201 670 3282 Nempe
686 3203 851 3282 quaeritur.
878 3221 917 3260 an
933 3193 1070 3280 vulgaria
1085 3211 1235 3258 veterum
1257 3195 1356 3258 libro·
1425 3213 1426 3264 f

321 3325 392 3366 rum
407 3300 814 3386 liructuraexululinguae
830 3291 957 3384 probari
973 3295 1215 3378 etstarepollrt.
1249 3300 1353 3379 Repe·
1425 3299 1426 3346 l

283 3468 289 3478 ,
320 3411 401 3469 titur·
415 3407 544 3488 quidem
560 3406 612 3465 illa
628 3399 747 3486 paffim,
772 3405 853 3464 utin
872 3403 1025 3464 Frontino
1045 3419 1074 3469 ι.
1094 3414 1127 3474 7.
1156 3419 1184 3462 r.
1210 3422 1257 3468 ea.
1284 3402 1353 3482 qui·
1425 3395 1426 3402 '

322 3507 380 3570 bus
400 3505 574 3598 deficimus,
600 3505 688 3586 quod
703 3505 831 3587 quidem
850 3503 999 3586 praebent
1014 3521 1127 3562 omnes
1148 3501 1292 3570 codices,
1318 3515 1350 3561 et

212 3668 217 3690 ,
323 3605 555 3672 Latiniffimum
580 3611 677 3670 etiam
706 3603 809 3669 censet
831 3605 1027 3675 Tennulius‚
1060 3599 1114 3683 qui
1143 3599 1350 3664 inlustrator

322 3713 500 3777 Columella
517 3725 549 3790 5,
571 3731 624 3780 ιο,
643 3720 677 3789 4.
701 3704 900 3771 etSuetouio
914 3708 953 3768 de
968 3705 1268 3786 Grammaticiscap.
1285 3701 1347 3780 3.ss

321 3817 373 3878 Sic
395 3817 427 3874 in
448 3815 562 3875 eodem
580 3812 733 3873 frontino
748 3824 779 3887 3.
800 3821 852 3886 ¹5·
870 3821 904 3888 4.
926 3808 1048 3870 codices
1070 3807 1198 3886 quidam
1222 3805 1347 3896 deficere

312 3909 491 4008 frumento.
543 3915 583 3975 At
599 3915 734 3974 maxime
755 3911 790 3970 ad
809 3907 950 3992 priorem
972 3909 1081 3968 locum
1101 3907 1263 3967 obnititur
1284 3907 1347 3968 Ou-

322 4013 527 4098 dendorpiur.
552 4027 760 4098 pernegatque
774 4015 838 4072 dici
857 4011 941 4092 polle
954 4011 1059 4090 aliquo
1073 4029 1104 4067 re
1118 4007 1266 4098 deficere,
1292 4027 1345 4092 pro

319 4141 438 4192 carere,
470 4117 622 4199 indigere,
656 4117 750 4198 irlque
773 4113 908 4177 docuille
932 4110 1097 4188 Heinliuur
1123 4113 1162 4171 all
1191 4111 1347 4172 Ovidium
