2836 4940
354 451 446 510 ΗΒ.
476 454 529 510 tn.
574 453 607 510 c.
636 455 703 516 Vll.
744 454 771 525 ς.
794 463 825 528 3.
1050 467 1112 533 ¹53

67 626 156 692 Solia
175 623 325 696 infulam.
359 645 455 708 quam
482 623 547 709 ipl'e
572 617 772 720 Nasacalam
797 622 984 718 [Νόσαλα]
1009 633 1114 694 nomi·

68 743 143 801 nat,
170 731 204 788 in
221 748 275 790 ora
297 729 614 814 ichthyophagorum
630 729 701 793 ell'e.
740 733 840 794 Porro
861 733 947 794 idem
964 737 1113 798 Arrianae

70 827 121 918 [o.
139 829 197 900 26,
221 825 277 916 o.]
299 843 409 892 auctor
431 830 484 900 ett,
519 827 610 914 super
631 831 888 918 lchthyophngae
908 833 1040 895 habitari
1067 837 1114 896 in·

69 933 188 994 teriora
212 953 228 993 a
252 931 423 994 Gedrosrie.
474 930 594 994 Prnrlua
611 933 815 996 Ptolemaeus
838 934 952 1003 lcribir,
975 935 1031 1014 [6.
1051 953 1108 1000 or.

69 1033 141 1114 im]
168 1030 335 1095 Gedrolroa
356 1033 394 1094 ab
417 1031 550 1096 Oriente
574 1037 736 1096 terminari
760 1039 843 1098 lnrlo
865 1057 970 1098 amne.
1024 1039 1110 1122 Ergo

68 1135 201 1196 videtur
226 1135 333 1218 colligi
356 1155 394 1196 ex
423 1135 555 1196 Arriano
583 1149 615 1197 et
641 1136 829 1198 Ptolemaeo
856 1153 888 1200 et
913 1139 1108 1220 Pomponio,

66 1249 177 1298 cotnra
196 1235 266 1296 lndi
283 1235 358 1296 ostia
378 1233 438 1298 elle
454 1234 591 1297 tntutam
606 1237 699 1300 Solle.
732 1239 885 1301 Meminit
902 1243 997 1301 etiam
1015 1241 1111 1302 lnrina

64 1337 185 1398 insulae
217 1337 341 1398 l’liniua
374 1339 409 1397 in
440 1335 526 1400 lento
555 1333 642 1425 [cap.
669 1337 727 1404 26.
748 1338 768 1402 i.
788 1337 868 1428 25.]
903 1341 953 1403 bie
983 1341 1109 1404 verbiec

66 1439 200 1502 Deinde
218 1439 458 1520 Ichthyophagi
479 1453 547 1500 tam
571 1439 666 1521 longo
687 1453 814 1522 tractu,
848 1455 884 1504 ut
906 1443 1025 1524 viginti
1046 1443 1109 1504 die·

66 1561 137 1601 rum
149 1531 266 1631 spatio
289 1541 604 1620 praetraoigaveriuc.
647 1534 770 1633 Insula,
797 1565 878 1625 qreae
899 1543 981 1604 Solis
1001 1543 1108 1625 appel·

65 1641 169 1712 latur,
203 1653 234 1701 et
253 1640 360 1702 eadem
384 1639 481 1702 cubile
495 1643 720 1725 Nympharum
744 1643 870 1714 rubens,
904 1645 936 1705 in
959 1665 1022 1728 qua
1040 1645 1109 1706 nui·

63 1743 130 1804 lum
162 1764 226 1804 noa
256 1743 377 1804 animai
408 1733 602 1834 absumitur,
637 1745 765 1806 incertis
795 1739 910 1830 caufis.
976 1746 1108 1807 Accedit

63 1845 230 1906 Plutarchi
252 1845 420 1906 auctoritas
442 1847 476 1905 in
497 1845 579 1907 libro
601 1845 641 1908 de
664 1847 832 1909 montibus
852 1860 884 1908 et
907 1846 1106 1920 fluminibua,

64 1945 193 2028 [exta]
221 1947 339 2006 ludum
357 1943 519 2009 scribentis
533 1966 651 2031 magno
669 1951 792 2028 impetu
807 1949 971 2009 decurrere
989 1951 1021 2008 in
1038 1949 1108 2010 lch·

4 2075 5 2086 ¹
63 2047 330 2131 thyoplragornm
363 2061 490 2110 terram.
531 2067 729 2111 murmure.
803 2051 888 2112 Aliae
913 2050 1106 2134 legendnmt

66 2149 194 2212 Contra
211 2149 288 2209 Indi
303 2145 385 2242 (fiiri
399 2149 467 2208 ait'a
483 2151 591 2220 etiam,
616 2171 705 2232 quae,
729 2165 786 2212 aut
806 2151 862 2212 itta
880 2154 987 2220 etiam,
1014 2173 1106 2233 qrrae.

62 2269 277 2314 ciacconrva.
330 2249 456 2334 Vulgati
481 2249 554 2312 inde
575 2251 641 2314 iiia.
696 2251 765 2314 Noe
789 2253 906 2314 minori
930 2266 1107 2313 commuta·

62 2353 173 2422 tione,
208 2351 287 2412 ludi
307 2353 492 2434 reponendo
517 2353 626 2414 locum
653 2354 687 2412 in
714 2355 875 2438 integrum
902 2353 1106 2419 restituimus.

4 2507 6 2516 .
62 2455 234 2518 Pintianua
256 2452 418 2514 audacior:
456 2453 577 2516 Contra
599 2453 677 2517 Iudi
698 2453 781 2548 <fiio
802 2447 906 2545 insuia
922 2453 983 2545 est,
1009 2475 1106 2536 quam

5 2587 7 2616 ι
62 2568 186 2617 vocant
221 2553 318 2624 Satn,
363 2553 431 2616 ideo
470 2553 709 2626 inhabitabilis,
752 2555 838 2639 ajuod
871 2557 958 2634 ingre
984 2577 1011 2616 rs
1041 2569 1103 2618 etc.

5 2715 7 2722 ,
63 2675 248 2720 ιοιιοττνε.
309 2655 474 2718 Salmalrna
493 2657 531 2717 ad
554 2657 701 2720 Solinnm
725 2677 792 2740 cap.
815 2671 873 2733 57.
898 2655 917 2716 l.
937 2667 995 2734 54.
1023 2657 1106 2718 hana

62 2759 326 2822 emendationem
344 2757 474 2840 probat:
504 2758 629 2820 Contra
644 2757 723 2818 Iudi
739 2757 819 2848 ostia
834 2749 937 2848 insula
952 2755 1005 2848 cst,
1025 2777 1107 2839 quae

61 2875 203 2922 vocatur
222 2859 322 2930 Solis,
348 2861 428 2920 adeo
449 2856 671 2934 inhabitabilis
688 2871 724 2920 ut
746 2853 896 2947 ingreſjas
912 2873 970 2919 etc.
1011 2861 1106 2940 Equi-

5 2995 6 3002 *
61 2963 142 3024 dem
172 2951 275 3052 infala
304 2961 439 3020 minime
467 2960 682 3041 repudiarem,
721 2980 795 3022 curn
823 2961 859 3020 stt
890 2958 1047 3021 inlnllrirn,
1073 2974 1106 3020 et

62 3064 258 3131 distinctius,
294 3061 456 3122 ficodicea
479 3063 677 3132 addicerent,
707 3081 766 3122 nec
781 3062 853 3122 alias
871 3061 1007 3121 traheret
1029 3061 1106 3123 haec

59 3167 220 3228 mutatio:
262 3163 383 3226 Leuiua
408 3162 591 3222 remedium
613 3163 767 3224 admovet
791 3163 990 3225 Ciacconiue.
1043 3164 1106 3224 Sed

62 3287 142 3330 curn
160 3277 284 3346 recepta
298 3275 331 3324 et
346 3263 492 3324 codicum
509 3265 694 3326 auctoritate
716 3265 836 3325 firmata
858 3264 952 3324 lectio
972 3265 1108 3349 intelligi

61 3367 239 3430 commode
262 3367 358 3426 etiam
382 3361 493 3446 polilt,
526 3365 614 3426 nulla
631 3384 710 3446 opus
726 3365 768 3426 est
784 3385 883 3446 eaque
905 3367 1022 3426 incerta
1041 3385 1107 3424 rnn-

61 3472 201 3532 tatione.
240 3467 307 3528 Alia
323 3465 523 3526 distinctione
539 3465 608 3546 poll
625 3467 798 3550 Rehdiger.
816 3467 910 3549 legit:
938 3467 1108 3530 exanimet.

5 3629 6 3634 ,
63 3561 248 3662 Confestim
272 3599 323 3616 -
356 3567 486 3652 Vulgata
506 3568 630 3630 melior.
672 3567 774 3630 Porro
799 3567 908 3633 (libia.
933 3557 1004 3656 ipsa
1027 3568 1110 3628 iuter

58 3671 180 3766 hostia.

142 3871 373 3956 Patalene)
423 3873 547 3936 Omnes
573 3871 698 3936 codices
725 3868 864 3934 Volsrani
887 3883 920 3932 et
945 3871 1010 3932 mei
1033 3891 1109 3932 rara

59 3987 153 4042 tenet
171 3975 276 4056 regim·
310 3987 435 4035 tantum
460 3975 552 4060 Prag.
576 3995 659 4038 rara.
711 3975 791 4034 lllurl
815 3971 1050 4056 etiamnlegitnr
1072 3974 1107 4033 in

61 4077 266 4144 editionibus
287 4075 323 4136 acl
346 4077 527 4146 Schottum,
554 4077 718 4138 sanctium
737 4089 769 4136 et
793 4069 946 4143 volitum,
979 4075 1035 4154 qni
1059 4093 1106 4134 re·

60 4179 241 4266 posuerunt
256 4176 415 4242 Pataicue
427 4177 513 4260 regio
530 4174 734 4262 sequentibua
751 4177 871 4240 cererin
899 4191 1106 4240 uzacuvcrra.
