2752 4944
315 445 376 511 283
614 435 854 495 POMPONII
892 437 1052 494 olette

458 603 486 628 Ν

313 611 367 694 qui
389 605 617 698 liuppouniotpr
644 609 803 696 adiungit.
853 611 1046 672 Ferentanos
1066 621 1172 673 tamen
1194 609 1280 671 ‹tettt
1300 629 1335 671 eu

312 714 470 794 plerisque
491 713 578 772 libris
604 711 768 774 Drakenb.
790 713 872 794 apud
893 713 964 776 Liv.
988 731 1021 792 9,
1050 713 1104 775 ιδ.
1123 713 1169 774 in.
1195 712 1249 771 ubi
1271 730 1335 791 pro·

312 815 373 874 lixa
393 817 496 897 agitur
519 813 559 874 de
580 813 631 874 his
662 815 790 896 populis
817 833 993 894 eorumque
1024 811 1174 894 scriptura
1200 811 1334 872 virorum

313 915 481 976 doctorum
505 915 696 995 disputatio,
737 917 770 975 in
795 915 909 996 quibus
933 929 1017 976 certe
1040 915 1065 974 Ι.
1091 915 1141 976 Fr.
1160 914 1334 975 Gronovius

311 1017 504 1076 Ferentanos
524 1016 628 1076 nntius
649 1014 798 1099 agnoscit.
852 1015 978 1099 Nempe
996 1019 1094 1076 etiam
1111 1017 1275 1097 quaeritur,
1300 1035 1334 1074 an

311 1133 431 1178 nomen
450 1117 597 1178 duxerint
617 1115 655 1176 ab
676 1137 768 1178 amne
783 1119 953 1187 Frentana,
979 1118 1064 1198 quod
1086 1131 1178 1198 putat
1193 1117 1334 1178 Cellarius

311 1219 344 1278 in
358 1217 473 1300 Geogr.
489 1233 554 1280 aut.
574 1233 607 1286 2,
626 1235 659 1296 9,
676 1227 759 1297 534.
786 1219 913 1300 aliique,
939 1233 971 1280 et
987 1219 1133 1298 cupidius
1148 1231 1253 1278 tuetur
1268 1218 1334 1278 Clu·

312 1319 418 1380 verius
440 1321 473 1378 in
490 1319 577 1380 ltalia
598 1333 663 1381 ant.
680 1329 714 1398 4,
735 1339 769 1398 9.
789 1341 821 1402 p.
844 1318 947 1383 1206.
974 1319 1065 1400 quod
1088 1317 1231 1401 suspicari
1251 1319 1334 1378 liceat

311 1440 350 1483 ex
369 1421 473 1482 Plinio
499 1435 531 1498 5,
561 1421 616 1483 16.
638 1419 658 1482 l.
685 1441 740 1482 tt.
777 1433 896 1481 mutata
915 1423 1033 1503 quippe
1054 1435 1125 1480 tunt
1149 1442 1213 1482 uua
1238 1421 1334 1490 litera;

265 1553 270 1564 ·
311 1541 351 1583 en
378 1521 415 1582 ab
439 1519 517 1582 urbe
545 1522 677 1582 Ferento
700 1523 849 1603 Apuliae,
883 1543 975 1602 quern
998 1523 1079 1584 Acro
1107 1523 1150 1582 ad
1175 1515 1282 1582 Horat.
1305 1534 1333 1598 5.

312 1623 366 1684 orl.
389 1631 421 1703 4,
450 1623 504 1684 16.
539 1641 638 1704 prope
669 1623 834 1683 Venusiam
864 1623 961 1692 locat,
999 1641 1078 1703 quae
1110 1623 1147 1683 in
1180 1623 1332 1682 d’rlnville

310 1723 415 1784 tabula
440 1737 571 1782 vocatur
600 1724 785 1793 Forentum,
820 1724 867 1783 uti
889 1737 922 1785 et
944 1725 977 1782 in
1001 1723 1333 1807 Horatli'lmelioribut

309 1824 413 1892 libris,
440 1823 611 1904 exquibus
633 1823 671 1884 lic
690 1827 809 1906 recepit
826 1823 1104 1894 Mitscherlichiue,
1134 1839 1167 1886 et
1191 1823 1333 1907 Stephani

307 1920 509 2010 ‘inperatorio
532 1923 591 1985 elle
607 1925 744 1987 videtur.
796 1925 927 2005 Apuliae
944 1925 1056 1987 urbem
1075 1923 1234 2011 Φερέντην
1256 1943 1333 1986 com·

309 2038 466 2086 memorat
487 2027 584 2086 etiam
610 2027 772 2087 Diodorus
793 2027 855 2088 Sic.
881 2047 895 2088 r
903 2045 936 2105 9,
959 2027 1017 2103 65.
1051 2041 1083 2088 et
1105 2027 1147 2088 fic
1171 2025 1332 2089 Ferentani

307 2126 461 2209 leguntur
482 2127 563 2206 apud
585 2127 715 2186 Livium
736 2143 769 2204 9,
795 2139 849 2202 15.
865 2129 910 2188 in.
937 2126 995 2188 nbi
1014 2127 1100 2190 urbie
1116 2130 1242 2190 mentio
1263 2127 1331 2187 adii·

309 2229 400 2287 citur.
460 2227 501 2287 tr
521 2247 593 2287 cum
614 2227 699 2286 orbis
727 2247 845 2288 nomen
869 2247 936 2290 non
960 2228 1056 2290 huius
1082 2227 1200 2299 solum,
1233 2227 1281 2289 sed
1304 2239 1332 2288 et

308 2329 438 2388 aliarum
462 2327 695 2408 cognominum
715 2329 752 2388 fit
773 2330 947 2389 Ferentium
967 2331 1020 2390 vel
1040 2331 1256 2400 Ferentinum,
1282 2329 1332 2389 Fe·

307 2429 422 2490 rentini
444 2431 551 2511 potius
572 2428 647 2489 inde
668 2429 796 2490 dicendi
818 2427 904 2499 lunt,
933 2451 992 2510 qua
1015 2428 1115 2490 forma
1135 2433 1230 2491 etiam
1252 2449 1332 2492 com·

306 2543 533 2598 memorantur,
556 2531 607 2590 vei
626 2530 850 2598 Ferentinates,
871 2532 919 2590 uti
935 2533 1051 2591 docent
1071 2531 1136 2592 loca
1152 2533 1193 2590 ad
1209 2533 1332 2592 Livium

306 2631 458 2712 congesta.
515 2631 585 2702 Hic,
610 2651 794 2714 quacunque
816 2631 943 2692 tandem
961 2633 1083 2714 origine
1099 2631 1278 2712 profectum
1294 2630 1332 2690 est

272 2795 276 2806 ,
306 2751 443 2804 nomen,
474 2734 628 2794 Frentani
648 2751 687 2794 ex
709 2732 870 2794 bonorum
889 2745 1055 2794 auctorum
1071 2730 1128 2792 ulu
1152 2735 1193 2795 rie
1217 2732 1330 2815 populo

305 2835 400 2894 valet.
450 2835 494 2894 Et
520 2833 560 2894 tte
590 2834 743 2894 Frentani
767 2847 936 2895 occurrunt
959 2837 992 2894 in
1015 2833 1113 2894 Gudii
1138 2833 1245 2896 inlcrr.
1269 2845 1328 2894 eut.

305 2955 337 3015 p.
362 2943 441 3015 ¹4¹·
466 2953 501 3013 9.
553 2931 604 2998 Ci.
627 2935 722 2995 etiam
746 2932 868 2998 Voffiue
890 2936 928 2996 ad
953 2934 1013 2996 lul.
1044 2932 1131 2996 Cael.
1160 2937 1202 2996 de
1232 2936 1270 2996 B.
1295 2933 1329 2996 C.

309 3053 341 3114 1,
368 3049 424 3116 ²5·
450 3051 529 3100 exn.

376 3236 550 3318 Dauni)
601 3239 684 3322 Lipi.
713 3239 817 3303 Cauni
839 3252 871 3300 et
892 3239 926 3300 in
948 3241 1089 3323 margine
1109 3239 1215 3300 colore
1238 3235 1326 3296 mbro

307 3335 438 3407 Claruri,
465 3351 504 3397 ut
524 3339 605 3401 olet
625 3341 778 3402 ‹imutari
800 3339 917 3414 lolent;
944 3341 1050 3402 Havn.
1071 3339 1223 3411 Celauui;
1252 3337 1329 3400 Vati·

303 3455 370 3498 ⁰³11·
397 3451 429 3516 3·
455 3439 547 3524 Ptag.
573 3441 727 3516 Calcare&
752 3443 824 3505 edd.
854 3455 907 3519 15.
933 3459 989 3504 πο.
1013 3439 1143 3501 Daune.

376 3639 527 3722 Apuli)
578 3643 669 3729 Prag.
696 3644 829 3724 Appuli3
865 3643 993 3724 reliqui·
1010 3643 1105 3702 etiem
1133 3635 1327 3702 Gronoviani

300 3739 396 3816 Apuli
422 3761 496 3801 cum
520 3743 677 3826 plerisque
706 3744 916 3816 editionibuue
957 3757 1081 3803 tantum
1108 3753 1162 3818 15.
1192 3755 1245 3816 17.
1273 3754 1326 3798 oo.

305 3849 362 3919 24.
391 3855 448 3917 25.
479 3842 691 3916 Olivarianae.
726 3845 780 3907 etii
806 3865 873 3908 non
900 3864 1028 3913 omnes,
1057 3843 1184 3922 Appuii.
1241 3840 1327 3900 Prior

301 3938 448 4022 [criptura
469 3943 669 4024 praeferenda
685 3967 722 4008 ex
739 3949 958 4007 monumentis
974 3945 1129 4025 antiquio,
1155 3962 1237 4024 quae
1256 3942 1327 3998 daut

300 4041 427 4120 Apulia.
463 4043 533 4106 Vid.
552 4045 676 4110 Gruter.
695 4046 798 4110 inlcrr.
819 4068 851 4128 p.
876 4059 928 4126 14,
953 4063 1008 4110 ta.
1036 4057 1121 4123 411,
1146 4065 1174 4106 t.
1199 4057 1231 4104 et
1247 4039 1349 4106 alibi„

300 4141 427 4206 Reinel.
447 4143 551 4210 iulcrr.
567 4163 599 4220 2,
622 4161 676 4226 ¹8·
705 4163 737 4229 5.
754 4149 812 4214 62.
847 4149 945 4210 Gudii
963 4161 1026 4210 ant.
1045 4145 1149 4207 insert.
1170 4165 1203 4225 p.
1224 4162 1277 4212 ιο,
1295 4153 1327 4218 8·
