<?xml version="1.0" encoding="UTF-8"?>
<!DOCTYPE html PUBLIC "-//W3C//DTD XHTML 1.0 Transitional//EN"
    "http://www.w3.org/TR/xhtml1/DTD/xhtml1-transitional.dtd">
<html xmlns="http://www.w3.org/1999/xhtml" xml:lang="en" lang="en">
 <head>
  <title>
</title>
<meta http-equiv="Content-Type" content="text/html;charset=utf-8" />
  <meta name='ocr-system' content='tesseract 3.04.00' />
  <meta name='ocr-capabilities' content='ocr_page ocr_carea ocr_par ocr_line ocrx_word'/>
</head>
<body>
  <div class='ocr_page' id='page_1' title='image "./pomponiimelaede05melagoog_0805.png"; bbox 0 0 2826 4936; ppageno 0'>
   <div class='ocr_carea' id='block_1_1' title="bbox 356 393 1098 490">
    <p class='ocr_par' dir='ltr' id='par_1_1' title="bbox 356 393 1098 490">
     <span class='ocr_line' id='line_1_1' title="bbox 356 393 1098 490; baseline 0.003 -22"><span class='ocrx_word' id='word_1_1' title='bbox 356 411 446 472; x_wconf 80' lang='lat' dir='ltr'>cra.</span> <span class='ocrx_word' id='word_1_2' title='bbox 474 413 527 467; x_wconf 89' lang='lat' dir='ltr'>nr.</span> <span class='ocrx_word' id='word_1_3' title='bbox 571 411 605 470; x_wconf 90' lang='lat' dir='ltr'>c.</span> <span class='ocrx_word' id='word_1_4' title='bbox 629 413 678 472; x_wconf 91' lang='lat' dir='ltr'>vr.</span> <span class='ocrx_word' id='word_1_5' title='bbox 721 411 747 482; x_wconf 81' lang='lat' dir='ltr'>t.</span> <span class='ocrx_word' id='word_1_6' title='bbox 771 393 804 470; x_wconf 64' lang='grc' dir='ltr'>σί</span> <span class='ocrx_word' id='word_1_7' title='bbox 1040 429 1098 490; x_wconf 82' lang='lat'>¹7⁷</span> 
     </span>
    </p>
   </div>
   <div class='ocr_carea' id='block_1_2' title="bbox 59 581 1114 2593">
    <p class='ocr_par' dir='ltr' id='par_1_2' title="bbox 59 581 1114 2593">
     <span class='ocr_line' id='line_1_2' title="bbox 61 581 1100 674; baseline -0.002 -24"><span class='ocrx_word' id='word_1_8' title='bbox 61 589 116 650; x_wconf 83' lang='lat' dir='ltr'>etfi</span> <span class='ocrx_word' id='word_1_9' title='bbox 129 584 261 650; x_wconf 78' lang='lat' dir='ltr'>Barkes.</span> <span class='ocrx_word' id='word_1_10' title='bbox 275 585 314 648; x_wconf 79' lang='lat' dir='ltr'>ad</span> <span class='ocrx_word' id='word_1_11' title='bbox 328 586 479 668; x_wconf 82' lang='lat' dir='ltr'>stephan.</span> <span class='ocrx_word' id='word_1_12' title='bbox 496 607 529 668; x_wconf 89' lang='lat' dir='ltr'>p.</span> <span class='ocrx_word' id='word_1_13' title='bbox 546 595 631 665; x_wconf 71' lang='lat'>420.</span> <span class='ocrx_word' id='word_1_14' title='bbox 653 605 711 667; x_wconf 89' lang='lat' dir='ltr'>pro</span> <span class='ocrx_word' id='word_1_15' title='bbox 724 581 840 674; x_wconf 77' lang='lat' dir='ltr'>Bspvia</span> <span class='ocrx_word' id='word_1_16' title='bbox 857 585 929 648; x_wconf 86' lang='lat' dir='ltr'>vult</span> <span class='ocrx_word' id='word_1_17' title='bbox 942 581 1100 672; x_wconf 72' lang='lat' dir='ltr'>&#39;lslrpvlat</span> 
     </span>
     <span class='ocr_line' id='line_1_3' title="bbox 60 677 1104 776; baseline 0 -26"><span class='ocrx_word' id='word_1_18' title='bbox 60 692 151 750; x_wconf 88' lang='lat' dir='ltr'>idem</span> <span class='ocrx_word' id='word_1_19' title='bbox 167 704 272 750; x_wconf 83' lang='lat' dir='ltr'>tamen</span> <span class='ocrx_word' id='word_1_20' title='bbox 287 689 326 749; x_wconf 77' lang='lat' dir='ltr'>ad</span> <span class='ocrx_word' id='word_1_21' title='bbox 344 709 375 750; x_wconf 84' lang='lat' dir='ltr'>v.</span> <span class='ocrx_word' id='word_1_22' title='bbox 394 689 478 766; x_wconf 75' lang='lat'><strong>663.</strong></span> <span class='ocrx_word' id='word_1_23' title='bbox 497 688 677 769; x_wconf 70' lang='lat' dir='ltr'>simpliciter</span> <span class='ocrx_word' id='word_1_24' title='bbox 696 687 790 750; x_wconf 81' lang='lat' dir='ltr'>habet</span> <span class='ocrx_word' id='word_1_25' title='bbox 806 677 955 776; x_wconf 74' lang='lat' dir='ltr'>Ot&#39;rcpvr&#39;a.</span> <span class='ocrx_word' id='word_1_26' title='bbox 991 685 1104 776; x_wconf 74' lang='lat' dir='ltr'>&#39;lausp-</span> 
     </span>
     <span class='ocr_line' id='line_1_4' title="bbox 59 785 1102 875; baseline -0.004 -21"><span class='ocrx_word' id='word_1_27' title='bbox 59 789 115 854; x_wconf 80' lang='grc' dir='ltr'>νὶα</span> <span class='ocrx_word' id='word_1_28' title='bbox 132 791 310 852; x_wconf 78' lang='lat' dir='ltr'>Marcianus</span> <span class='ocrx_word' id='word_1_29' title='bbox 327 811 360 874; x_wconf 88' lang='lat' dir='ltr'>p.</span> <span class='ocrx_word' id='word_1_30' title='bbox 379 801 437 866; x_wconf 82' lang='lat'>57.</span> <span class='ocrx_word' id='word_1_31' title='bbox 455 787 584 868; x_wconf 89' lang='lat' dir='ltr'>(Huds.)</span> <span class='ocrx_word' id='word_1_32' title='bbox 615 789 818 872; x_wconf 82' lang='lat' dir='ltr'>Agatherner.</span> <span class='ocrx_word' id='word_1_33' title='bbox 835 805 866 860; x_wconf 79' lang='lat' dir='ltr'>a,</span> <span class='ocrx_word' id='word_1_34' title='bbox 885 802 918 867; x_wconf 80' lang='grc'>8.</span> <span class='ocrx_word' id='word_1_35' title='bbox 938 785 1102 875; x_wconf 59' lang='lat' dir='ltr'>&#39;suasorio</span> 
     </span>
     <span class='ocr_line' id='line_1_5' title="bbox 61 887 1099 976; baseline -0.001 -23"><span class='ocrx_word' id='word_1_36' title='bbox 61 907 104 953; x_wconf 88' lang='lat' dir='ltr'>ut</span> <span class='ocrx_word' id='word_1_37' title='bbox 127 896 160 952; x_wconf 89' lang='lat' dir='ltr'>iu</span> <span class='ocrx_word' id='word_1_38' title='bbox 176 891 313 955; x_wconf 80' lang='lat' dir='ltr'>Ptolom.</span> <span class='ocrx_word' id='word_1_39' title='bbox 336 906 369 960; x_wconf 75' lang='grc' dir='ltr'>Ω,</span> <span class='ocrx_word' id='word_1_40' title='bbox 394 907 427 954; x_wconf 82' lang='lat'>2.</span> <span class='ocrx_word' id='word_1_41' title='bbox 454 889 512 950; x_wconf 89' lang='lat' dir='ltr'>ubi</span> <span class='ocrx_word' id='word_1_42' title='bbox 537 903 642 952; x_wconf 85' lang='lat' dir='ltr'>tamen</span> <span class='ocrx_word' id='word_1_43' title='bbox 665 889 746 953; x_wconf 90' lang='lat' dir='ltr'>Cod.</span> <span class='ocrx_word' id='word_1_44' title='bbox 772 892 868 952; x_wconf 83' lang='lat' dir='ltr'>l&#39;alat.</span> <span class='ocrx_word' id='word_1_45' title='bbox 895 887 1099 976; x_wconf 75' lang='lat' dir='ltr'>&#39;lououepvicu</span> 
     </span>
     <span class='ocr_line' id='line_1_6' title="bbox 62 989 1102 1076; baseline -0.006 -20"><span class='ocrx_word' id='word_1_46' title='bbox 62 995 104 1056; x_wconf 91' lang='lat' dir='ltr'>In</span> <span class='ocrx_word' id='word_1_47' title='bbox 120 995 202 1054; x_wconf 88' lang='lat' dir='ltr'>lulio</span> <span class='ocrx_word' id='word_1_48' title='bbox 219 991 305 1056; x_wconf 83' lang='lat' dir='ltr'>Caes.</span> <span class='ocrx_word' id='word_1_49' title='bbox 323 994 362 1052; x_wconf 87' lang='lat' dir='ltr'>de</span> <span class='ocrx_word' id='word_1_50' title='bbox 379 992 417 1054; x_wconf 85' lang='grc' dir='ltr'>Β.</span> <span class='ocrx_word' id='word_1_51' title='bbox 434 991 474 1052; x_wconf 88' lang='lat' dir='ltr'>G.</span> <span class='ocrx_word' id='word_1_52' title='bbox 491 1003 523 1068; x_wconf 89' lang='lat'>5,</span> <span class='ocrx_word' id='word_1_53' title='bbox 543 1006 598 1070; x_wconf 81' lang='lat'>13.</span> <span class='ocrx_word' id='word_1_54' title='bbox 617 991 660 1052; x_wconf 85' lang='lat' dir='ltr'>est</span> <span class='ocrx_word' id='word_1_55' title='bbox 679 989 835 1053; x_wconf 80' lang='lat' dir='ltr'><em>Hibernia</em></span> <span class='ocrx_word' id='word_1_56' title='bbox 851 991 904 1076; x_wconf 87' lang='lat' dir='ltr'>(in</span> <span class='ocrx_word' id='word_1_57' title='bbox 922 993 982 1054; x_wconf 80' lang='lat' dir='ltr'>Co.</span> <span class='ocrx_word' id='word_1_58' title='bbox 999 993 1102 1053; x_wconf 76' lang='lat' dir='ltr'>Ursini</span> 
     </span>
     <span class='ocr_line' id='line_1_7' title="bbox 62 1089 1103 1178; baseline -0.004 -22"><span class='ocrx_word' id='word_1_59' title='bbox 62 1097 204 1162; x_wconf 80' lang='lat' dir='ltr'>luentia,</span> <span class='ocrx_word' id='word_1_60' title='bbox 226 1095 258 1154; x_wconf 92' lang='lat' dir='ltr'>in</span> <span class='ocrx_word' id='word_1_61' title='bbox 274 1094 329 1155; x_wconf 88' lang='lat' dir='ltr'>Gr.</span> <span class='ocrx_word' id='word_1_62' title='bbox 345 1089 502 1178; x_wconf 76' lang='grc' dir='ltr'>Ἰβερνία)</span> <span class='ocrx_word' id='word_1_63' title='bbox 525 1095 674 1174; x_wconf 86' lang='lat' dir='ltr'>priorque</span> <span class='ocrx_word' id='word_1_64' title='bbox 690 1097 786 1154; x_wconf 84' lang='lat' dir='ltr'>etiam</span> <span class='ocrx_word' id='word_1_65' title='bbox 802 1091 904 1154; x_wconf 81' lang='lat' dir='ltr'>sonna</span> <span class='ocrx_word' id='word_1_66' title='bbox 920 1089 1103 1176; x_wconf 79' lang='lat' dir='ltr'><em>(Hibernia)</em></span> 
     </span>
     <span class='ocr_line' id='line_1_8' title="bbox 61 1193 1102 1280; baseline 0 -24"><span class='ocrx_word' id='word_1_67' title='bbox 61 1199 98 1256; x_wconf 91' lang='lat' dir='ltr'>in</span> <span class='ocrx_word' id='word_1_68' title='bbox 115 1197 184 1258; x_wconf 77' lang='lat' dir='ltr'>aliia</span> <span class='ocrx_word' id='word_1_69' title='bbox 201 1197 355 1265; x_wconf 87' lang='lat' dir='ltr'>cernitur,</span> <span class='ocrx_word' id='word_1_70' title='bbox 378 1193 481 1256; x_wconf 84' lang='lat' dir='ltr'>veluti</span> <span class='ocrx_word' id='word_1_71' title='bbox 498 1194 603 1256; x_wconf 83' lang='lat' dir='ltr'>Plinio</span> <span class='ocrx_word' id='word_1_72' title='bbox 621 1205 654 1273; x_wconf 79' lang='lat'>4,</span> <span class='ocrx_word' id='word_1_73' title='bbox 674 1207 732 1272; x_wconf 80' lang='lat'>50.</span> <span class='ocrx_word' id='word_1_74' title='bbox 750 1193 770 1258; x_wconf 89' lang='lat' dir='ltr'>s.</span> <span class='ocrx_word' id='word_1_75' title='bbox 792 1197 845 1257; x_wconf 78' lang='lat'>16.</span> <span class='ocrx_word' id='word_1_76' title='bbox 872 1197 974 1256; x_wconf 82' lang='lat' dir='ltr'>Taciti</span> <span class='ocrx_word' id='word_1_77' title='bbox 997 1197 1102 1280; x_wconf 78' lang='lat' dir='ltr'>Agric.</span> 
     </span>
     <span class='ocr_line' id='line_1_9' title="bbox 66 1293 1101 1380; baseline -0.001 -22"><span class='ocrx_word' id='word_1_78' title='bbox 66 1319 138 1379; x_wconf 84' lang='lat' dir='ltr'>cap.</span> <span class='ocrx_word' id='word_1_79' title='bbox 165 1309 218 1374; x_wconf 47' lang='grc' dir='ltr'>εὐ..</span> <span class='ocrx_word' id='word_1_80' title='bbox 259 1297 370 1358; x_wconf 91' lang='lat' dir='ltr'>Solino</span> <span class='ocrx_word' id='word_1_81' title='bbox 391 1315 417 1358; x_wconf 91' lang='lat' dir='ltr'>c.</span> <span class='ocrx_word' id='word_1_82' title='bbox 441 1309 498 1372; x_wconf 76' lang='lat'>25.</span> <span class='ocrx_word' id='word_1_83' title='bbox 524 1293 546 1358; x_wconf 91' lang='lat' dir='ltr'>s.</span> <span class='ocrx_word' id='word_1_84' title='bbox 573 1313 628 1356; x_wconf 73' lang='lat' dir='ltr'>aa.</span> <span class='ocrx_word' id='word_1_85' title='bbox 665 1297 783 1380; x_wconf 86' lang='lat' dir='ltr'>Geogr.</span> <span class='ocrx_word' id='word_1_86' title='bbox 808 1298 954 1358; x_wconf 81' lang='lat' dir='ltr'>Raverur.</span> <span class='ocrx_word' id='word_1_87' title='bbox 983 1309 1015 1372; x_wconf 87' lang='lat'>5,</span> <span class='ocrx_word' id='word_1_88' title='bbox 1041 1311 1101 1373; x_wconf 77' lang='lat'>32.</span> 
     </span>
     <span class='ocr_line' id='line_1_10' title="bbox 65 1397 1106 1479; baseline -0.004 -19"><span class='ocrx_word' id='word_1_89' title='bbox 65 1400 263 1478; x_wconf 83' lang='lat' dir='ltr'>omninoque</span> <span class='ocrx_word' id='word_1_90' title='bbox 283 1401 316 1456; x_wconf 90' lang='lat' dir='ltr'>in</span> <span class='ocrx_word' id='word_1_91' title='bbox 333 1397 511 1478; x_wconf 80' lang='lat' dir='ltr'>posterioria</span> <span class='ocrx_word' id='word_1_92' title='bbox 527 1399 598 1458; x_wconf 83' lang='lat' dir='ltr'>aevi</span> <span class='ocrx_word' id='word_1_93' title='bbox 616 1399 813 1468; x_wconf 79' lang='lat' dir='ltr'>auctoribus,</span> <span class='ocrx_word' id='word_1_94' title='bbox 839 1417 978 1479; x_wconf 84' lang='lat' dir='ltr'>proquo</span> <span class='ocrx_word' id='word_1_95' title='bbox 996 1398 1106 1458; x_wconf 79' lang='lat' dir='ltr'>Aethi-</span> 
     </span>
     <span class='ocr_line' id='line_1_11' title="bbox 63 1497 1106 1580; baseline -0.002 -20"><span class='ocrx_word' id='word_1_96' title='bbox 63 1520 120 1560; x_wconf 86' lang='lat' dir='ltr'>cus</span> <span class='ocrx_word' id='word_1_97' title='bbox 142 1501 199 1576; x_wconf 84' lang='lat' dir='ltr'>(acl</span> <span class='ocrx_word' id='word_1_98' title='bbox 215 1500 332 1559; x_wconf 81' lang='lat' dir='ltr'>calcem</span> <span class='ocrx_word' id='word_1_99' title='bbox 353 1500 403 1559; x_wconf 85' lang='lat' dir='ltr'>erl.</span> <span class='ocrx_word' id='word_1_100' title='bbox 421 1498 565 1560; x_wconf 83' lang='lat' dir='ltr'>Gronov.</span> <span class='ocrx_word' id='word_1_101' title='bbox 584 1511 644 1578; x_wconf 74' lang='lat'>42.</span> <span class='ocrx_word' id='word_1_102' title='bbox 667 1521 697 1578; x_wconf 90' lang='lat' dir='ltr'>p.</span> <span class='ocrx_word' id='word_1_103' title='bbox 716 1501 822 1577; x_wconf 83' lang='lat'>750.)</span> <span class='ocrx_word' id='word_1_104' title='bbox 844 1497 1022 1580; x_wconf 79' lang='lat' dir='ltr'>Hybernia,</span> <span class='ocrx_word' id='word_1_105' title='bbox 1057 1499 1106 1558; x_wconf 89' lang='lat' dir='ltr'>uti</span> 
     </span>
     <span class='ocr_line' id='line_1_12' title="bbox 62 1597 1105 1685; baseline -0.002 -25"><span class='ocrx_word' id='word_1_106' title='bbox 62 1601 119 1661; x_wconf 92' lang='lat' dir='ltr'>hic</span> <span class='ocrx_word' id='word_1_107' title='bbox 151 1601 324 1685; x_wconf 82' lang='lat' dir='ltr'>legendum</span> <span class='ocrx_word' id='word_1_108' title='bbox 352 1597 549 1679; x_wconf 81' lang='lat' dir='ltr'>adscripscrat</span> <span class='ocrx_word' id='word_1_109' title='bbox 581 1603 708 1680; x_wconf 89' lang='lat' dir='ltr'>antiqua</span> <span class='ocrx_word' id='word_1_110' title='bbox 737 1621 848 1662; x_wconf 78' lang='lat' dir='ltr'>ananus</span> <span class='ocrx_word' id='word_1_111' title='bbox 875 1603 909 1660; x_wconf 89' lang='lat' dir='ltr'>in</span> <span class='ocrx_word' id='word_1_112' title='bbox 934 1601 1105 1684; x_wconf 85' lang='lat' dir='ltr'>exemplari</span> 
     </span>
     <span class='ocr_line' id='line_1_13' title="bbox 63 1699 1105 1782; baseline -0.002 -19"><span class='ocrx_word' id='word_1_113' title='bbox 63 1703 118 1764; x_wconf 83' lang='lat' dir='ltr'>erl.</span> <span class='ocrx_word' id='word_1_114' title='bbox 143 1703 177 1764; x_wconf 89' lang='lat'>6.</span> <span class='ocrx_word' id='word_1_115' title='bbox 231 1701 320 1782; x_wconf 86' lang='lat' dir='ltr'>Quae</span> <span class='ocrx_word' id='word_1_116' title='bbox 345 1699 511 1782; x_wconf 72' lang='lat' dir='ltr'>scripturae</span> <span class='ocrx_word' id='word_1_117' title='bbox 535 1702 685 1770; x_wconf 63' lang='lat' dir='ltr'>varietati</span> <span class='ocrx_word' id='word_1_118' title='bbox 712 1703 875 1764; x_wconf 78' lang='lat' dir='ltr'>veteribus</span> <span class='ocrx_word' id='word_1_119' title='bbox 899 1699 1105 1782; x_wconf 82' lang='lat' dir='ltr'>frequentata,</span> 
     </span>
     <span class='ocr_line' id='line_1_14' title="bbox 63 1802 1106 1884; baseline -0.001 -20"><span class='ocrx_word' id='word_1_120' title='bbox 63 1805 196 1884; x_wconf 82' lang='lat' dir='ltr'>adparet</span> <span class='ocrx_word' id='word_1_121' title='bbox 216 1805 311 1862; x_wconf 85' lang='lat' dir='ltr'>etiarn</span> <span class='ocrx_word' id='word_1_122' title='bbox 333 1822 371 1863; x_wconf 82' lang='lat' dir='ltr'>ex</span> <span class='ocrx_word' id='word_1_123' title='bbox 390 1802 570 1882; x_wconf 84' lang='lat' dir='ltr'>Stephano,</span> <span class='ocrx_word' id='word_1_124' title='bbox 596 1803 679 1884; x_wconf 86' lang='lat' dir='ltr'>apud</span> <span class='ocrx_word' id='word_1_125' title='bbox 697 1823 792 1882; x_wconf 80' lang='lat' dir='ltr'>quoru</span> <span class='ocrx_word' id='word_1_126' title='bbox 811 1803 940 1866; x_wconf 73' lang='lat' dir='ltr'>diversis</span> <span class='ocrx_word' id='word_1_127' title='bbox 962 1805 1039 1864; x_wconf 79' lang='lat' dir='ltr'>locis</span> <span class='ocrx_word' id='word_1_128' title='bbox 1059 1823 1106 1863; x_wconf 88' lang='lat' dir='ltr'>re·</span> 
     </span>
     <span class='ocr_line' id='line_1_15' title="bbox 63 1899 1108 1992; baseline -0.001 -27"><span class='ocrx_word' id='word_1_129' title='bbox 63 1907 190 1988; x_wconf 87' lang='lat' dir='ltr'>peritur</span> <span class='ocrx_word' id='word_1_130' title='bbox 214 1900 326 1990; x_wconf 64' lang='grc' dir='ltr'>Ίέρνη,</span> <span class='ocrx_word' id='word_1_131' title='bbox 351 1899 503 1989; x_wconf 74' lang='lat' dir='ltr'>&#39;luucpvia</span> <span class='ocrx_word' id='word_1_132' title='bbox 522 1899 720 1992; x_wconf 71' lang='lat' dir='ltr'>et&#39;loue‘pvq,</span> <span class='ocrx_word' id='word_1_133' title='bbox 748 1925 825 1985; x_wconf 86' lang='lat' dir='ltr'>quac</span> <span class='ocrx_word' id='word_1_134' title='bbox 846 1907 976 1984; x_wconf 79' lang='lat' dir='ltr'>quinem</span> <span class='ocrx_word' id='word_1_135' title='bbox 999 1907 1042 1964; x_wconf 89' lang='lat' dir='ltr'>illi</span> <span class='ocrx_word' id='word_1_136' title='bbox 1064 1904 1108 1964; x_wconf 83' lang='lat' dir='ltr'>cll</span> 
     </span>
     <span class='ocr_line' id='line_1_16' title="bbox 65 2003 1108 2086; baseline -0.001 -19"><span class='ocrx_word' id='word_1_137' title='bbox 65 2007 156 2068; x_wconf 78' lang='lat' dir='ltr'>urbe.</span> <span class='ocrx_word' id='word_1_138' title='bbox 207 2007 293 2065; x_wconf 86' lang='lat' dir='ltr'>Turn</span> <span class='ocrx_word' id='word_1_139' title='bbox 315 2024 391 2066; x_wconf 85' lang='lat' dir='ltr'>vero</span> <span class='ocrx_word' id='word_1_140' title='bbox 410 2005 485 2065; x_wconf 83' lang='lat' dir='ltr'>inde</span> <span class='ocrx_word' id='word_1_141' title='bbox 505 2003 648 2076; x_wconf 79' lang='lat' dir='ltr'>discitur,</span> <span class='ocrx_word' id='word_1_142' title='bbox 676 2021 798 2068; x_wconf 77' lang='lat' dir='ltr'>veteres</span> <span class='ocrx_word' id='word_1_143' title='bbox 821 2007 884 2066; x_wconf 86' lang='lat' dir='ltr'>line</span> <span class='ocrx_word' id='word_1_144' title='bbox 899 2005 1108 2086; x_wconf 75' lang='lat' dir='ltr'>adspiratione</span> 
     </span>
     <span class='ocr_line' id='line_1_17' title="bbox 66 2103 1109 2190; baseline 0 -24"><span class='ocrx_word' id='word_1_145' title='bbox 66 2105 252 2190; x_wconf 82' lang='lat' dir='ltr'>protulisse,</span> <span class='ocrx_word' id='word_1_146' title='bbox 287 2107 500 2186; x_wconf 80' lang='lat' dir='ltr'>antiquiorem</span> <span class='ocrx_word' id='word_1_147' title='bbox 531 2103 666 2168; x_wconf 86' lang='lat' dir='ltr'>sormam</span> <span class='ocrx_word' id='word_1_148' title='bbox 693 2105 781 2168; x_wconf 87' lang='lat' dir='ltr'>suisse</span> <span class='ocrx_word' id='word_1_149' title='bbox 809 2109 914 2175; x_wconf 82' lang='lat' dir='ltr'>Ierne,</span> <span class='ocrx_word' id='word_1_150' title='bbox 944 2105 1109 2168; x_wconf 76' lang='lat' dir='ltr'>successisse</span> 
     </span>
     <span class='ocr_line' id='line_1_18' title="bbox 68 2207 1113 2290; baseline 0 -22"><span class='ocrx_word' id='word_1_151' title='bbox 68 2211 231 2277; x_wconf 70' lang='lat' dir='ltr'>lucerua,</span> <span class='ocrx_word' id='word_1_152' title='bbox 266 2207 370 2270; x_wconf 84' lang='lat' dir='ltr'>Melae</span> <span class='ocrx_word' id='word_1_153' title='bbox 395 2209 427 2266; x_wconf 91' lang='lat' dir='ltr'>in</span> <span class='ocrx_word' id='word_1_154' title='bbox 452 2209 564 2288; x_wconf 84' lang='lat' dir='ltr'>primic</span> <span class='ocrx_word' id='word_1_155' title='bbox 585 2223 701 2276; x_wconf 81' lang='lat' dir='ltr'>aetate,</span> <span class='ocrx_word' id='word_1_156' title='bbox 730 2229 793 2289; x_wconf 89' lang='lat' dir='ltr'>quo</span> <span class='ocrx_word' id='word_1_157' title='bbox 817 2211 912 2270; x_wconf 85' lang='lat' dir='ltr'>etiam</span> <span class='ocrx_word' id='word_1_158' title='bbox 936 2211 1113 2290; x_wconf 89' lang='lat' dir='ltr'>corruptio·</span> 
     </span>
     <span class='ocr_line' id='line_1_19' title="bbox 67 2307 1112 2394; baseline -0.002 -24"><span class='ocrx_word' id='word_1_159' title='bbox 67 2331 128 2370; x_wconf 79' lang='lat' dir='ltr'>nes</span> <span class='ocrx_word' id='word_1_160' title='bbox 145 2311 267 2368; x_wconf 78' lang='lat' dir='ltr'>(locunt</span> <span class='ocrx_word' id='word_1_161' title='bbox 288 2310 322 2368; x_wconf 92' lang='lat' dir='ltr'>in</span> <span class='ocrx_word' id='word_1_162' title='bbox 343 2307 499 2370; x_wconf 72' lang='lat' dir='ltr'>Mortua.</span> <span class='ocrx_word' id='word_1_163' title='bbox 553 2309 636 2371; x_wconf 79' lang='lat' dir='ltr'>curn</span> <span class='ocrx_word' id='word_1_164' title='bbox 657 2311 754 2394; x_wconf 81' lang='lat' dir='ltr'>igitur</span> <span class='ocrx_word' id='word_1_165' title='bbox 770 2313 802 2370; x_wconf 92' lang='lat' dir='ltr'>in</span> <span class='ocrx_word' id='word_1_166' title='bbox 826 2331 860 2372; x_wconf 84' lang='lat' dir='ltr'>ca</span> <span class='ocrx_word' id='word_1_167' title='bbox 879 2311 1020 2391; x_wconf 82' lang='lat' dir='ltr'>plerique</span> <span class='ocrx_word' id='word_1_168' title='bbox 1037 2310 1112 2370; x_wconf 84' lang='lat' dir='ltr'>libri</span> 
     </span>
     <span class='ocr_line' id='line_1_20' title="bbox 71 2407 1114 2492; baseline 0.001 -21"><span class='ocrx_word' id='word_1_169' title='bbox 71 2409 289 2478; x_wconf 81' lang='lat' dir='ltr'>consentiant,</span> <span class='ocrx_word' id='word_1_170' title='bbox 316 2409 433 2490; x_wconf 83' lang='lat' dir='ltr'>placuit</span> <span class='ocrx_word' id='word_1_171' title='bbox 449 2423 481 2468; x_wconf 84' lang='lat' dir='ltr'>et</span> <span class='ocrx_word' id='word_1_172' title='bbox 495 2429 564 2472; x_wconf 82' lang='lat' dir='ltr'>eam</span> <span class='ocrx_word' id='word_1_173' title='bbox 581 2411 632 2472; x_wconf 90' lang='lat' dir='ltr'>hic</span> <span class='ocrx_word' id='word_1_174' title='bbox 646 2427 800 2492; x_wconf 85' lang='lat' dir='ltr'>repetere.</span> <span class='ocrx_word' id='word_1_175' title='bbox 840 2407 997 2472; x_wconf 79' lang='lat' dir='ltr'>Hibernia</span> <span class='ocrx_word' id='word_1_176' title='bbox 1018 2410 1114 2472; x_wconf 79' lang='lat' dir='ltr'>serint</span> 
     </span>
     <span class='ocr_line' id='line_1_21' title="bbox 70 2507 930 2593; baseline 0.005 -21"><span class='ocrx_word' id='word_1_177' title='bbox 70 2513 229 2582; x_wconf 85' lang='lat' dir='ltr'>invaluit,</span> <span class='ocrx_word' id='word_1_178' title='bbox 254 2523 287 2573; x_wconf 84' lang='lat' dir='ltr'>et</span> <span class='ocrx_word' id='word_1_179' title='bbox 302 2531 319 2572; x_wconf 90' lang='lat' dir='ltr'>a</span> <span class='ocrx_word' id='word_1_180' title='bbox 334 2511 466 2572; x_wconf 72' lang='lat' dir='ltr'>librariis</span> <span class='ocrx_word' id='word_1_181' title='bbox 481 2507 592 2593; x_wconf 74' lang='lat' dir='ltr'>passam</span> <span class='ocrx_word' id='word_1_182' title='bbox 609 2511 776 2574; x_wconf 88' lang='lat' dir='ltr'>obtrusum</span> <span class='ocrx_word' id='word_1_183' title='bbox 793 2513 930 2576; x_wconf 82' lang='lat' dir='ltr'>videtur.</span> 
     </span>
    </p>
   </div>
   <div class='ocr_carea' id='block_1_3' title="bbox 71 2712 1123 3812">
    <p class='ocr_par' dir='ltr' id='par_1_3' title="bbox 71 2712 1123 3812">
     <span class='ocr_line' id='line_1_22' title="bbox 150 2712 1116 2801; baseline -0.001 -27"><span class='ocrx_word' id='word_1_184' title='bbox 150 2715 362 2796; x_wconf 83' lang='lat' dir='ltr'>utrimque</span> <span class='ocrx_word' id='word_1_185' title='bbox 371 2712 389 2796; x_wconf 91' lang='lat'><em>)</em></span> <span class='ocrx_word' id='word_1_186' title='bbox 440 2715 579 2778; x_wconf 89' lang='lat' dir='ltr'>Vindob.</span> <span class='ocrx_word' id='word_1_187' title='bbox 605 2716 697 2801; x_wconf 86' lang='lat' dir='ltr'>Prag.</span> <span class='ocrx_word' id='word_1_188' title='bbox 725 2729 908 2799; x_wconf 71' lang='lat' dir='ltr'>utotmquer</span> <span class='ocrx_word' id='word_1_189' title='bbox 950 2712 1035 2776; x_wconf 88' lang='lat' dir='ltr'>Gud.</span> <span class='ocrx_word' id='word_1_190' title='bbox 1067 2723 1116 2773; x_wconf 82' lang='lat' dir='ltr'>ut·</span> 
     </span>
     <span class='ocr_line' id='line_1_23' title="bbox 73 2815 1116 2898; baseline -0.004 -20"><span class='ocrx_word' id='word_1_191' title='bbox 73 2836 208 2898; x_wconf 81' lang='lat' dir='ltr'>cunque.</span> <span class='ocrx_word' id='word_1_192' title='bbox 261 2817 348 2876; x_wconf 89' lang='lat' dir='ltr'>Tum</span> <span class='ocrx_word' id='word_1_193' title='bbox 383 2817 480 2876; x_wconf 87' lang='lat' dir='ltr'>iidem</span> <span class='ocrx_word' id='word_1_194' title='bbox 513 2831 545 2878; x_wconf 85' lang='lat' dir='ltr'>et</span> <span class='ocrx_word' id='word_1_195' title='bbox 570 2817 709 2898; x_wconf 82' lang='lat' dir='ltr'>plerique</span> <span class='ocrx_word' id='word_1_196' title='bbox 736 2820 788 2878; x_wconf 88' lang='lat' dir='ltr'>alii</span> <span class='ocrx_word' id='word_1_197' title='bbox 822 2837 895 2876; x_wconf 88' lang='lat' dir='ltr'>curn</span> <span class='ocrx_word' id='word_1_198' title='bbox 920 2815 1116 2876; x_wconf 84' lang='lat' dir='ltr'>editionibntt</span> 
     </span>
     <span class='ocr_line' id='line_1_24' title="bbox 74 2913 1116 3000; baseline -0.004 -22"><span class='ocrx_word' id='word_1_199' title='bbox 74 2916 231 2978; x_wconf 88' lang='lat' dir='ltr'>omnibns</span> <span class='ocrx_word' id='word_1_200' title='bbox 249 2917 286 2976; x_wconf 85' lang='lat' dir='ltr'>ad</span> <span class='ocrx_word' id='word_1_201' title='bbox 303 2913 446 2978; x_wconf 78' lang='lat' dir='ltr'>Volliurn</span> <span class='ocrx_word' id='word_1_202' title='bbox 466 2917 583 2980; x_wconf 83' lang='lat' dir='ltr'>habent</span> <span class='ocrx_word' id='word_1_203' title='bbox 599 2920 739 3000; x_wconf 83' lang='lat' dir='ltr'>aeqrrulis</span> <span class='ocrx_word' id='word_1_204' title='bbox 753 2919 892 3000; x_wconf 83' lang='lat' dir='ltr'>adposito</span> <span class='ocrx_word' id='word_1_205' title='bbox 909 2916 1116 2978; x_wconf 76' lang='lat' dir='ltr'>distinctionis</span> 
     </span>
     <span class='ocr_line' id='line_1_25' title="bbox 71 3015 1117 3102; baseline -0.006 -22"><span class='ocrx_word' id='word_1_206' title='bbox 71 3021 186 3102; x_wconf 62' lang='lat' dir='ltr'>sigum</span> <span class='ocrx_word' id='word_1_207' title='bbox 213 3019 287 3080; x_wconf 84' lang='lat' dir='ltr'>inde</span> <span class='ocrx_word' id='word_1_208' title='bbox 305 3017 441 3080; x_wconf 78' lang='lat' dir='ltr'>successit</span> <span class='ocrx_word' id='word_1_209' title='bbox 458 3021 597 3100; x_wconf 81' lang='lat' dir='ltr'>aeqrtolt&#39;,</span> <span class='ocrx_word' id='word_1_210' title='bbox 621 3022 707 3101; x_wconf 88' lang='lat' dir='ltr'>qnod</span> <span class='ocrx_word' id='word_1_211' title='bbox 724 3021 842 3080; x_wconf 86' lang='lat' dir='ltr'>habent</span> <span class='ocrx_word' id='word_1_212' title='bbox 858 3015 993 3080; x_wconf 79' lang='lat' dir='ltr'>Voffiarti</span> <span class='ocrx_word' id='word_1_213' title='bbox 1011 3017 1117 3096; x_wconf 78' lang='lat' dir='ltr'>aliqui,</span> 
     </span>
     <span class='ocr_line' id='line_1_26' title="bbox 72 3115 1119 3202; baseline -0.006 -18"><span class='ocrx_word' id='word_1_214' title='bbox 72 3120 254 3202; x_wconf 80' lang='lat' dir='ltr'>Rehdiger.</span> <span class='ocrx_word' id='word_1_215' title='bbox 283 3133 315 3180; x_wconf 86' lang='lat' dir='ltr'>et</span> <span class='ocrx_word' id='word_1_216' title='bbox 341 3119 422 3181; x_wconf 84' lang='lat' dir='ltr'>sorte</span> <span class='ocrx_word' id='word_1_217' title='bbox 449 3121 643 3182; x_wconf 81' lang='lat' dir='ltr'>Parisrenses.</span> <span class='ocrx_word' id='word_1_218' title='bbox 681 3141 887 3182; x_wconf 72' lang='lat' dir='ltr'>&#39;rzscuvctttu</span> <span class='ocrx_word' id='word_1_219' title='bbox 940 3115 1119 3200; x_wconf 78' lang='lat' dir='ltr'>Aequalis.)</span> 
     </span>
     <span class='ocr_line' id='line_1_27' title="bbox 74 3217 1121 3312; baseline -0.004 -28"><span class='ocrx_word' id='word_1_220' title='bbox 74 3225 144 3284; x_wconf 78' lang='lat' dir='ltr'>Aut</span> <span class='ocrx_word' id='word_1_221' title='bbox 170 3219 340 3282; x_wconf 77' lang='lat' dir='ltr'>mendosus</span> <span class='ocrx_word' id='word_1_222' title='bbox 367 3222 470 3292; x_wconf 76' lang='lat' dir='ltr'>locut,</span> <span class='ocrx_word' id='word_1_223' title='bbox 505 3238 558 3284; x_wconf 84' lang='lat' dir='ltr'>aut</span> <span class='ocrx_word' id='word_1_224' title='bbox 583 3217 779 3312; x_wconf 64' lang='grc' dir='ltr'>μνημονικὸν</span> <span class='ocrx_word' id='word_1_225' title='bbox 814 3217 960 3310; x_wconf 75' lang='grc' dir='ltr'>σφάλμα</span> <span class='ocrx_word' id='word_1_226' title='bbox 991 3221 1121 3300; x_wconf 80' lang='lat' dir='ltr'>reliquit</span> 
     </span>
     <span class='ocr_line' id='line_1_28' title="bbox 75 3321 1120 3406; baseline -0.005 -24"><span class='ocrx_word' id='word_1_227' title='bbox 75 3321 371 3384; x_wconf 80' lang='lat' dir='ltr'>adnumerandum.</span> <span class='ocrx_word' id='word_1_228' title='bbox 423 3321 533 3384; x_wconf 84' lang='lat' dir='ltr'>Caesar</span> <span class='ocrx_word' id='word_1_229' title='bbox 555 3326 641 3386; x_wconf 77' lang='lat' dir='ltr'>eninr</span> <span class='ocrx_word' id='word_1_230' title='bbox 668 3325 787 3392; x_wconf 84' lang='lat' dir='ltr'>lulius,</span> <span class='ocrx_word' id='word_1_231' title='bbox 813 3343 914 3406; x_wconf 86' lang='lat' dir='ltr'>aquo</span> <span class='ocrx_word' id='word_1_232' title='bbox 938 3335 1120 3382; x_wconf 84' lang='lat' dir='ltr'>mutuatur:</span> 
     </span>
     <span class='ocr_line' id='line_1_29' title="bbox 75 3413 1123 3511; baseline -0.008 -25"><span class='ocrx_word' id='word_1_233' title='bbox 75 3423 130 3486; x_wconf 73' lang='lat' dir='ltr'>Aa</span> <span class='ocrx_word' id='word_1_234' title='bbox 154 3421 345 3482; x_wconf 80' lang='lat' dir='ltr'>occidentem</span> <span class='ocrx_word' id='word_1_235' title='bbox 366 3413 482 3511; x_wconf 85' lang='lat' dir='ltr'>sulem,</span> <span class='ocrx_word' id='word_1_236' title='bbox 512 3427 637 3508; x_wconf 87' lang='lat' dir='ltr'>(inquit</span> <span class='ocrx_word' id='word_1_237' title='bbox 663 3439 839 3487; x_wconf 73' lang='lat' dir='ltr'>comittens.</span> <span class='ocrx_word' id='word_1_238' title='bbox 859 3437 892 3502; x_wconf 84' lang='lat'>5.</span> <span class='ocrx_word' id='word_1_239' title='bbox 915 3423 988 3484; x_wconf 87' lang='lat' dir='ltr'>belli</span> <span class='ocrx_word' id='word_1_240' title='bbox 1011 3423 1123 3482; x_wconf 82' lang='lat' dir='ltr'>Gallici</span> 
     </span>
     <span class='ocr_line' id='line_1_30' title="bbox 77 3521 1121 3614; baseline -0.005 -30"><span class='ocrx_word' id='word_1_241' title='bbox 77 3544 148 3606; x_wconf 83' lang='lat' dir='ltr'>cap.</span> <span class='ocrx_word' id='word_1_242' title='bbox 174 3521 250 3604; x_wconf 81' lang='lat'><strong>15.)</strong></span> <span class='ocrx_word' id='word_1_243' title='bbox 281 3521 325 3613; x_wconf 83' lang='lat' dir='ltr'>est</span> <span class='ocrx_word' id='word_1_244' title='bbox 348 3521 519 3596; x_wconf 79' lang='lat' dir='ltr'>Hibernia,</span> <span class='ocrx_word' id='word_1_245' title='bbox 547 3527 679 3586; x_wconf 77' lang='lat' dir='ltr'>dimidio</span> <span class='ocrx_word' id='word_1_246' title='bbox 705 3531 822 3596; x_wconf 83' lang='lat' dir='ltr'>minor,</span> <span class='ocrx_word' id='word_1_247' title='bbox 855 3539 891 3586; x_wconf 79' lang='lat' dir='ltr'>nt</span> <span class='ocrx_word' id='word_1_248' title='bbox 914 3522 1121 3614; x_wconf 75' lang='lat' dir='ltr'>exsst&#39;rnatttr,</span> 
     </span>
     <span class='ocr_line' id='line_1_31' title="bbox 79 3618 1123 3718; baseline -0.004 -33"><span class='ocrx_word' id='word_1_249' title='bbox 79 3646 179 3708; x_wconf 80' lang='lat' dir='ltr'>quam</span> <span class='ocrx_word' id='word_1_250' title='bbox 199 3625 388 3696; x_wconf 78' lang='lat' dir='ltr'>Brirarnrr&#39;n,</span> <span class='ocrx_word' id='word_1_251' title='bbox 409 3619 470 3716; x_wconf 78' lang='lat' dir='ltr'>sed</span> <span class='ocrx_word' id='word_1_252' title='bbox 491 3629 566 3704; x_wconf 83' lang='lat' dir='ltr'>pori</span> <span class='ocrx_word' id='word_1_253' title='bbox 581 3618 696 3718; x_wconf 78' lang='lat' dir='ltr'>spatio</span> <span class='ocrx_word' id='word_1_254' title='bbox 721 3619 938 3714; x_wconf 81' lang='lat' dir='ltr'>trnrtsrru&#39;ffirs,</span> <span class='ocrx_word' id='word_1_255' title='bbox 966 3638 1061 3705; x_wconf 81' lang='lat' dir='ltr'>utque</span> <span class='ocrx_word' id='word_1_256' title='bbox 1084 3643 1123 3682; x_wconf 79' lang='lat' dir='ltr'>etr</span> 
     </span>
     <span class='ocr_line' id='line_1_32' title="bbox 87 3724 1123 3812; baseline -0.002 -26"><span class='ocrx_word' id='word_1_257' title='bbox 87 3725 209 3794; x_wconf 76' lang='lat' dir='ltr'>Gallia,</span> <span class='ocrx_word' id='word_1_258' title='bbox 243 3724 284 3812; x_wconf 71' lang='lat' dir='ltr'>css</span> <span class='ocrx_word' id='word_1_259' title='bbox 308 3728 339 3786; x_wconf 84' lang='lat' dir='ltr'>in</span> <span class='ocrx_word' id='word_1_260' title='bbox 361 3727 579 3790; x_wconf 81' lang='lat' dir='ltr'>Britanniam.</span> <span class='ocrx_word' id='word_1_261' title='bbox 634 3731 723 3789; x_wconf 86' lang='lat' dir='ltr'>Vtule</span> <span class='ocrx_word' id='word_1_262' title='bbox 750 3731 915 3808; x_wconf 80' lang='lat' dir='ltr'>aliqnando</span> <span class='ocrx_word' id='word_1_263' title='bbox 943 3727 1023 3785; x_wconf 84' lang='lat' dir='ltr'>hanc</span> <span class='ocrx_word' id='word_1_264' title='bbox 1049 3743 1123 3784; x_wconf 87' lang='lat' dir='ltr'>con·</span> 
     </span>
    </p>
   </div>
   <div class='ocr_carea' id='block_1_4' title="bbox 85 3805 1129 4216">
    <p class='ocr_par' dir='ltr' id='par_1_4' title="bbox 85 3805 1129 4216">
     <span class='ocr_line' id='line_1_33' title="bbox 85 3805 1125 3918; baseline -0.004 -32"><span class='ocrx_word' id='word_1_265' title='bbox 85 3805 337 3896; x_wconf 72' lang='lat' dir='ltr'>iecturam&#39;leci,</span> <span class='ocrx_word' id='word_1_266' title='bbox 365 3827 508 3910; x_wconf 72' lang='lat' dir='ltr'>scripsisse</span> <span class='ocrx_word' id='word_1_267' title='bbox 527 3831 764 3912; x_wconf 84' lang='lat' dir='ltr'>Pomponium,</span> <span class='ocrx_word' id='word_1_268' title='bbox 785 3825 845 3918; x_wconf 75' lang='lat' dir='ltr'>jul</span> <span class='ocrx_word' id='word_1_269' title='bbox 868 3829 1023 3908; x_wconf 81' lang='lat' dir='ltr'>utrimque</span> <span class='ocrx_word' id='word_1_270' title='bbox 1044 3828 1125 3886; x_wconf 76' lang='lat' dir='ltr'>inne·</span> 
     </span>
     <span class='ocr_line' id='line_1_34' title="bbox 85 3925 1127 4010; baseline -0.004 -23"><span class='ocrx_word' id='word_1_271' title='bbox 85 3929 213 4008; x_wconf 85' lang='lat' dir='ltr'>qrtalis,·</span> <span class='ocrx_word' id='word_1_272' title='bbox 246 3929 490 4010; x_wconf 79' lang='lat' dir='ltr'>praepositione,</span> <span class='ocrx_word' id='word_1_273' title='bbox 515 3947 552 3992; x_wconf 87' lang='lat' dir='ltr'>ut</span> <span class='ocrx_word' id='word_1_274' title='bbox 573 3931 660 4000; x_wconf 77' lang='lat' dir='ltr'>solut,</span> <span class='ocrx_word' id='word_1_275' title='bbox 689 3930 776 3991; x_wconf 82' lang='lat' dir='ltr'>sacilc</span> <span class='ocrx_word' id='word_1_276' title='bbox 797 3933 829 3989; x_wconf 88' lang='lat' dir='ltr'>in</span> <span class='ocrx_word' id='word_1_277' title='bbox 853 3933 922 4010; x_wconf 89' lang='lat' dir='ltr'>prio</span> <span class='ocrx_word' id='word_1_278' title='bbox 941 3949 957 3986; x_wconf 87' lang='lat' dir='ltr'>e</span> <span class='ocrx_word' id='word_1_279' title='bbox 979 3947 1056 3992; x_wconf 74' lang='lat' dir='ltr'>voce</span> <span class='ocrx_word' id='word_1_280' title='bbox 1074 3925 1127 3984; x_wconf 87' lang='lat' dir='ltr'>ab·</span> 
     </span>
     <span class='ocr_line' id='line_1_35' title="bbox 89 4023 1128 4122; baseline -0.002 -34"><span class='ocrx_word' id='word_1_281' title='bbox 89 4027 186 4090; x_wconf 86' lang='lat' dir='ltr'>sunna</span> <span class='ocrx_word' id='word_1_282' title='bbox 212 4043 247 4090; x_wconf 83' lang='lat' dir='ltr'>et</span> <span class='ocrx_word' id='word_1_283' title='bbox 273 4031 452 4111; x_wconf 81' lang='lat' dir='ltr'>tluperdita;</span> <span class='ocrx_word' id='word_1_284' title='bbox 489 4035 541 4096; x_wconf 85' lang='lat' dir='ltr'>vel</span> <span class='ocrx_word' id='word_1_285' title='bbox 567 4035 692 4116; x_wconf 76' lang='lat' dir='ltr'>potins,</span> <span class='ocrx_word' id='word_1_286' title='bbox 719 4023 780 4122; x_wconf 80' lang='lat' dir='ltr'>scd</span> <span class='ocrx_word' id='word_1_287' title='bbox 806 4033 962 4111; x_wconf 75' lang='lat' dir='ltr'>rectiorque</span> <span class='ocrx_word' id='word_1_288' title='bbox 987 4025 1128 4108; x_wconf 82' lang='lat' dir='ltr'>aeqtrolis</span> 
     </span>
     <span class='ocr_line' id='line_1_36' title="bbox 88 4127 1129 4216; baseline -0.002 -26"><span class='ocrx_word' id='word_1_289' title='bbox 88 4133 241 4202; x_wconf 71' lang='lat' dir='ltr'>traiectu3</span> <span class='ocrx_word' id='word_1_290' title='bbox 267 4127 394 4192; x_wconf 80' lang='lat' dir='ltr'>litorum</span> <span class='ocrx_word' id='word_1_291' title='bbox 418 4131 564 4216; x_wconf 81' lang='lat' dir='ltr'>oblonga.</span> <span class='ocrx_word' id='word_1_292' title='bbox 604 4135 780 4196; x_wconf 76' lang='lat' dir='ltr'>Traiectum</span> <span class='ocrx_word' id='word_1_293' title='bbox 803 4133 891 4194; x_wconf 85' lang='lat' dir='ltr'>enim</span> <span class='ocrx_word' id='word_1_294' title='bbox 910 4143 1012 4200; x_wconf 86' lang='lat' dir='ltr'>vocat,</span> <span class='ocrx_word' id='word_1_295' title='bbox 1031 4145 1129 4209; x_wconf 86' lang='lat' dir='ltr'>quem</span> 
     </span>
    </p>
   </div>
   <div class='ocr_carea' id='block_1_5' title="bbox 134 4234 796 4319">
    <p class='ocr_par' dir='ltr' id='par_1_5' title="bbox 134 4234 796 4319">
     <span class='ocr_line' id='line_1_37' title="bbox 134 4234 796 4319; baseline -0.011 -17"><span class='ocrx_word' id='word_1_296' title='bbox 134 4249 233 4319; x_wconf 76' lang='lat' dir='ltr'>Pomp.</span> <span class='ocrx_word' id='word_1_297' title='bbox 253 4247 347 4302; x_wconf 78' lang='lat' dir='ltr'>Meso.</span> <span class='ocrx_word' id='word_1_298' title='bbox 377 4247 415 4302; x_wconf 84' lang='lat' dir='ltr'>L·</span> <span class='ocrx_word' id='word_1_299' title='bbox 437 4249 490 4306; x_wconf 85' lang='lat' dir='ltr'>sss.</span> <span class='ocrx_word' id='word_1_300' title='bbox 759 4234 796 4296; x_wconf 81' lang='lat' dir='ltr'>M</span> 
     </span>
    </p>
   </div>
   <div class='ocr_carea' id='block_1_6' title="bbox 0 0 1451 4936">
    <p class='ocr_par' dir='ltr' id='par_1_6' title="bbox 0 0 1451 4936">
     <span class='ocr_line' id='line_1_38' title="bbox 0 0 1451 4936; baseline 0 0"><span class='ocrx_word' id='word_1_301' title='bbox 0 0 1451 4936; x_wconf 95' lang='lat' dir='ltr'> </span> 
     </span>
    </p>
   </div>
  </div>
 </body>
</html>
