2868 4942
285 367 345 430 no
585 354 829 434 rourouu
866 354 1030 411 unuln

290 529 352 613 [p.
366 539 398 608 5.
420 525 542 610 Huds.]
564 528 666 612 potest
685 529 830 612 intelligi.
885 529 1065 592 Meminere
1087 545 1220 610 quoque
1242 523 1338 588 huiur

289 617 1339 718 mmmmmffumtmffmmmtffiqt

290 737 396 818 Vulgo
419 733 535 815 Cayem
558 735 761 804 nominatur,
792 753 909 816 nempe
928 735 1019 794 vicus
1036 730 1196 794 subiectur
1213 731 1338 813 oppido

291 837 526 898 mediterraneo
550 833 706 904 dorlech.
731 833 907 912 (Sabbatha
925 835 1004 896 olim
1020 833 1127 912 dicto)
1150 833 1244 894 unde
1269 851 1339 913 pro·

291 939 456 1000 muuto'rio
481 955 613 998 nomen.
668 937 802 997 Nullum
826 937 963 997 dubium
986 939 1107 1017 itaque,
1139 935 1221 1016 quin
1250 935 1338 998 Corte
1398 963 1399 966 ¹

291 1037 445 1120 scripserit
470 1038 569 1108 Mela.
604 1057 671 1099 non
698 1039 803 1102 Carra.
855 1038 966 1100 Arabia
987 1056 1065 1100 vcro
1090 1049 1123 1098 et
1144 1035 1255 1118 ipsum
1274 1055 1338 1098 em·
1400 1056 1401 1070 ¹

293 1141 431 1224 porium.
459 1139 509 1200 sed
526 1139 630 1201 multo
647 1141 746 1223 priori
763 1139 927 1210 celebrior,
954 1140 1071 1220 cuique
1089 1137 1192 1201 felicia
1214 1156 1336 1222 cogno·
1401 1137 1402 1148 ¹

291 1255 440 1304 mentum
463 1260 577 1323 aeque,
603 1255 699 1322 atquo
720 1242 782 1303 toti
801 1243 926 1326 regioni
947 1241 1093 1302 additum
1114 1237 1198 1310 suit.
1225 1238 1338 1301 descri-

291 1341 380 1404 bitur
402 1341 468 1404 suse
489 1343 527 1404 ab
549 1345 695 1406 eiusdem
727 1344 841 1426 petipli
865 1357 1009 1414 auctore,
1044 1343 1147 1424 'equo
1170 1340 1338 1404 maniselle
1404 1378 1405 1392 .

292 1459 436 1528 apparet,
467 1443 527 1506 esse
548 1446 581 1506 id
602 1445 691 1508 Adon
712 1445 812 1529 vulgo
835 1447 1051 1507 nominatum.
1084 1463 1236 1506 vocure.
1289 1445 1336 1506 De
1405 1460 1406 1490 l

292 1545 439 1631 siugulir.
465 1545 540 1627 quid
563 1547 726 1618 videatur,
751 1547 953 1608 monendum
974 1545 1028 1609 est.
1066 1547 1116 1608 De
1133 1545 1239 1628 prima
1256 1545 1336 1607 urbe
1406 1540 1407 1566 ¹

291 1651 352 1710 tria
373 1641 572 1730 potiffimum
589 1645 677 1720 sunt,
703 1667 784 1731 quae
806 1648 859 1710 hic
878 1650 913 1709 in
936 1648 1201 1730 disceptationem
1220 1665 1337 1708 votan-

294 1763 357 1819 tur.
387 1749 499 1820 Carra.
530 1749 641 1812 Curua
661 1762 694 1812 et
722 1750 825 1814 Cano.
874 1751 924 1810 Ex
942 1751 1041 1812 Vatic.
1065 1769 1095 1812 r.
1116 1747 1193 1809 urba
1216 1748 1337 1812 Carme

175 1925 178 1933 .
293 1851 348 1914 vel
368 1851 507 1914 Clrurrae
524 1851 631 1912 locum
649 1851 702 1912 hic
717 1851 773 1912 srbi
792 1852 935 1936 adroget.
972 1853 1109 1932 Vtraque
1126 1852 1217 1911 enim
1233 1847 1337 1912 forma

294 1953 406 2014 eadem
428 1953 609 2023 iuvenitur,
634 1954 781 2034 quamvis
797 1954 888 2014 numi
905 1951 1150 2036 adspirationem
1167 1951 1335 2015 abiiciunt.

293 2055 369 2118 Vid.
396 2053 553 2132 Haymiur
577 2054 611 2114 in
635 2052 711 2116 thes.
734 2053 880 2116 Britann.
901 2057 942 2118 T.
969 2073 1000 2116 a.
1032 2075 1064 2136 p.
1094 2069 1175 2128 ¹¹7·
1217 2053 1338 2116 Havet-

295 2173 398 2236 camp.
417 2155 456 2216 ad
472 2153 562 2216 Oros.
584 2175 617 2236 p.
635 2173 692 2218 ao.
719 2167 752 2216 et
769 2156 824 2237 qui
840 2157 946 2238 ploret
962 2157 1138 2218 excitarunt
1159 2153 1285 2217 Rasclre
1303 2158 1336 2216 in

294 2255 373 2318 Lex.
398 2275 490 2318 uum.
511 2257 553 2316 T.
582 2276 610 2318 r.
641 2256 679 2318 P.
701 2273 731 2319 a.
755 2277 787 2338 p.
812 2270 898 2337 401.
929 2272 962 2319 et
985 2257 1110 2318 Eckhel
1132 2257 1167 2317 in
1193 2256 1337 2319 doctriua

294 2375 387 2419 num.
405 2357 442 2420 P.
466 2377 496 2419 ι.
520 2357 591 2418 Vol.
611 2370 644 2436 3.
663 2378 695 2439 p.
714 2360 786 2435 506
804 2357 866 2440 sqq.
919 2359 1054 2422 Graecos
1073 2358 1226 2440 quidem,
1252 2361 1336 2420 unde

296 2457 463 2542 adspiratio
480 2457 573 2520 inseri
593 2454 699 2542 poffit.
737 2461 800 2523 Sed
818 2459 856 2522 cs.
874 2461 1066 2523 omninode
1086 2461 1144 2522 hac
1159 2461 1335 2522 variatione

297 2559 509 2643 Oudendorp.
537 2561 576 2622 ad
606 2561 723 2624 Lucan.
750 2581 780 2632 ι,
810 2573 890 2639 ¹05·
928 2563 1140 2644 Harercamp.
1174 2563 1216 2622 ad
1245 2559 1334 2624 Oros.

299 2679 332 2733 1.
353 2678 386 2725 α.
410 2683 441 2744 p.
465 2681 518 2742 ¹9·
545 2661 603 2723 ubi
624 2663 719 2725 etiarn
738 2662 819 2726 Cod.
836 2664 928 2748 Prag.
949 2685 966 2723 a
984 2685 1038 2726 rne
1060 2662 1222 2744 inspectus
1245 2663 1338 2725 habet

284 2767 372 2826 'cum
394 2765 463 2825 aliis
487 2765 647 2836 Cleonas,
674 2767 722 2826 uti
740 2767 847 2827 editur
861 2765 894 2826 in
916 2765 1052 2827 Sidonio
1075 2765 1218 2847 Apollin.
1244 2785 1339 2828 carm.

298 2879 332 2936 a,
359 2875 444 2944 455.
474 2883 507 2944 9,
536 2883 591 2945 19·
619 2875 699 2948 243.
751 2865 810 2936 dt.
839 2865 945 2928 fihoc
966 2867 1038 2928 loco
1061 2866 1155 2929 Carra
1175 2866 1267 2928 idem
1288 2866 1339 2938 eu.

291 2967 384 3048 quod
405 2968 534 3038 Carme,
567 2985 679 3029 omnes
701 2967 782 3028 hanc
803 2967 917 3028 urbem
940 2987 1040 3051 prope
1060 2968 1266 3048 Euphratem
1285 2987 1341 3050 po·

298 3081 383 3128 nunt
402 3089 468 3130 non
488 3069 599 3148 procul
619 3069 658 3128 ab
682 3067 803 3131 Edessa.
856 3071 929 3131 Vid.
952 3067 1043 3132 Oros.
1062 3071 1095 3138 6.
1127 3083 1180 3142 13.
1219 3085 1255 3142 7,
1287 3081 1341 3147 ι8.

296 3169 436 3231 Ptolem.
456 3179 488 3244 5,
511 3181 564 3246 rss.
600 3169 682 3230 Plirr.
701 3183 734 3246 5,
758 3187 815 3234 αι.
833 3167 854 3233 s.
874 3180 932 3250 24.
963 3173 1017 3252 qui
1035 3170 1069 3230 in
1086 3169 1200 3232 Arabia
1214 3186 1342 3234 conter-

207 3317 209 3324 .
295 3271 383 3330 mina
407 3271 500 3352 ponit
523 3289 598 3332 cum
619 3270 740 3334 Edessa.
793 3274 844 3334 De
865 3273 922 3333 hac
942 3272 1074 3353 quidem
1098 3290 1196 3334 nemo
1218 3275 1254 3332 in
1280 3274 1344 3336 hoc

296 3369 369 3433 loco
391 3373 519 3455 cogitet.
574 3371 707 3434 Carmei
728 3371 859 3454 quidem
880 3375 915 3434 in
941 3373 1053 3434 Arabia
1077 3373 1174 3433 Felici
1196 3392 1343 3436 comme·

296 3487 463 3534 morantur
486 3493 503 3534 a
526 3472 631 3532 Plinio
647 3475 680 3542 6.
699 3488 757 3550 52.
780 3471 801 3534 s.
823 3487 880 3552 28.
905 3493 1082 3554 eorumque
1099 3473 1176 3534 urbs
1196 3475 1344 3547 Car-rita.

296 3575 481 3637 Ptolemaeo
497 3573 529 3646 6.
548 3589 581 3642 7.
603 3573 773 3662 isopleuro,
802 3572 851 3636 sed
869 3589 901 3636 et
924 3575 1001 3636 haec
1015 3576 1115 3636 aliena
1131 3575 1191 3644 ell.
1219 3579 1344 3659 quippe

296 3675 330 3735 in
353 3677 590 3737 mediterraneis
615 3677 679 3738 sna.
732 3675 867 3757 Propius
896 3677 1018 3738 accedit
1046 3676 1189 3737 Pintiani
1217 3677 1343 3749 Carra«,

297 3777 482 3857 metropolis
512 3777 731 3845 Mirraeorum,
769 3797 848 3856 quoa
885 3777 924 3839 ad
963 3777 1095 3838 rubrum
1125 3797 1211 3838 utare
1244 3781 1344 3859 ponit

296 3878 409 3940 Strabo
431 3877 485 3939 lib.
508 3877 560 3941 16.
581 3898 613 3959 p.
630 3887 715 3954 528.
732 3875 752 3940 s.
770 3879 854 3956 768.
905 3879 996 3939 Idem
1014 3876 1088 3940 facit
1102 3879 1300 3960 Stephanus,
1325 3900 1344 3946 a

296 3999 359 4060 quo
375 3971 529 4062 Κόρινανα
544 3979 620 4040 urbs
634 3993 778 4049 vocatur,
800 3999 818 4040 a
832 3979 939 4041 Plinio
955 3981 988 4050 6.
1004 3993 1063 4059 32.
1079 3977 1099 4042 s.
1113 3993 1171 4057 28.
1196 3981 1342 4052 Gomon,

295 4081 511 4146 aPtoletnaeo
533 4079 566 4154 6.
591 4095 625 4162 7.
651 4073 785 4172 lstipuo,
816 4081 871 4166 qui
896 4093 1006 4146 tamen
1026 4081 1138 4167 procul
1160 4081 1201 4144 ab
1226 4101 1283 4148 ora
1305 4084 1342 4146 in
