2792 4940
299 435 355 498 132
595 419 842 480 ronroun
887 421 1052 478 neren

300 599 404 659 Vanue
419 593 528 657 haberi
546 614 612 658 non
633 593 750 666 recolo,
778 595 835 656 nili
852 615 964 657 venun
982 595 1102 666 dixero,
1127 593 1236 658 erralle
1252 595 1347 658 alter·

299 713 425 770 utrnm;
461 697 580 758 Melam
611 717 650 758 an
686 695 860 760 solinum?
911 697 1030 758 Melam
1063 698 1110 758 dii
1135 698 1345 778 prohibeant.

301 804 336 862 ln
353 801 465 862 Solino
480 799 596 860 menda
615 797 685 881 poll
706 799 853 860 omnium
876 799 1116 860 emendationes
1131 799 1279 869 resident,
1306 813 1349 860 ut

300 903 354 984 ipli
377 921 451 962 cnm
474 901 599 962 duobus
621 897 713 963 MSS.
735 899 900 962 Toletanis
926 901 1140 982 comparando
1157 901 1348 970 didicimus,

300 1003 465 1084 multaque
494 1001 692 1071 notavimus,
733 1020 814 1082 qnae
848 1002 919 1062 Deo
953 998 1087 1063 faciente
1112 1001 1282 1083 aliquando
1308 1003 1349 1062 in

301 1107 415 1188 vulgus
431 1102 643 1186 apparebunt.
679 1103 731 1165 sic
747 1103 835 1164 enim
854 1103 906 1164 ille
928 1121 995 1186 cap.
1018 1103 1074 1164 16.
1099 1099 1141 1188 [l.
1165 1097 1242 1188 tm]
1266 1103 1349 1163 hinc

303 1204 477 1288 exloriplit:
528 1202 656 1265 Deinde
676 1201 833 1296 stagnum
864 1201 907 1295 est
937 1201 1125 1295 Bssouium.
1160 1223 1220 1264 nec
1244 1203 1348 1286 longe

304 1309 387 1387 regio
408 1305 584 1372 Mmouea.
619 1306 653 1366 t'n
675 1325 740 1388 qua
769 1303 872 1364 Tiurla
894 1305 1046 1386 oppidum
1067 1295 1162 1394 filit,
1195 1325 1349 1386 equanam

304 1407 474 1469 Diomedis
498 1405 685 1496 stabulum
722 1395 784 1496 fed
818 1398 902 1495 ceffit
935 1425 1014 1467 aevo
1046 1395 1212 1496 solumque
1245 1405 1350 1465 turris

304 1508 467 1602 vestigium
486 1507 593 1569 adhuc
611 1507 719 1568 durat.
758 1507 870 1569 Cetera
885 1520 921 1566 ut
940 1505 1024 1566 Mela
1046 1504 1159 1568 noller.
1196 1503 1351 1587 Suspicor

304 1623 411 1672 autem
446 1610 479 1668 in
508 1608 592 1670 Mela
617 1606 739 1691 legille:
785 1609 881 1686 liipis
907 1607 973 1668 eius
998 1605 1150 1666 adiacens
1181 1606 1350 1667 Maronea

305 1712 404 1792 regio,
431 1707 485 1770 nbi
506 1709 534 1768 Τ
533 1707 611 1770 iuda
626 1707 812 1770 Diomedem
833 1707 917 1774 tulit.
969 1707 1121 1769 Eruditus
1142 1708 1243 1770 lector
1263 1707 1352 1769 arbi·

307 1812 449 1874 trabitur.
484 1827 662 1872 ecuorrvs.
715 1809 788 1872 Vid.
811 1809 955 1890 proxime
978 1807 1057 1890 post.

384 2012 528 2074 Turris
549 2039 599 2055 -
611 2009 630 2093 )
681 2010 956 2093 Expenrlenrlum‚
988 2029 1027 2070 an
1046 2009 1083 2071 fit
1106 2011 1210 2092 aptior
1229 2011 1352 2072 lectio:

310 2112 423 2184 Tinde,
448 2133 542 2196 priam
557 2111 724 2174 Diomedis
740 2125 860 2173 vocant
880 2131 918 2172 ex
936 2111 1040 2174 Plinio
1062 2111 1120 2190 [4,
1143 2124 1198 2188 18.
1218 2109 1239 2174 l.
1265 2116 1353 2194 tt.]

305 2227 338 2276 et
360 2214 534 2294 Stephano.
570 2213 622 2290 [h.
647 2217 702 2294 v.]
746 2231 946 2274 murmura.
999 2214 1136 2292 Vtraque
1158 2213 1352 2273 emendatio

305 2317 375 2375 vim
397 2313 493 2374 insert
512 2313 688 2396 propositae
713 2315 858 2384 lectioni,
893 2325 925 2372 et
947 2314 1009 2375 sine
1032 2313 1107 2374 iolla
1124 2311 1210 2374 caula
1232 2314 1354 2376 admo·

305 2430 409 2476 vetur.
469 2417 575 2484 Tum,
610 2416 741 2494 quaein
768 2411 951 2475 universum
980 2415 1032 2474 hic
1057 2429 1142 2474 recte
1164 2417 1351 2486 traduntur,

305 2530 426 2578 temere
449 2517 592 2576 invertit.
647 2515 751 2574 Tirida
774 2517 861 2576 eninr
878 2515 951 2576 urbe
972 2516 1068 2598 longe
1090 2516 1128 2575 ab
1153 2515 1214 2576 hoc
1238 2528 1351 2576 tractu

219 2667 221 2674 ,
306 2617 405 2687 distat,
426 2621 543 2698 qnippe
554 2615 750 2679 Chalcidicae
766 2617 849 2685 urbe,
871 2617 919 2676 uti
936 2616 1239 2696 docentStephanus
1254 2616 1289 2676 h.
1310 2638 1350 2680 v.

306 2731 340 2780 et
359 2719 561 2780 Ptolemaeus
585 2731 617 2793 5,
649 2729 702 2796 15.
754 2717 852 2800 Quod
874 2717 926 2777 ille
946 2718 980 2776 in
1000 2719 1132 2777 Thracia
1158 2717 1350 2779 Chalcidica

304 2821 415 2902 ponit,
449 2819 501 2878 hic
523 2819 557 2878 in
583 2817 786 2886 Macedonia,
820 2837 859 2878 ex
882 2817 1023 2898 Philippi
1051 2817 1235 2877 Macedonis
1259 2831 1351 2878 tenr-

304 2939 382 3002 pore
407 2919 539 2980 indicari
559 2918 670 2988 debet,
705 2921 760 2997 qni
787 2937 856 2978 eam
880 2919 1046 3000 regionem
1074 2918 1186 2978 invasit
1207 2919 1349 2998 eiusque

305 3021 464 3083 ditionem
497 3021 646 3082 mutavit.
696 3019 769 3080 vid.
802 3018 953 3080 Cellariue
992 3020 1025 3078 in
1057 3017 1173 3101 Geogr.
1208 3031 1273 3079 ant.
1307 3035 1348 3090 Ω,

312 3135 365 3198 13,
387 3121 445 3198 69.
507 3120 606 3202 Quod
633 3121 672 3180 tle
698 3119 802 3179 Tirida
834 3119 975 3179 Plinium
1007 3118 1114 3179 testem
1141 3120 1346 3200 producunt,

304 3221 360 3281 etsi
384 3221 461 3280 olim
489 3220 568 3279 illud
601 3239 721 3280 nomen
749 3219 839 3279 ulum
866 3219 1044 3287 obtinebat.
1085 3231 1190 3280 tamen
1222 3223 1348 3284 erroris

303 3320 383 3380 illnd
398 3338 465 3380 non
484 3317 584 3380 [olum
603 3321 748 3400 proxime
768 3334 1014 3381 commemorata
1036 3320 1103 3380 loca
1127 3322 1345 3394 convincunt,

304 3419 357 3480 led
379 3435 411 3480 et
430 3419 502 3478 libri
523 3419 678 3490 meliores,
705 3433 742 3479 nt
760 3434 843 3481 recte
860 3422 898 3480 ab
919 3422 1094 3490 Harduino,
1121 3423 1175 3501 qui
1193 3422 1238 3480 ibi
1261 3441 1346 3483 con·

305 3519 362 3580 iuli
384 3519 498 3601 potest,
529 3515 637 3580 Tirida
658 3521 830 3602 repositum
853 3519 958 3584 fuerit.
1011 3521 1129 3582 lelra
1151 3523 1248 3604 igitur
1271 3523 1344 3585 sat-

302 3622 415 3682 mafiuu
438 3620 477 3680 ad
498 3621 600 3682 Solin.
625 3640 651 3683 c.
672 3622 727 3684 16.
751 3620 772 3682 l.
802 3642 856 3682 10.
888 3621 990 3680 Tinde
1012 3621 1104 3681 sunm
1125 3624 1158 3681 in
1178 3621 1284 3683 Plinio
1302 3641 1343 3687 et

302 3724 336 3781 in
357 3722 424 3783 eliis
448 3720 630 3786 substituere
655 3733 687 3784 et
711 3723 833 3782 firmare
854 3735 969 3792 tentat,
1007 3722 1125 3781 Melam
1152 3736 1258 3783 tumen
1282 3723 1342 3786 hic

299 3823 454 3884 intactum
480 3823 640 3904 relinquit.
704 3823 752 3882 An
774 3821 848 3882 alibi
875 3823 982 3884 Tirida
1007 3824 1194 3903 reperiatur,
1228 3824 1341 3886 dicere

297 3945 364 3985 nnn
395 3923 507 3984 habeo.
559 3923 688 3984 Solinus
717 3924 846 4003 quidem
871 3943 898 3984 c.
921 3924 941 3986 l.
979 3937 1012 3986 et
1035 3923 1180 3984 Martiam
1207 3921 1342 4004 Capella

295 4027 351 4088 lib.
370 4025 401 4087 6.
431 4045 462 4104 p.
482 4039 562 4086 212.
588 4043 628 4083 ex
650 4023 754 4083 Plinio
778 4023 981 4104 repetierunt.
1037 4024 1156 4106 Tyrida
1179 4025 1276 4084 etiam
1301 4027 1342 4088 in

292 4127 484 4209 quibusdam
509 4123 598 4185 libris
623 4121 782 4186 obferunt.
835 4127 876 4186 At
899 4125 961 4187 hoc
984 4125 1096 4208 liquet,
1131 4125 1170 4186 ad
1192 4126 1340 4189 Tindam
