2832 4946
320 452 360 520 14
616 445 1070 508 ronronrrnarta

320 633 429 682 contra
450 619 483 682 in
503 618 659 684 Strabone
681 641 720 682 ex
742 620 866 690 nostro,
900 621 1001 703 qualis
1019 641 1138 704 nempe
1162 621 1199 682 in
1219 619 1365 682 editioni-

318 721 380 783 bue
399 720 513 792 sertor,
548 723 698 784 emendat
721 723 880 802 Geryonis
906 719 1089 785 Nunnesrue
1112 726 1150 784 in
1176 721 1309 806 epistola
1331 721 1366 781 ad

316 824 489 886 Schottum
512 827 551 884 de
575 826 672 905 patria
698 824 820 894 Melae,
854 844 933 906 quae
956 825 1072 908 legitur
1094 827 1128 886 in
1153 825 1208 886 ed.
1234 825 1274 885 A.
1293 821 1367 884 Gro-

317 927 408 986 novii
432 945 460 987 a.
482 935 586 1006 1743.
609 946 641 1008 p.
660 939 743 1003 525.
771 927 919 1006 idemque
944 927 1058 1008 probat
1080 928 1182 987 etiarn
1210 925 1246 984 in
1272 922 1363 986 Meta.

316 1025 565 1090 Praeserendurn
582 1029 692 1108 ntique
714 1027 756 1089 esi
776 1047 849 1089 cum
867 1028 955 1106 libris
975 1026 1161 1107 Caepionis,
1191 1045 1296 1107 qnam
1314 1043 1365 1084 ro-

316 1147 387 1190 cem
409 1130 541 1190 firmiter
556 1129 683 1190 adsiruit
699 1127 862 1190 Strabonis
883 1128 987 1198 locue,
1016 1129 1071 1190 etfi
1092 1129 1138 1189 ibi
1160 1125 1282 1189 vitiose
1305 1127 1365 1186 lia·

314 1229 433 1304 niwrat
453 1230 581 1314 legitur.
634 1232 714 1290 lnde
736 1251 811 1292 vero
829 1228 929 1312 lapsui
945 1231 984 1290 ad
1003 1230 1162 1309 Scipionis
1177 1227 1284 1290 sacilie
1299 1225 1363 1296 suit,

315 1352 377 1394 nec
412 1331 474 1394 stne
505 1332 672 1414 exemplis.
734 1333 787 1394 Sic
815 1331 911 1392 musti
943 1331 1048 1393 Codd.
1081 1332 1183 1392 etiarn
1212 1350 1255 1392 ex
1289 1329 1363 1390 meir

315 1431 460 1495 Moscov.
480 1447 513 1494 et
527 1432 622 1496 Paris.
640 1435 672 1492 in
690 1433 844 1496 Strabone
860 1443 894 1510 4.
914 1453 946 1514 Ρ.
970 1448 1050 1512 ¹5⁰·
1068 1431 1088 1493 s.
1107 1445 1192 1510 188.
1213 1451 1274 1513 pru
1291 1431 1362 1490 liar·

307 1533 432 1610 ‚trituret
459 1535 536 1596 dant
558 1531 750 1622 Σκηπίωνος
771 1535 822 1596 vel
845 1531 1044 1608 {nitriotem
1078 1535 1153 1594 libri
1177 1533 1314 1615 quitiam
1331 1533 1359 1590 iu

314 1635 451 1712 Sallustii
475 1639 544 1720 sug.
567 1657 594 1699 c.
617 1647 696 1714 ¹¹4·
717 1635 737 1697 s.
762 1653 842 1698 roa.
869 1638 903 1696 in
926 1637 1083 1717 Eutropio
1100 1648 1133 1714 5,
1167 1656 1198 1696 r.
1235 1633 1359 1696 Aurelio

313 1739 399 1802 vin.
414 1737 454 1799 de
472 1739 509 1801 V.
529 1739 554 1800 s.
577 1758 642 1819 cap.
665 1739 723 1801 66.
741 1751 820 1798 extr.
845 1750 876 1798 et
896 1737 982 1798 alibi.
1034 1738 1097 1800 Sed
1120 1737 1194 1798 viri.
1218 1736 1357 1812 Bryannt

315 1855 349 1902 et
374 1840 511 1902 solanus
532 1840 570 1900 ad
593 1839 753 1901 Plutarch.
780 1840 814 1898 in
840 1839 973 1899 Lucullo
995 1858 1021 1900 c.
1050 1855 1109 1913 27.
1134 1852 1222 1900 extr.
1258 1837 1310 1894 isse
1330 1847 1357 1894 et

313 1941 476 2020 Xylander
496 1940 533 2002 ad
558 1941 697 2002 eundem
719 1943 753 2000 in
776 1940 911 2000 Lucullo
928 1959 955 2002 c.
971 1951 1032 2022 47.
1064 1933 1353 2022 Schweighaeuser.

313 2043 352 2104 ari
376 2043 510 2125 Appiae.
534 2041 574 2102 de
595 2041 661 2103 reb.
687 2039 816 2123 Hispan.
849 2060 876 2104 c.
900 2055 957 2115 70.
996 2054 1030 2104 et
1059 2043 1095 2102 in
1122 2041 1306 2104 emendatt.
1326 2037 1354 2096 in

314 2145 404 2206 Suiri.
424 2165 454 2205 n.
472 2154 506 2222 4.
523 2163 556 2224 p.
570 2156 625 2219 25.
654 2145 716 2203 viri
732 2143 817 2204 docti
830 2141 869 2203 ad
883 2142 992 2204 Vellei.
1014 2162 1043 2212 r,
1065 2154 1120 2219 15,
1138 2158 1174 2221 5.
1211 2142 1350 2204 Perizon.

313 2247 348 2304 in
364 2245 526 2306 animadv.
542 2243 611 2306 hist.
629 2263 656 2305 c.
679 2261 735 2307 ιο.
754 2265 786 2325 p.
804 2265 849 2306 m.
867 2253 940 2323 435
954 2241 995 2325 sq.
1019 2245 1192 2306 Reinrarue
1207 2243 1247 2303 ad
1264 2241 1352 2302 Dion.

236 2409 241 2420 ,
313 2347 355 2408 Τ.
379 2365 408 2408 1.
432 2366 464 2427 p.
482 2355 543 2428 41.
565 2359 599 2406 et
619 2365 699 2426 quae
724 2343 882 2407 adserunt.
934 2345 985 2407 sic
1003 2360 1112 2406 contra
1129 2345 1256 2422 Caepio
1276 2339 1349 2422 apud

315 2447 459 2509 Gorsium
475 2448 508 2507 in
525 2445 631 2508 inscrr.
650 2468 681 2530 p.
705 2465 758 2526 ις),
776 2459 811 2525 4.
833 2461 865 2507 et
882 2457 939 2526 24,
957 2457 990 2523 8.
1013 2465 1070 2527 pru
1090 2447 1212 2528 Scipio,
1242 2440 1350 2530 utgsasii

312 2551 431 2610 docent
446 2549 482 2608 ari
499 2570 549 2611 an.
564 2551 603 2611 U.
619 2561 703 2628 809.
730 2549 815 2630 qnod
834 2561 939 2608 taruen
957 2547 1166 2628 descriptoris,
1193 2567 1263 2608 non
1283 2543 1348 2623 sapi·

312 2652 361 2712 die
385 2664 548 2731 peccatum
578 2664 668 2732 putat
692 2652 802 2712 Senius
828 2651 860 2709 in
890 2651 1042 2732 epigram.
1069 2651 1214 2730 lapidum
1242 2641 1346 2707 vetusi-

312 2773 344 2834 Ρ.
372 2765 429 2828 59..
483 2752 558 2813 Fuit
578 2753 710 2833 quidem
729 2752 888 2829 Scipionis
908 2773 1001 2830 rogus
1018 2771 1035 2811 a
1054 2749 1162 2814 Plinio
1182 2765 1215 2830 5,
1235 2763 1267 2828 5.
1282 2745 1302 2807 s.
1319 2761 1345 2808 t.

311 2867 600 2925 commemoratus,
634 2854 688 2933 qui
708 2854 912 2914 monumenti
934 2853 1003 2914 loco
1026 2852 1134 2914 haberi
1157 2846 1274 2934 possin
1304 2843 1345 2904 uti

311 2967 344 3014 et
368 2955 621 3016 tornationes.
646 2967 876 3014 monumentum
899 2953 1056 3032 Scipionis
1074 2954 1241 3034 producit,
1265 2943 1344 3029 quod

311 3055 395 3116 haud
419 3057 532 3137 procus
552 3077 568 3116 a
592 3055 783 3139 Carthagine
801 3074 886 3116 nova
909 3056 1003 3136 ponit
1021 3055 1179 3117 invinius
1196 3057 1230 3114 in
1251 3047 1343 3111 tabula

311 3156 407 3218 Orbis
428 3157 577 3218 sionrani.
631 3159 672 3218 At
689 3159 750 3218 hoc
764 3157 962 3237 aliquantum
984 3155 1022 3215 ab
1039 3155 1101 3218 hoc
1121 3155 1228 3218 nostro
1251 3161 1342 3213 tractu

309 3257 412 3318 dissat.
466 3257 534 3318 Nec
563 3277 660 3341 rogne
684 3259 738 3328 isle
761 3257 824 3318 huc
844 3256 953 3318 reserri
973 3257 1090 3338 potest,
1128 3271 1198 3317 tum
1221 3264 1343 3338 propter

309 3358 404 3441 ipsine
419 3360 560 3419 norninis
577 3358 698 3420 causam
716 3373 748 3420 et
768 3359 871 3420 Melae
893 3356 1147 3438 descriptionem,
1176 3373 1245 3418 tuni
1260 3347 1340 3434 quod

309 3479 423 3522 necent
451 3457 567 3540 spectat
594 3459 655 3524 Cn.
680 3461 839 3542 Scipionis
867 3481 883 3521 a
907 3460 1025 3520 Poenis
1046 3461 1079 3520 in
1103 3461 1181 3520 turri
1211 3455 1335 3538 quatiam

310 3581 384 3622 cum
405 3559 465 3621 suis
486 3563 631 3632 cremati,
664 3583 758 3641 quam
780 3581 857 3623 vero
882 3563 963 3620 inter
981 3559 1132 3622 Vrionem
1156 3576 1189 3622 et
1210 3554 1337 3632 Castulo·

309 3679 385 3724 neni
401 3661 530 3730 sietiffe,
564 3661 626 3744 ipsa
644 3665 779 3724 narratio
804 3663 937 3744 Appiani
960 3663 999 3722 de
1017 3664 1111 3723 rebus
1130 3661 1218 3744 Hisp.
1242 3679 1265 3720 c.
1287 3651 1333 3717 15·

310 3763 414 3825 docet.
466 3763 571 3824 Restat
592 3765 689 3845 igitur
713 3783 833 3826 nornen
853 3765 1034 3842 Caepionis,
1067 3765 1156 3824 cuiue
1180 3760 1334 3824 victoriam

312 3865 352 3926 de
377 3864 531 3925 Lusitanis
560 3867 673 3948 adtigit
697 3867 869 3946 Eutropius
898 3866 952 3926 lib.
978 3875 1013 3944 4.
1036 3880 1115 3928 extr.
1144 3862 1331 3943 rrirnnphum

283 3947 399 4028 'rant
453 3967 491 4027 ln
519 3966 580 4028 sroc
612 3969 709 4051 igitur
736 3965 825 4028 sicile
852 3966 980 4046 obsequi
1006 3961 1112 4028 Voffio
1136 3967 1242 4037 sicuit;
1273 3975 1331 4022 non

307 4069 386 4133 item
409 4069 443 4127 in
465 4068 573 4129 altero.
628 4071 712 4130 Cum
733 4071 819 4130 enirn
844 4080 1094 4138 nnurrnnentunr,
1128 4069 1330 4148 quatecunque

307 4166 419 4240 suerit,
455 4185 540 4232 certe
573 4171 675 4233 veluti
706 4169 835 4237 Pharue
862 4169 1036 4234 secundum
1068 4169 1268 4236 Strabonem·
1302 4168 1330 4218 ⁶¹
