2826 4936
365 477 453 534 tiu.
484 475 537 529 lli.
587 473 621 532 c.
642 473 679 532 V.
723 474 748 543 i.
773 489 802 544 7.
1049 485 1108 545 ²57

69 663 194 734 praeter
211 644 362 720 volitum,
385 649 437 709 cui
457 648 574 728 placuit
592 648 684 709 clare:
717 647 843 732 aliaque
858 647 941 717 dira,
964 659 1051 708 etex
1068 663 1108 708 eo

72 754 150 814 edd.
177 761 236 834 4⁰·
264 761 322 828 ίμ.
350 761 410 832 42.
450 767 650 812 uzecuvcrrr..
721 749 850 812 Habent
878 747 953 810 libri
984 760 1109 812 veteres

72 855 217 940 aliaqrre,
245 871 312 913 nou
335 851 402 912 alia
421 871 554 934 quoque.
606 851 783 934 Vtrumque
809 851 948 934 probum
973 863 1006 910 et
1026 849 1111 910 Lati·

71 975 165 1018 num.
216 955 270 1018 Sic
291 951 444 1036 hodieque
464 971 523 1034 pro
547 951 639 1016 hodie
659 953 774 1026 etiam;
803 953 842 1016 sic
863 954 1033 1014 innumera
1052 951 1111 1012 ulia

73 1057 159 1138 apud
181 1057 311 1116 Livium
328 1055 467 1135 eliaeque
484 1054 633 1139 Augustei
651 1055 721 1115 aevi
744 1053 917 1135 scriptores.
968 1053 1049 1114 Vide
1070 1053 1111 1114 de

74 1159 139 1219 hoc
157 1157 311 1238 loquendi
327 1175 443 1240 genere
457 1153 641 1236 responsum
658 1157 796 1237 parentis
811 1156 849 1216 ad
866 1155 1112 1216 animadversio·

74 1280 133 1321 nee
148 1258 300 1340 scioppii.
336 1277 477 1319 voearve.
531 1257 656 1338 Nempe
674 1271 843 1341 negaverat
860 1258 1036 1338 Scioppius,
1059 1275 1112 1316 au·

74 1380 129 1422 rea
152 1373 251 1421 aetate
276 1378 469 1440 quemquam
494 1357 601 1420 dixiile
624 1357 790 1442 hodieque,
824 1379 919 1440 quem
941 1360 1036 1418 etiam
1059 1357 1112 1418 aiii

76 1461 186 1523 erralie
208 1461 398 1523 docuerunt.
449 1460 643 1542 Simpliciter
663 1473 769 1524 temen
788 1461 827 1522 irc
847 1461 880 1520 iu
897 1460 964 1520 aliie
979 1479 1039 1543 que
1052 1477 1111 1540 pro

75 1565 170 1624 etiam
196 1563 294 1646 poni,
327 1561 527 1646 gravioribus
551 1573 584 1622 et
611 1561 797 1624 certioribus
820 1561 974 1644 exemplie
997 1559 1113 1621 arliirui

76 1667 184 1726 debet.
235 1665 342 1724 immo
366 1683 406 1724 ex
427 1663 620 1744 compendio
643 1661 814 1732 scribendi,
848 1663 933 1744 quod
950 1673 983 1723 et
1006 1661 1056 1722 hic
1079 1661 1113 1722 iu

77 1765 255 1828 Cibinieuli
275 1763 455 1824 adhibitum
472 1778 555 1832 erut.
582 1761 680 1825 iacilie
700 1783 765 1826 uon
783 1763 902 1834 iulum,
937 1761 986 1824 ieri
1002 1777 1035 1824 et
1054 1759 1114 1824 ire·

76 1885 179 1948 queue
195 1862 256 1924 fuit
272 1865 437 1948 utriusque
456 1865 587 1926 voculae
604 1867 825 1934 commutatio.
848 1867 888 1926 de
909 1884 973 1946 quo
992 1864 1114 1946 prolixa

79 1968 122 2030 est
138 1965 394 2028 Drakenborchii
415 1965 589 2048 disputatio
609 1969 646 2026 ad
666 1967 797 2028 Livium
814 1979 846 2044 5,
869 1981 925 2042 27.
943 1967 989 2028 iu.
1029 1963 1114 2027 Cum

77 2071 179 2154 igitur
197 2067 312 2150 reliqui
332 2067 457 2130 cudicer
478 2069 563 2148 iique
579 2069 718 2130 melioris
738 2082 833 2132 uotae
857 2066 917 2152 (ex
936 2064 1114 2128 Zaluicieuo
1213 2115 1216 2124 r

81 2168 196 2231 diierte
222 2172 318 2231 etiam
344 2169 398 2230 hic
426 2183 577 2230 notatum
601 2167 687 2252 erat)
718 2167 859 2232 adierant
881 2189 1018 2254 quoque,
1048 2187 1115 2229 uou

79 2291 163 2354 opus
190 2269 246 2340 eil,
283 2269 322 2331 ad
349 2268 554 2332 insolentium
582 2290 751 2334 recurrere.
823 2271 937 2332 Vtrum
968 2289 1045 2332 vero
1072 2269 1116 2330 ita

81 2375 215 2459 legatur,
238 2369 399 2434 offendere
419 2367 525 2454 poffir.
567 2371 714 2434 Occurrit
730 2373 860 2454 quidem
876 2371 958 2454 apud
974 2371 1116 2432 uoilrum

79 2495 149 2535 uon
173 2471 291 2544 iulum,
328 2471 379 2534 ieri
401 2485 435 2535 et
457 2473 535 2534 alios
559 2473 637 2536 haec
661 2473 770 2535 Graeci
794 2473 933 2556 exempli
955 2471 1115 2540 structura,

81 2573 133 2638 ieci
157 2593 324 2656 uunquam,
358 2575 415 2636 nist
441 2577 596 2636 memoria
627 2573 716 2647 fallit.
749 2575 874 2636 additur
897 2593 1028 2656 quoque,
1064 2569 1117 2632 ied

82 2673 224 2760 quidem,
249 2675 303 2736 vel
326 2675 507 2758 simpliciter
528 2675 596 2736 alia
615 2679 757 2759 punitur.
791 2677 844 2738 Sic
866 2673 969 2736 noller
985 2687 1018 2752 3,
1034 2689 1067 2750 7,
1081 2673 1116 2736 6.

81 2779 151 2839 alia
174 2775 298 2860 quidem
319 2773 460 2866 flumina
485 2775 648 2850 admittit,
678 2769 740 2868 sed
764 2771 932 2866 eiariffima
966 2807 1014 2821 —
1066 2775 1118 2835 Sia

84 2881 184 2942 Ouid.
205 2877 317 2942 Failor.
334 2890 369 2958 4,
386 2881 470 2958 689.
499 2889 531 2955 5,
554 2896 613 2958 99.
665 2881 769 2964 Auget
785 2877 960 2938 ruoleillam
983 2873 1119 2935 subiecta

81 2980 234 3064 particula
251 2991 292 3048 et.
316 2999 395 3062 quae
416 2981 502 3042 idem
520 2979 681 3064 fignificat.
734 2981 828 3041 Forte
844 2979 921 3038 olim
939 2991 971 3038 et
988 2977 1039 3037 hic
1059 2971 1120 3034 fuit

80 3081 224 3166 quidem,
256 3083 343 3160 quod
371 3080 440 3168 poli
468 3084 590 3143 transiit
612 3083 644 3140 iu
665 3101 796 3164 quoque.
847 3077 922 3141 Poll
946 3077 1119 3161 Rehdiger.

83 3197 201 3265 tygres,
224 3195 262 3242 ut
281 3179 375 3254 iulet;
402 3183 514 3245 Venet.
531 3181 685 3265 undique3
711 3179 851 3243 Vindob.
868 3178 975 3241 omisit
989 3169 1118 3268 ferunt·

84 3286 239 3352 Ceterum
256 3285 290 3348 iu
305 3287 414 3374 Viueti
429 3285 573 3348 editione
593 3284 669 3350 hinc
686 3297 870 3348 numeratur
892 3301 958 3367 cap.
979 3295 1038 3347 αα.

162 3485 405 3569 Hyrcania)
456 3487 593 3552 Codices
615 3487 681 3549 mel
704 3507 818 3550 omues
842 3483 1043 3566 Hyrcaniae,
1069 3481 1121 3545 vel

85 3589 278 3660 Ηίνοαηίαι,
306 3593 339 3652 iu
359 3609 420 3676 qua
436 3591 661 3652 terminatione
677 3589 878 3651 consentiunt
897 3587 992 3646 etiam
1008 3583 1123 3644 editio·
1174 3623 1176 3626 -

86 3711 145 3756 uer
169 3691 208 3752 ad
224 3688 384 3762 Voffiuru,
417 3694 473 3773 qui
493 3689 633 3775 reposuit
653 3689 839 3773 Hyrcania,
865 3687 951 3748 uncle
968 3685 1006 3746 ari
1024 3684 1124 3768 poile-

86 3795 188 3856 riuree
210 3807 416 3878 propagatum
439 3793 491 3858 est.
534 3793 627 3856 Solu·
646 3793 688 3852 ita
705 3788 881 3854 exhibuiii'e
898 3787 1025 3848 viderur
1039 3785 1124 3848 Pari·

89 3895 194 3958 uentu
217 3917 245 3958 1.
298 3897 336 3957 lu
357 3891 520 3965 Vall'uule.
546 3895 618 3978 qula
638 3891 702 3978 ipio
719 3892 800 3954 nihil
819 3890 893 3952 iuria
915 3901 1023 3950 eontra
1039 3889 1124 3970 prio·

89 4015 160 4060 rem
177 3997 349 4061 lectionem
369 3993 501 4084 profert,
524 3995 707 4084 Hyrcaniae
723 3995 785 4054 fine
801 3991 902 4053 dubio
916 3991 1011 4051 etiam
1029 3988 1121 4052 stetit.

87 4099 177 4164 Tum
195 4098 263 4182 poll
276 4088 395 4190 ferrent
416 4111 539 4165 veterat
554 4097 712 4162 editiones
727 4095 894 4177 pleraeque
914 4089 1124 4152 distinctioni·

86 4205 244 4268 maximae
268 4201 393 4290 figuura
415 4215 560 4290 ponuat,
599 4199 640 4266 iic
662 4209 698 4264 ut
720 4198 798 4264 trec
821 4215 838 4260 a
863 4189 1125 4282 praecedentium
