2814 4946
306 407 370 476 558
610 401 854 460 POMPONII
890 399 1050 458 MELAE

305 575 471 638 revocavit
492 564 650 666 Absyrtir‚
681 577 768 658 quod
789 575 929 638 reddidit
952 575 1096 658 Kappiue
1118 592 1191 636 cum
1215 574 1354 638 editore

307 675 578 761 Norimbergenli.
616 695 814 740 rzecrrvmrrr.
866 667 1066 767 Absyrtides,
1096 696 1163 738 non
1183 667 1356 766 Absyrtis,

306 777 383 839 licet
405 777 594 839 Hermolaus
615 779 776 860 antiquam
798 779 971 840 lectionem
997 779 1142 840 retineat.
1192 779 1260 840 Sed
1291 799 1358 838 nu·

306 899 396 942 mero
412 879 527 960 plurali
543 879 755 949 Ptolemaeue,
777 879 825 958 [in
840 898 906 960 quo
919 893 1044 942 tantum
1064 897 1095 949 a.
1117 893 1171 952 17.
1187 871 1359 966 Ἄψαρος

306 981 458 1061 occurrit]
485 979 608 1050 Strabo,
631 974 706 1067 [lib.
728 999 759 1044 o.
783 1001 814 1062 p.
830 1001 875 1043 m.
893 992 951 1058 85.
972 979 992 1044 l.
1014 994 1094 1060 123.
1121 979 1178 1042 lib.
1194 999 1228 1060 7.
1246 1002 1283 1063 p.
1304 1001 1356 1042 ru.

312 1095 394 1160 arg.
411 1079 432 1142 l.
446 1073 550 1167 315.]
577 1082 764 1162 Steplranue,
788 1081 837 1162 [h.
854 1085 903 1162 v.]
929 1083 1065 1153 Plinium
1089 1081 1138 1160 [5.
1156 1095 1215 1160 30.
1234 1079 1255 1142 l.
1271 1083 1356 1162 26.]

308 1202 432 1246 omuee.
476 1187 674 1246 riurrertva.
732 1183 784 1246 Sic
814 1177 1016 1271 ’Δψύρτιδας
1040 1197 1157 1246 vocant
1182 1184 1357 1261 Scymnue

307 1283 411 1346 Chim
432 1303 465 1346 v.
484 1297 566 1364 573.
602 1284 785 1366 Apollodor.
807 1303 835 1354 1,
862 1301 895 1363 9.
920 1296 977 1365 24.
1006 1302 1150 1366 proquo
1174 1284 1248 1346 libri
1271 1286 1356 1344 dant

307 1380 488 1470 Συρτὶὃας,
525 1385 572 1444 uti
597 1385 703 1448 Schol.
728 1385 930 1466 Lycophron.
956 1407 989 1448 r.
1018 1395 1099 1462 175.
1125 1385 1233 1467 primo
1262 1386 1354 1454 loco,
1398 1439 1399 1442 ,

306 1485 375 1568 post
393 1499 495 1556 recte,
528 1485 706 1546 Euilathiue
725 1489 762 1546 ad
789 1483 922 1566 Dionys.
944 1507 978 1548 v.
999 1496 1085 1566 488.
1136 1487 1172 1546 ln
1196 1485 1354 1570 fingulari

309 1601 416 1650 tamen
434 1586 484 1646 hic
500 1605 613 1648 omnee
628 1586 700 1646 libri
722 1583 941 1657 consentiunt,
974 1601 1006 1648 et
1024 1587 1152 1648 videtur
1168 1586 1256 1650 dlela
1286 1589 1353 1648 hoc

307 1705 443 1749 nurnero
459 1685 615 1756 umbella,
641 1701 677 1747 ut
693 1685 849 1768 dplorum
866 1702 898 1749 et
916 1687 1079 1768 Absyrtida
1094 1687 1239 1748 distincte
1263 1689 1354 1748 indi·

308 1803 391 1850 caret
405 1801 437 1849 et
452 1785 634 1856 secerneret.
656 1808 731 1868 quae
748 1787 861 1850 insulae
875 1789 927 1850 alii
943 1809 1009 1850 uuo
1026 1791 1157 1850 nomine
1179 1789 1353 1870 complexi

307 1887 389 1950 lunt.
425 1890 462 1948 ln
475 1888 603 1950 Lucano
620 1902 724 1950 tamen
744 1903 776 1966 3.
799 1907 878 1969 ²9⁰·
901 1889 957 1950 ubi
970 1890 1099 1952 Grotius
1113 1891 1208 1950 etiam
1227 1891 1352 1951 maluit
1398 1889 1399 1928 l

306 1979 468 2080 Absyrtu,
509 2009 548 2050 ex
571 1988 658 2052 libris
690 1980 841 2079 Absyrtos
873 2010 1007 2053 numero
1040 1990 1184 2074 [iugulari
1210 1991 1349 2074 legitur,

306 2091 392 2170 quod
416 2109 551 2158 nornen,
586 2091 640 2150 etsr
666 2091 775 2152 Vibiue
795 2093 835 2153 de
856 2092 1043 2156 fluminibus
1065 2092 1098 2153 h.
1116 2111 1148 2154 v.
1182 2105 1282 2154 etex
1308 2111 1349 2154 eo

306 2191 473 2252 Boccatiue
496 2193 534 2252 ad
554 2189 673 2252 flumen
696 2189 846 2262 referunt,
873 2193 1075 2256 Schrevelius
1095 2205 1200 2253 tamen
1223 2205 1257 2253 et
1279 2193 1349 2254 Ou-

306 2291 510 2371 dendorpius‚
536 2293 593 2372 qui
612 2290 730 2352 consuli
752 2293 863 2376 potest,
888 2296 928 2356 de
944 2293 1002 2356 hac
1019 2293 1115 2354 insula
1133 2295 1350 2374 interpretan-

306 2405 368 2452 tur.
408 2393 455 2452 lta
476 2410 552 2452 vero
571 2395 666 2454 etiam
683 2396 902 2458 Artemidorus
925 2393 1059 2456 insulam
1080 2392 1254 2473 Absyrtum
1277 2415 1349 2456 me·

306 2505 483 2554 morarerat
510 2493 585 2555 teste
615 2495 778 2574 Stephano
803 2496 835 2556 h.
862 2517 894 2557 v.
929 2515 969 2557 ex
999 2515 1063 2577 quo
1088 2495 1180 2556 simul
1210 2496 1347 2576 adparet

306 2593 363 2655 iub
384 2615 417 2656 v.
436 2587 589 2664 Φλᾶνων,
620 2597 653 2654 iu
676 2595 738 2656 hoc
758 2608 858 2656 tractu
880 2597 969 2656 fitam
990 2594 1088 2657 fuiffe.
1124 2593 1174 2658 cf.
1193 2596 1344 2658 Holsten.

305 2715 338 2777 p.
356 2697 440 2774 346.
490 2696 684 2778 scripturam
708 2717 763 2777 per
780 2695 798 2756 b
816 2699 949 2766 retinui,
977 2699 1050 2778 quia
1074 2699 1108 2758 irr
1127 2698 1261 2758 nomine
1282 2695 1348 2758 Ab·

298 2787 425 2888 syrtur.
451 2815 551 2876 aquo
567 2797 649 2858 dicta
670 2797 713 2860 eil
734 2795 810 2860 haec
827 2796 942 2870 insula,
969 2798 1156 2860 Latinorum
1175 2798 1250 2858 libri
1272 2799 1347 2858 ubi·

306 2917 368 2980 que
391 2895 603 2962 consentiunt.

381 3089 502 3189 Issa)
552 3099 682 3161 Nullam
699 3071 751 3161 h¹ic
769 3097 986 3164 difficultatem
1004 3100 1161 3162 obiiciunt
1178 3099 1264 3162 libri.
1303 3100 1345 3161 ln

307 3197 414 3262 Cibin.
438 3199 480 3260 est
499 3191 585 3288 yffa3
622 3199 673 3261 led
697 3198 936 3282 expeditarum
959 3204 1077 3264 omnia.
1130 3204 1171 3262 At
1198 3202 1346 3283 graviter

305 3301 404 3360 iidem
426 3315 589 3360 morantur
613 3303 646 3360 in
671 3303 817 3382 proximo
841 3305 985 3366 nomine.
1037 3303 1162 3384 Nempe
1186 3321 1245 3383 pro
1270 3303 1346 3362 vul·

305 3414 379 3484 gato
395 3400 492 3460 hodie
507 3403 613 3482 Pityt'a
629 3403 726 3463 Vatia.
750 3400 843 3464 Paris.
865 3423 893 3462 r.
913 3421 945 3467 2.
968 3403 1106 3466 Vindob.
1126 3403 1217 3486 Prag.
1236 3405 1345 3465 codex

305 3499 457 3581 Stephani
480 3499 527 3583 (v.
544 3503 614 3562 eius
630 3500 796 3586 praefatio)
813 3518 846 3563 et
860 3504 985 3566 Schotri
1002 3503 1180 3586 praeferunt
1199 3504 1227 3578 Τ
1225 3507 1343 3575 iteum

305 3601 414 3664 Cibin.
434 3601 606 3686 Rebdiger.
627 3603 775 3666 Ciaceon.
805 3603 945 3684 Tytarro;
981 3604 1063 3686 Lips.
1087 3604 1172 3666 Gud.
1197 3603 1344 3676 Citarra3

305 3703 418 3764 Vener.
444 3702 570 3784 Τγαηας
604 3699 728 3766 Vollme
743 3725 782 3766 ex
799 3703 860 3765 lule
880 3707 1012 3786 protulit
1039 3705 1174 3776 Titana.
1204 3705 1340 3776 Gitana.

309 3803 437 3866 Titano.
472 3805 554 3868 Edd.
570 3824 600 3868 1.
618 3819 650 3866 2.
668 3820 701 3883 5.
715 3813 802 3883 (cum
820 3807 939 3882 Havn.)
954 3819 989 3885 4.
1010 3819 1043 3884 5.
1063 3824 1096 3886 9.
1121 3827 1175 3868 11.
1198 3806 1341 3880 Tt'carro;

306 3905 340 3968 6.
363 3920 395 3980 7.
417 3915 450 3981 8.
479 3924 534 3968 ro.
556 3925 611 3968 aa.
634 3919 687 3986 15.
710 3919 764 3986 14.
786 3920 817 3968 et
840 3907 978 3988 reliquae
1001 3909 1040 3968 ad
1058 3901 1201 3967 Voffium
1224 3907 1341 3968 Truco·

304 4027 373 4076 nes,
407 4019 529 4067 tautum
554 4007 689 4070 Vinetue
715 4009 853 4080 Τιέαηας
893 4003 1015 4070 Voffiue
1042 4028 1115 4070 cum
1136 4006 1341 4088 sequentibus

304 4109 424 4192 Pityia.
460 4125 661 4170 rzscuvcrtrt.
715 4107 793 4172 Non
820 4109 957 4183 Ticaua,
983 4108 1036 4174 led
1062 4110 1225 4174 Trucoues.
1258 4127 1344 4172 aaa·
