2880 4940
383 445 473 504 ortt.
501 447 553 502 tn.
595 443 629 502 c
649 448 727 510 vm.
769 445 795 520 t.
819 461 847 518 7.
1072 457 1134 524 ²85

93 621 228 684 alterum
250 619 425 682 Ptolemaei
447 621 645 703 Drepanum.
695 621 784 682 Tum
805 640 884 684 vero
907 621 1135 708 Aliongrbarue

54 719 62 734 '
96 723 224 806 lolephi
240 725 292 784 rel
311 723 464 784 Berenice
480 724 561 785 male
578 721 617 784 stc
637 736 793 806 ponatur,
819 725 876 784 nili
897 725 988 806 plane
1006 727 1133 788 erravit.

95 825 227 886 Pleuron
262 825 522 906 promontorium
553 822 662 886 verine
693 825 877 906 Drepanum
911 829 948 886 ad
984 826 1134 887 sinistram
1191 893 1197 900 .

95 939 233 1008 partem,
267 927 305 986 ed
328 945 421 1008 quam
440 923 655 1010 progress'rone
678 927 862 996 contendit,
890 924 1053 1008 spectabat,
1081 927 1135 988 vel

94 1047 166 1090 earn
189 1028 329 1108 incipere
353 1027 455 1108 potell
477 1029 510 1088 in
534 1028 592 1089 hac
618 1029 795 1090 notatione.
855 1029 960 1090 Situm
983 1021 1075 1089 enini
1093 1027 1136 1090 etl

94 1125 203 1191 verius
231 1128 378 1190 Arabiam
408 1128 589 1198 Petraeam,
626 1131 666 1190 de
689 1149 752 1210 quo
774 1122 939 1191 Salmasius
970 1131 1007 1190 ad
1034 1131 1135 1193 Solio.

95 1249 163 1312 cap.
182 1231 240 1308 36.
260 1228 280 1292 l.
298 1243 354 1309 33.
376 1251 407 1312 p.
424 1251 467 1292 m.
488 1231 571 1310 346.
597 1229 650 1292 etsr
669 1227 739 1290 falla
757 1251 831 1292 euru
849 1231 888 1292 de
906 1233 1068 1292 lllaranitie
1083 1233 1135 1292 ad·

95 1329 226 1394 milcere
258 1331 370 1392 docuit
402 1331 622 1416 Wellelingiue
649 1333 687 1392 ad
719 1333 852 1394 Diodor.
877 1345 908 1410 3,
932 1343 993 1414 43.
1045 1333 1136 1394 idem

94 1435 358 1516 promontorium
387 1433 455 1494 aliie
479 1435 596 1494 dicitur
618 1433 807 1502 Posideum,
850 1437 969 1517 quippe
991 1435 1075 1514 qnod
1101 1436 1136 1494 in

94 1535 235 1596 termino
258 1533 279 1597 l.
302 1533 419 1595 recellu
443 1533 526 1596 imur
545 1533 668 1596 Arabici
692 1535 796 1616 paullo
821 1532 906 1616 lupra
924 1537 1136 1597 Aelaniticum

96 1635 201 1696 srnum
225 1649 363 1718 ponunt.
399 1638 444 1696 lta
464 1637 683 1697 Artemidorus
698 1637 780 1716 opud
797 1639 986 1698 Strabonem
1002 1637 1057 1699 lib.
1079 1637 1133 1700 16.

90 1757 126 1819 p.
148 1750 233 1815 5314.
250 1735 270 1798 s.
292 1737 375 1812 776.
417 1738 550 1799 Diodor.
573 1751 604 1816 5,
623 1749 682 1816 42.
701 1739 745 1802 in.
786 1736 836 1800 Cf.
860 1741 954 1799 etiarn
971 1739 1136 1801 Salmasuta

91 1857 121 1900 c.
146 1838 168 1901 l.
209 1838 488 1920 Heroopoliticum
510 1851 603 1900 vocat
625 1837 726 1907 oleta,
751 1839 838 1919 quod
855 1841 888 1900 in
907 1841 1000 1900 initio
1018 1857 1137 1924 cogno·

91 1941 194 2001 minis
214 1939 295 2000 lintre
317 1939 518 2008 excurrebat,
555 1941 603 2000 uti
625 1943 839 2000 recentiorum
862 1941 984 2001 tabulae
1008 1943 1136 2012 docent,

91 2043 128 2102 in
151 2040 268 2122 quibnu
284 2041 398 2101 dicitur
420 2042 680 2122 promontorium
697 2041 884 2103 rttatomed.
938 2043 1017 2102 lnde
1040 2043 1137 2126 igitur

93 2161 170 2204 cum
195 2143 414 2226 progrediatur
435 2143 537 2213 lllela,
571 2163 665 2223 quare
683 2157 715 2202 et
738 2145 834 2224 priori
856 2145 925 2204 luco
950 2141 1070 2225 poluit,
1104 2157 1138 2204 et

91 2245 128 2305 in
151 2243 290 2306 Strobilo
314 2243 348 2303 in
378 2243 471 2304 altera
504 2259 591 2326 parte
619 2243 779 2314 conlistat,
814 2245 870 2304 ubi
896 2245 1073 2306 Ptolemaei
1095 2245 1138 2306 eil

92 2345 305 2422 Drepanum,
347 2347 428 2405 intra
450 2345 528 2405 illud
560 2345 691 2428 spatium
715 2347 891 2426 quaerenda
913 2345 956 2408 est
976 2346 1137 2416 Berenice,

92 2447 153 2508 ubi
170 2459 276 2508 tamen
295 2446 503 2508 nemoralem
518 2447 630 2509 urbem
649 2447 797 2508 oilendit.
837 2446 919 2509 Nem
937 2444 1018 2532 μυός
1041 2441 1138 2534 ὅρμος

93 2547 168 2610 latio
185 2547 329 2618 declarat,
353 2567 417 2628 quo
434 2567 532 2628 neque
552 2549 833 2632 progrediendum,
856 2563 889 2608 et
906 2548 963 2607 ubi
980 2547 1138 2608 lubsrlten·

94 2649 176 2711 dum
196 2649 243 2711 lit.
297 2649 400 2732 lllagis
428 2651 601 2711 conveniat
625 2651 685 2710 hoc
710 2649 769 2708 snu
795 2649 940 2719 Arlinoe,
974 2669 1067 2729 quam
1092 2647 1137 2708 ibi

94 2765 225 2833 ponunt
256 2750 502 2833 Agatharchidee
530 2753 569 2812 de
598 2753 675 2811 mari
698 2750 809 2811 liubro
840 2769 906 2832 cap.
933 2761 993 2831 Ao.
1021 2771 1053 2830 p.
1078 2759 1137 2828 54.

95 2849 199 2914 Huds.
244 2851 446 2912 Ptolemaeus
470 2865 504 2932 sp,
530 2865 562 2928 5.
587 2887 635 2898 -
675 2851 865 2913 lleinoldiue
890 2853 922 2910 in
945 2851 1073 2918 tubulis,
1102 2863 1138 2910 ut

94 2953 204 3014 Melae
223 2954 317 3013 srdetn
336 2955 532 3034 aliquatenus
557 2969 689 3022 tueatur,
716 2953 893 3014 Strobilum
914 2955 1078 3034 praeponit
1099 2953 1138 3012 ad

97 3057 278 3122 orientem,
311 3055 350 3116 ad
383 3052 523 3116 occasum
560 3055 690 3116 exhibet
716 3055 1014 3135 Heroopoliticum,
1055 3055 1139 3114 iuter
1176 3113 1181 3126 ,

93 3169 270 3236 utrumque
292 3155 482 3224 Berenicen,
517 3155 572 3214 ubi
594 3153 719 3236 losephi
741 3155 783 3216 eil
802 3154 1037 3239 Aliongabarus.
1092 3156 1140 3216 lta

93 3258 228 3338 quidem
249 3271 332 3318 recte
348 3259 386 3318 ad
405 3257 506 3318 Melae
523 3269 681 3328 mentem,
708 3258 745 3317 ad
768 3255 863 3338 ipsam
881 3277 948 3316 rem
971 3277 1037 3318 non
1054 3277 1140 3316 accu-

94 3373 174 3426 rate,
198 3377 278 3438 quae
298 3359 388 3439 culpa
411 3361 538 3419 videtur
555 3357 614 3419 elle
632 3359 780 3420 auctorit.
831 3357 983 3420 Berenice
1004 3361 1139 3418 enimin

97 3461 249 3522 codicum
275 3457 406 3521 conniin
428 3461 549 3520 dimitti
571 3459 693 3540 nequit.
745 3459 891 3530 Accedit,
925 3461 1008 3541 qnod
1033 3461 1138 3540 paullo

97 3560 170 3646 post
192 3561 290 3620 aliam
313 3561 482 3620 Berenicen
503 3557 616 3621 diserte
639 3575 815 3634 memorat;
849 3573 882 3622 et
907 3561 945 3620 fic
965 3561 1087 3620 Plinius
1106 3561 1138 3630 6,

100 3661 403 3743 53.et5rp.l.29.
437 3675 500 3722 tres
524 3659 667 3722 describit
689 3663 872 3730 Berenices,
912 3663 966 3724 etsr
991 3659 1056 3744 ipio
1083 3661 1142 3722 suu
1251 3727 1259 3752 ἱ

96 3765 187 3826 nulla
204 3783 312 3824 earum
327 3762 379 3824 hic
392 3763 499 3824 locum
513 3763 618 3826 habet.
650 3763 916 3824 Berenice'autem
933 3778 1017 3824 recte
1034 3783 1141 3824 emen·

98 3865 191 3926 davit
213 3865 396 3936 Pintianur,
429 3877 461 3925 et
483 3865 653 3925 ediderunt
674 3865 875 3926 recentioreu.
931 3865 1050 3925 Eadem
1075 3862 1142 3924 lcri·

95 3979 193 4050 ptura
216 3979 321 4028 tamen
344 3985 442 4047 pero
466 3964 587 4028 obltdct
607 3969 703 4028 etiam
732 3965 829 4027 libror
851 3965 962 4026 lullini
985 3967 1039 4037 26,
1066 3979 1097 4044 5.
1117 3963 1139 4027 f.

95 4081 135 4130 et
156 4067 249 4138 alibi,
284 4069 389 4148 itaque
412 4067 503 4129 effert
525 4067 632 4130 Schol.
657 4069 815 4129 iuvenalia
835 4069 873 4128 ad
896 4069 929 4138 6,
956 4079 1034 4144 t57.
1089 4063 1139 4130 Cf.

95 4167 228 4236 Salmas.
251 4169 413 4234 rosolio.
439 4167 520 4248 ΒΛ.
550 4177 604 4254 ¹4·
633 4189 666 4253 p.
692 4190 737 4234 m.
767 4181 848 4249 tog.
897 4169 979 4232 Sunt
1001 4167 1142 4252 quidem,
