2788 4942
376 467 465 526 tm.
495 469 546 522 nr.
591 467 624 524 c.
653 469 676 524 r.
720 467 799 538 tn.
1070 479 1111 547 ²9

73 639 177 704 Groui
190 641 256 704 five
274 639 395 710 Gronii.
423 653 459 700 nt
475 641 624 712 diximus.
652 641 793 722 itemque
805 641 903 704 Silina
927 631 983 725 [r.
1002 633 1108 728 235.]

68 743 263 824 quibusdam
285 743 535 823 exemplatim„
562 741 614 804 ted
635 741 833 824 frequentius
857 757 963 804 tamen
989 742 1109 812 Grovii.

69 865 86 905 a
107 845 202 906 Grais
225 847 319 906 dicti:
357 842 480 938 pasqua
494 837 595 936 snper
612 845 748 906 Granios
767 845 902 904 lucentes
923 843 1025 904 voluit
1043 865 1110 904 are·

67 967 130 1007 nas
158 937 318 1034 Infernae
348 945 474 1025 popnlis
507 937 645 1034 referens
677 944 795 1007 oblivia
827 945 953 1008 Lethes.
1006 946 1109 1008 treme

66 1042 81 1134 [
91 1061 124 1124 5.
145 1043 253 1134 366.]
286 1047 335 1108 Et
349 1067 428 1130 qnos
445 1069 529 1108 nnnc
546 1047 684 1110 Granios
699 1047 821 1108 violato
838 1047 961 1106 nornine
978 1045 1109 1108 Graiam

68 1147 197 1208 Oeneae
223 1140 330 1238 misere
361 1147 473 1208 doeens
503 1149 676 1230 Aetolaque
706 1149 800 1230 Tyde.
853 1143 916 1210 Sed
943 1159 975 1208 et
1001 1146 1110 1210 Prote·

64 1269 179 1310 maeno
203 1245 258 1339 [2‚
283 1251 315 1312 6.
333 1243 402 1334 m.]
440 1249 557 1310 Genios
578 1249 662 1330 quast
689 1251 830 1311 Granios
852 1249 996 1330 appeilnt.
1029 1267 1111 1310 nnn·

65 1369 190 1412 native.
253 1352 441 1434 Legendum
478 1351 599 1414 Grovii.
645 1351 830 1413 Ptolemaeo
863 1351 1006 1438 I’paoiot.
1057 1353 1110 1414 Sin

63 1471 196 1534 qnoque
223 1453 359 1514 habebat
375 1467 468 1514 vetus
489 1454 583 1514 lectio
598 1453 714 1523 Plinii,
740 1453 826 1534 quod
852 1471 1016 1533 perperam
1040 1473 1110 1513 mu·

61 1567 187 1616 terunt.
240 1556 396 1615 liemanet
422 1554 482 1615 hoc
504 1573 626 1616 nornen
651 1555 746 1615 etiarn
773 1555 870 1614 hodie
893 1556 926 1614 in
952 1551 1049 1614 insula
1077 1567 1111 1618 et

61 1657 296 1739 promuntorio
314 1657 352 1715 ari
377 1655 490 1718 ostium
516 1657 604 1716 Ullae
625 1655 768 1716 fluminis
785 1655 861 1726 litot
896 1653 999 1716 Grave
1019 1657 1110 1716 enirn

62 1771 214 1818 vocatur.
251 1755 450 1818 Confirmant
474 1756 553 1817 hanc
576 1757 747 1818 lectionem
765 1759 859 1818 etiarn
876 1756 1024 1817 meliores
1042 1757 1111 1818 Silii

63 1861 206 1924 codices,
231 1859 285 1938 qni
303 1856 420 1918 habent
439 1859 584 1928 Granios,
607 1877 675 1918 non
693 1859 841 1920 Gravior.
878 1847 1111 1950 pniqnesnper

67 1959 210 2020 Grovios
230 1973 291 2020 etc.
343 1959 405 2021 Sed
430 1973 462 2018 et
483 1959 575 2020 alibi:
608 1959 655 2020 Et
676 1979 757 2042 qreos
781 1979 863 2020 serene
887 1957 1023 2020 Gronios
1042 1961 1111 2019 oio·

63 2059 136 2120 lato
157 2073 220 2120 eto.
274 2061 388 2120 Errant
413 2079 557 2142 qnoque,
590 2063 645 2141 qui
674 2061 757 2142 apud
791 2059 970 2120 Martialem
996 2061 1111 2144 populi

62 2161 165 2221 huius
194 2165 397 2224 mentionem
423 2163 489 2223 fieri
519 2175 633 2244 putant
660 2163 714 2224 lib.
738 2171 773 2240 4.
803 2163 902 2244 epigr.
927 2173 987 2239 55.
1029 2161 1111 2222 Lnei

63 2263 173 2344 gloria
195 2275 368 2342 temporum
388 2261 562 2354 nrssronnn
583 2261 649 2356 Qui
666 2263 796 2324 Graium
812 2275 946 2324 veterem
974 2261 1112 2344 Togrnn·

64 2385 129 2446 qne
152 2361 293 2454 nostrum
317 2365 412 2442 Arpis
432 2363 534 2424 cedere
561 2385 624 2425 non
637 2361 723 2454 finis
743 2355 880 2454 disertis.
933 2363 1110 2426 Commen-

64 2467 136 2524 titia
152 2465 197 2526 est
212 2466 287 2526 haec
304 2465 408 2534 lectio,
435 2485 508 2525 cnm
525 2465 596 2526 libri
617 2487 714 2526 manu
731 2467 847 2527 exarati
863 2463 1015 2526 habeant:
1045 2464 1111 2558 Qui

68 2567 187 2628 Caium
211 2581 353 2628 veterem.
408 2567 503 2628 Caius
520 2587 614 2628 mons
632 2567 674 2628 est
697 2569 732 2638 is,
757 2589 795 2629 ex
813 2585 878 2648 qno
899 2567 1018 2628 Durine
1038 2585 1110 2648 pro·

66 2669 151 2730 fluit.
191 2670 291 2728 lulius
314 2669 430 2730 Orator
452 2661 504 2753 [p.
528 2670 612 2748 694.
634 2671 666 2728 in
692 2671 742 2730 eei.
766 2670 912 2730 Gronov.
932 2667 1035 2728 Melae
1057 2687 1108 2732 an.

71 2765 206 2856 1722.]
234 2769 364 2830 Flavius
379 2767 506 2830 Durins
525 2762 667 2859 irascitur
681 2771 713 2829 in
731 2769 928 2848 Carpetania
948 2769 1054 2828 exiens
1071 2767 1110 2828 de

66 2883 178 2932 monte
195 2869 276 2932 Caio
292 2872 385 2931 inacta
402 2872 612 2952 Pyrenaennt,·
637 2871 737 2930 currit
752 2891 809 2949 per
827 2889 957 2948 campos
972 2869 1111 2949 Spaniae

64 2969 233 3063 illrfirons
265 2973 468 3052 Pyrerraenm.
532 2969 660 3033 Deinde
692 2971 890 3050 disrumpens
919 2969 991 3030 loca
1025 2991 1111 3030 mon·

64 3065 181 3164 tuosa,
220 3071 365 3134 dividens
398 3072 567 3132 Gallinam
592 3095 614 3133 a
640 3068 829 3162 Lnfltonia,
866 3069 982 3132 elucens
1008 3091 1110 3153 aqnos

64 3177 188 3236 meritas
203 3171 298 3232 nalele
318 3173 437 3234 occidit
458 3177 489 3234 in
510 3193 626 3234 oceano
645 3173 844 3234 occidentali.
884 3171 992 3234 Currit
1012 3173 1110 3234 millia

65 3274 286 3338 CCCCXCV.
336 3275 421 3336 Male
438 3293 516 3337 vero
531 3287 676 3336 montem
696 3275 783 3336 hunc
805 3275 890 3336 iuxta
908 3273 1109 3354 Pyrenaeum

65 3379 220 3446 collocat,
257 3395 274 3434 a
299 3395 365 3456 quo
389 3375 472 3438 abest
493 3395 588 3457 qnam
611 3372 802 3460 longiffime.
856 3376 949 3456 Apud
976 3377 1108 3436 Livium

65 3499 157 3539 mons
184 3477 315 3539 Cannas
341 3491 474 3538 vocatur
494 3477 549 3538 lib.
568 3489 629 3556 40,
653 3473 733 3564 [5ο.
753 3469 806 3563 9.]
833 3496 907 3536 cum
932 3476 1031 3538 Caius
1055 3495 1109 3538 ve·

65 3601 137 3640 rum
155 3580 194 3640 stt
211 3597 342 3640 nomen.
369 3581 431 3640 Sed
447 3593 479 3641 et
497 3579 595 3640 altero
613 3581 685 3642 loco
702 3581 786 3662 apud
805 3579 983 3640 Martialem
1003 3579 1109 3640 monti

66 3681 143 3742 hnic
160 3699 280 3740 nomen
296 3679 494 3742 reddidimus
514 3681 570 3743 lib.
593 3699 622 3742 t.
642 3682 741 3764 epigr.
759 3693 818 3757 55.
851 3677 981 3742 Videbis
996 3679 1108 3750 altam,

65 3783 211 3850 Lieiane,
235 3777 374 3840 Bilbilim
394 3783 482 3864 eqnis
504 3793 535 3841 et
552 3783 649 3842 armis
669 3779 810 3858 nobilem,
826 3779 1027 3872 sterilemque
1047 3781 1109 3841 eol·

67 3905 140 3944 vum
163 3879 289 3943 nivibus
309 3877 453 3968 effractis
476 3873 608 3972 socrum
637 3883 670 3946 V
670 3883 734 3942 arla
759 3881 794 3944 V
793 3901 912 3942 eronem
937 3879 1104 3945 montibns.

67 3985 192 4048 Natant
207 3985 269 4044 viri
286 3985 372 4042 docti
390 3983 467 4044 lein
488 3981 606 4066 scriptis
622 3983 784 4046 codicibus
800 3981 960 4066 reperiffe:
987 3983 1107 4043 Senem-

69 4107 125 4168 qne
145 4089 274 4152 Catum.
302 4085 388 4164 quod
410 4089 507 4146 etiarn
528 4105 586 4148 nos
604 4087 636 4144 in
660 4085 771 4146 nostris
789 4087 1001 4165 repe-simun·
1029 4083 1107 4144 Noli

68 4189 229 4260 stabitne,
255 4186 335 4270 quin
359 4185 398 4248 lic
421 4185 573 4270 scripserit
592 4185 764 4250 Maenaliae
799 4185 967 4270 Senemque
991 4185 1107 4246 Gaiam
