2810 4944
305 453 369 538 '46ss
603 455 845 515 rouroun
892 459 1058 516 uenio

309 633 439 716 quidem
464 644 594 692 mortuo
618 633 644 694 l.
663 628 789 692 Caesare
812 627 928 690 sactum
948 631 1000 692 eil.
1053 629 1137 691 Nam
1160 649 1235 690 cnm
1255 629 1346 690 dicta·

310 749 361 796 tor
382 735 435 794 ille
458 731 548 802 ellet,
579 734 678 815 'l'iugi
701 751 735 792 ac
759 733 825 790 Zeli
852 732 1028 814 imperabat
1049 733 1180 816 Bogud,
1212 733 1266 791 cui
1289 731 1348 790 snc-

312 830 399 898 telsrt
421 855 447 894 a.
467 835 503 893 V.
524 835 607 908 716.
633 833 789 894 Bacchae.
842 833 965 892 lllorrui
987 853 1013 894 a.
1039 835 1075 894 V.
1103 849 1183 907 721.
1210 852 1345 914 regnum

311 935 469 1018 Augustae
499 936 622 996 nemini
649 935 795 1004 tradidit3
834 931 898 1014 ipse
925 932 1094 994 Zelirensee
1120 934 1181 994 lruc
1213 937 1346 1014 migrare

312 1034 425 1100 iusstll'e
449 1036 587 1096 videtur.
626 1033 677 1097 Cs.
698 1033 839 1096 Norisrue
855 1036 891 1094 ad
908 1035 1086 1116 Conotaph.
1108 1033 1209 1094 Pisan.
1229 1033 1296 1093 aliis.
1318 1052 1345 1092 a.

313 1159 340 1200 o.
366 1159 393 1200 ι.
413 1158 444 1219 p.
462 1148 508 1214 89
525 1135 589 1218 sqq.
615 1136 672 1196 ubi
688 1135 841 1216 copiosius
857 1155 892 1196 ea
908 1139 1050 1216 exponit.
1092 1137 1232 1194 Vnicum
1254 1135 1347 1215 igitur

312 1238 401 1300 restat
424 1238 628 1318 praesulium,
664 1255 728 1316 qno
749 1237 914 1318 praecipue
937 1239 1051 1296 nititur
1069 1233 1163 1297 Volsri
1186 1234 1344 1300 sententia,

314 1361 354 1403 ex
370 1339 560 1422 Geographu
575 1341 759 1400 llavennate
775 1339 922 1415 petitum.
960 1340 1001 1398 tr
1017 1341 1084 1398 eius
1099 1339 1268 1398 auctoritas
1284 1354 1345 1394 non

282 1477 294 1486 -
314 1441 384 1502 sarie
400 1441 503 1522 gravis
517 1441 568 1508 eil,
593 1439 649 1499 nbi
666 1441 858 1518 antiquiores
874 1441 906 1498 in
923 1438 980 1498 hac
994 1440 1132 1498 maxime
1148 1435 1236 1498 cansa
1253 1437 1345 1504 srleat,

314 1563 374 1604 nec
393 1545 514 1624 integer
536 1541 588 1602 ille
612 1561 650 1600 ox
673 1541 872 1598 librariorum
890 1539 1037 1600 manibue
1059 1537 1188 1601 emillae
1209 1539 1270 1607 est,
1302 1539 1346 1596 uti

315 1664 375 1704 nec
393 1643 442 1702 lric
458 1643 512 1702 sni
527 1641 644 1702 constat
660 1641 763 1706 lectio,
789 1659 848 1700 nec
864 1637 964 1722 ipsum
984 1641 1118 1702 verbnm
1134 1639 1344 1702 Transrlucrae

317 1763 510 1826 cognomen,
528 1740 577 1802 sed
595 1742 755 1824 singularia
769 1742 855 1801 urbia
872 1761 991 1802 nomen
1009 1741 1067 1802 else
1083 1743 1223 1802 videtur.
1251 1735 1344 1802 Vossri

220 1835 226 1844 ’
316 1858 423 1906 taurea
448 1841 632 1903 sementiam
650 1827 812 1922 amplexus
829 1841 871 1902 est
886 1843 1011 1910 iisdem,
1037 1843 1152 1922 quibus
1168 1845 1233 1920 ille,
1256 1839 1343 1901 consu

316 1959 424 2006 motus
448 1945 557 2005 Florez
572 1964 598 2005 c.
617 1943 636 2004 l.
660 1945 757 2004 Tam
781 1964 834 2004 ιο.
858 1963 889 2024 p.
913 1957 970 2018 52.
992 1943 1128 2005 obiectas
1149 1943 1343 2004 difficultates

316 2064 483 2108 removere
508 2059 639 2106 conatus
669 2045 802 2104 Vaillant
825 2063 850 2103 c.
870 2045 890 2106 l.
913 2045 949 2104 P.
973 2063 999 2106 ι.
1020 2065 1051 2126 p.
1070 2047 1129 2118 67.
1157 2043 1342 2107 dummodo,

316 2165 398 2226 quae
418 2146 549 2214 adtulit,
577 2145 652 2205 iusta
675 2147 861 2204 anctoritate
881 2147 1069 2206 niterentur.
1124 2149 1170 2205 lto
1189 2147 1274 2207 enim
1295 2143 1341 2200 ille

316 2245 400 2308 sere:
438 2245 524 2306 Iulio
547 2245 705 2304 Traducta
728 2265 793 2305 non
817 2265 833 2305 a
860 2247 1013 2307 llomanie
1033 2247 1176 2316 condita,
1211 2245 1259 2307 setl
1277 2241 1342 2302 urbi

317 2348 443 2408 cuidam
475 2346 536 2406 hoc
560 2364 680 2406 nomen
703 2345 889 2425 imposunm
912 2346 970 2416 eli,
1009 2347 1082 2408 teste
1112 2347 1217 2418 lllela,
1249 2360 1339 2423 aquo

317 2446 414 2530 prisce
431 2449 500 2508 eins
517 2446 702 2527 arlpellatio,
733 2446 935 2525 Tingentera,
962 2449 1138 2519 indicatum
1173 2449 1276 2528 plures
1295 2463 1341 2504 au·

316 2562 383 2608 tem
404 2550 436 2607 in
459 2546 606 2630 Hispania
628 2547 738 2614 nrlrea,
765 2546 866 2628 priseo
884 2551 1016 2609 nomine
1039 2549 1199 2630 deposito,
1227 2563 1338 2608 novum

316 2648 464 2732 accepilse
481 2669 518 2710 ex
535 2648 640 2710 Plinio
659 2647 822 2732 cognosci;
848 2649 928 2709 hanc
943 2649 1078 2710 nostram
1100 2653 1186 2732 prius
1206 2663 1340 2708 vocatam

321 2750 538 2818 Caetran'arn,
578 2749 695 2810 deinde
734 2749 984 2820 Transductarn,
1024 2765 1093 2810 tum
1132 2751 1339 2832 Tingenteranr

314 2865 439 2913 mutato
461 2850 593 2911 nomine
616 2863 646 2910 et
671 2850 788 2908 Iuliam
818 2851 1019 2910 Caetrariam
1045 2851 1087 2911 ob
1114 2854 1274 2912 caetrariat
1298 2863 1340 2906 to·

315 2954 443 3022 hortem
477 2953 599 3012 lulium
621 2949 784 3012 Caesarem
810 2951 966 3011 llaericam
989 2951 1086 3034 ipsam
1109 2955 1205 3014 novis
1226 2949 1339 3012 ritibus

315 3053 444 3120 auxilse,
471 3052 645 3134 Augustum
663 3051 765 3132 posteo
784 3053 895 3111 lulium
916 3053 1105 3113 Caetrariam
1128 3075 1229 3134 paene
1252 3049 1339 3111 desar-

314 3166 380 3213 tarn
409 3153 470 3212 sive
498 3154 666 3222 llomanis,
704 3152 765 3213 live
791 3153 939 3214 Zeliranie
961 3167 993 3214 et
1017 3155 1201 3236 Tingitanie
1224 3151 1338 3214 civibus

314 3251 533 3332 locupletalle;
565 3251 732 3314 obtinuisse
749 3253 824 3312 hinc
844 3273 963 3316 nomen
980 3255 1095 3314 Iuliam
1113 3269 1144 3314 et
1160 3257 1270 3316 Iozarn
1286 3267 1337 3332 pro

316 3355 489 3420 Caetraria,
517 3367 549 3414 et
567 3352 605 3413 stc
622 3353 738 3413 Iuliam
762 3355 871 3414 luzam
893 3356 912 3413 i.
934 3373 962 3416 e.
990 3355 1222 3415 transductam
1245 3349 1338 3432 adpel-

314 3454 409 3514 latam
433 3453 502 3514 else.
556 3455 645 3536 Quae
666 3475 758 3534 «pram
782 3455 843 3514 suit
870 3456 1026 3516 arbitraria
1048 3471 1081 3516 et
1102 3457 1245 3525 disiecta,
1274 3451 1338 3532 quit

314 3575 382 3616 non
408 3553 511 3616 sentit.
553 3555 577 3614 l.
603 3557 788 3616 Gronovius
816 3554 884 3617 snae
913 3560 1112 3618 coniecturae
1140 3577 1250 3637 pamm
1279 3547 1336 3632 ipse

313 3655 441 3724 tribuit,
475 3669 508 3714 et
539 3675 635 3734 quam
663 3658 696 3716 in
730 3657 816 3717 notis
844 3657 966 3720 lllSStie
991 3659 1082 3718 antea
1106 3660 1276 3740 protulerat
1300 3652 1335 3710 de

316 3756 409 3836 Tingi
428 3755 523 3823 Xera,
552 3776 586 3816 ea
605 3776 670 3816 non
690 3759 789 3838 magis
809 3759 902 3820 valet,
954 3757 1066 3820 luserit
1081 3762 1168 3819 enim
1189 3767 1335 3839 praeterea

311 3876 430 3918 novam
454 3857 567 3916 urbem
591 3869 623 3916 et
646 3858 787 3918 locorum
812 3861 958 3920 ordinem
980 3859 1133 3940 siturnqne
1158 3860 1274 3925 turbat3
1305 3849 1332 3916 st,

310 3961 396 4039 qnod
423 3979 535 4018 verum
560 3957 612 4024 est.
643 3972 733 4018 etex
757 3959 915 4020 hodierno
938 3965 1071 4021 nomine
1094 3959 1191 4021 Xeres
1212 3956 1332 4040 probase

308 4062 423 4121 nititur
447 4059 571 4118 Nouius
593 4061 625 4117 iu
651 4058 797 4139 Hispania
823 4081 849 4122 c.
879 4075 933 4139 13.
978 4061 1066 4122 Xera
1090 4063 1172 4122 dicta
1201 4061 1273 4120 olim
1296 4049 1333 4111 est

305 4159 401 4254 Assa,
436 4159 563 4243 longiae
590 4160 666 4220 lriac
695 4160 815 4234 dielita,
859 4161 899 4224 src
921 4175 957 4224 ut
984 4183 1064 4248 vage
1095 4164 1269 4246 Stephanus
1297 4151 1330 4212 td
