2814 4946
318 451 407 508 trs.
436 453 473 506 tt.
515 450 548 508 (λ
571 451 635 512 vu.
677 451 703 522 7.
725 461 755 523 a.
993 465 1056 531 507

17 645 74 686 oon
93 623 268 707 potuisset.
303 625 389 686 Turn
403 625 513 707 paullo
527 625 595 708 poll
610 625 721 708 Scyros
739 623 907 688 subiicitur.
941 625 1057 690 erius

14 729 104 810 igitur
128 729 221 788 dixit
253 747 354 809 prope
380 727 567 798 Thraciam,
603 747 663 790 nec
685 741 793 790 contra
815 729 940 790 codices
965 719 1065 809 quid?

15 850 99 908 qusm
116 831 296 890 immutari
313 828 419 891 debet.
458 827 509 892 Cf.
527 829 612 891 Plio.
629 839 664 906 4,
683 843 739 908 23.
757 827 777 892 s.
799 845 854 892 12.
897 826 1056 910 Scriptura

15 947 112 990 sutem
140 931 302 992 Sciathos
326 951 365 992 ox
392 929 512 994 Graeco
536 927 701 1004 Σκίαθος,
734 931 782 992 uti
806 933 868 992 ism
890 943 1057 992 monuerat

14 1031 201 1104 Pintianus,
229 1033 447 1095 confirmatur.

82 1235 232 1297 Halon
242 1257 259 1296 e
259 1225 291 1326 s
290 1234 359 1317 os)
408 1235 518 1300 Cibin.
539 1233 645 1296 Vatic·
669 1233 840 1320 llehdiger.
865 1226 1057 1324 stoloneffost

17 1335 93 1420 Lips.
119 1337 253 1400 Venet.
280 1329 489 1428 Hollonesos,·
519 1335 616 1400 Poris.
635 1351 669 1414 3.
695 1326 887 1426 Bolouesos,·
912 1337 964 1396 alii
985 1337 1056 1398 Ha·

18 1431 132 1528 lonesos
161 1459 246 1500 cum
275 1439 489 1508 editionibus,
524 1439 572 1498 uti
602 1437 739 1500 efferunt
766 1437 996 1500 Demosthenes
1022 1441 1055 1500 in

18 1544 155 1601 oratione
179 1553 283 1608 nota.
311 1540 365 1600 etsr
381 1542 421 1602 de
441 1541 502 1602 hoc
518 1553 644 1600 auctore
663 1539 787 1599 dubitat
808 1539 972 1610 Libanum,
999 1541 1056 1602 Ae·

17 1639 130 1704 lrlrines
155 1643 194 1702 in
215 1641 357 1724 Ctesrpb.
375 1663 407 1724 p.
425 1653 509 1718 475.
525 1641 638 1703 lleltlt.
665 1639 821 1702 Plutarch.
838 1643 871 1699 iu
889 1641 1055 1705 Demollh.

18 1762 40 1804 c.
58 1761 90 1822 9.
128 1743 327 1824 Stephanus
351 1757 383 1804 et
406 1743 635 1826 Harpocration
659 1742 693 1804 h.
720 1763 752 1802 v.
795 1741 918 1802 Plinius
937 1753 971 1820 4,
997 1757 1055 1821 23.

17 1841 112 1907 [12.
169 1844 348 1906 Pintisnus
376 1857 482 1906 tamen
511 1843 637 1904 «luobus
660 1863 680 1904 n
704 1841 792 1902 scribi
813 1843 957 1914 mavult;
988 1863 1056 1906 nou
1141 1891 1143 1896 ,

18 1957 128 2008 temere
151 1947 192 2006 in
216 1943 325 2006 nostru
344 1947 475 2026 quidem
497 1957 637 2007 auctore.
688 1943 812 2006 Diserte
834 1945 921 2006 enirn
943 1957 1057 2006 monet

18 2047 118 2108 Strabo
143 2049 211 2106 lib.
233 2059 288 2124 13.
308 2067 340 2128 p.
360 2067 405 2108 m.
422 2057 506 2128 425.
530 2043 552 2108 s.
574 2057 629 2124 ¹8·
656 2041 744 2108 κατὰ
766 2040 839 2120 ἔθος
862 2067 893 2107 rt
916 2049 1057 2128 gemina·

18 2159 73 2208 uro
103 2149 168 2210 effe
200 2147 291 2240 illum
323 2148 444 2210 literam
474 2143 636 2230 sdsertque
662 2147 823 2230 exempla.
857 2141 1056 2232 Modonnos,

19 2246 271 2335 lloorto'wsyoos,
296 2244 554 2332 Πελοπόννησος.
609 2247 677 2310 Nec
690 2249 778 2309 aliter
795 2247 882 2330 supra
901 2249 934 2308 in
951 2249 1055 2312 nostro

21 2351 45 2426 s.
69 2363 102 2432 4.
143 2340 372 2440 Proconnesos
414 2349 558 2409 scribitur
591 2351 624 2410 in
660 2349 855 2411 editionibus
887 2349 1054 2431 plerisque.

23 2451 115 2532 Quare
139 2467 177 2514 et
202 2451 260 2510 bic
283 2451 321 2512 tul
344 2449 479 2512 eandem
500 2451 675 2520 rationem,
711 2465 750 2510 nt
778 2449 835 2510 fibi
856 2449 960 2511 noster
982 2470 1057 2512 cou-

25 2551 115 2623 stant,
150 2549 346 2614 informari.
397 2549 474 2614 Non
490 2551 564 2612 libri
586 2549 686 2612 solum
706 2549 823 2632 scripti,
855 2549 905 2610 sed
926 2565 958 2611 et
979 2551 1058 2612 editi

24 2657 179 2731 panonia
198 2653 252 2714 bis
268 2651 478 2722 consentiunt,
502 2655 587 2734 quod
603 2653 654 2714 sel
672 2653 797 2713 Plinius
813 2651 924 2712 docere
945 2653 1057 2733 potest.

25 2753 66 2816 Cf.
85 2777 166 2837 quse
196 2757 330 2815 monuit
351 2751 499 2816 Dukerus
521 2753 559 2814 ad
579 2753 730 2832 Tltucysl.
747 2769 779 2822 2,
797 2767 855 2830 32.
906 2751 1058 2814 Ceterum

24 2853 128 2918 l'eoet.
148 2859 198 2917 ita
218 2855 300 2916 hauc
320 2855 505 2918 narrationis
521 2869 644 2940 partem
661 2855 840 2916 connectit:
866 2843 1060 2945 Halsouefos

24 2969 50 3017 es
69 2957 228 3020 Lernnos.

88 3162 204 3223 Atho
232 3157 387 3240 monti)
436 3159 575 3222 Monslrs
606 3160 659 3220 hic
691 3159 833 3220 nominis
868 3155 1060 3220 essrnreruut

23 3263 157 3341 quidam.
218 3261 324 3322 Varie.
343 3275 374 3340 3.
398 3259 490 3344 Prsg.
512 3257 606 3323 Parii.
633 3277 664 3324 2.
686 3259 890 3332 Achomeult',·
920 3259 1057 3344 llehdsg.

23 3363 228 3434 otlromontis
253 3361 398 3422 vindob.
419 3363 505 3423 Atho
531 3361 762 3423 morrtt'seru'uos.
814 3362 900 3421 Tum
923 3359 1060 3422 Lemnos

25 3463 98 3524 deest
121 3467 158 3524 in
181 3461 290 3524 Vstic.
309 3477 342 3541 3.
364 3461 460 3524 Puris.
484 3477 517 3541 3.
542 3475 574 3524 et
595 3463 687 3544 l'rsg.
740 3462 844 3524 iidem
864 3461 961 3524 etism
986 3481 1060 3524 cum

26 3563 147 3628 Veneto
173 3583 236 3648 pro
261 3555 399 3656 adverso
420 3561 568 3626 adferunt
591 3553 753 3654 adversos.

89 3756 375 3856 Pagasaeus)
438 3765 572 3830 Codices
613 3765 708 3828 multi
750 3783 823 3826 curo
865 3765 1061 3828 editionibus

27 3867 180 3951 plerisque
206 3857 389 3958 Pagofeuss
429 3869 577 3932 Ciaccon.
605 3865 688 3950 Llps.
715 3865 832 3928 Vertat.
858 3868 950 3952 Prag.
976 3869 1060 3930 Gud.

28 3967 196 4054 llebdiger.
221 3983 253 4030 et
278 3971 352 4030 edd.
380 3990 410 4032 1.
437 3971 479 4032 ss
502 3987 534 4050 9.
557 3970 626 4054 poll
652 3981 704 4046 18.
734 3981 789 4044 23.
817 3981 875 4046 gt.
896 3960 1061 4060 Pegaseas,

28 4089 97 4148 quse
122 4071 229 4132 sorroo
253 4083 285 4130 et
309 4071 383 4131 alibi
408 4085 546 4134 notatur.
597 4069 673 4132 Vid.
695 4069 790 4132 Silius
808 4069 876 4132 ltal.
902 4081 1061 4152 11,472.

29 4172 142 4236 Statius
160 4173 275 4236 tebit.
291 4193 320 4244 1,
338 4173 398 4252 65.
425 4173 544 4236 Lucan.
561 4189 592 4244 2,
610 4183 693 4248 715.
718 4171 863 4254 Propert.
882 4191 909 4242 1,
928 4187 985 4242 oo.
1008 4187 1061 4247 17.
