2788 4942
369 443 459 500 ιη.
488 447 540 498 ttt.
586 445 618 501 c.
641 447 665 499 r.
707 445 732 516 t
757 463 785 512 7.
1061 463 1100 528 ²7

61 631 98 679 ut
118 631 153 680 et
169 617 277 678 editur
295 617 328 678 in
343 617 451 680 Plinio
472 625 506 696 4,
528 629 587 696 35.
605 613 625 680 l.
648 636 704 682 to.
756 621 798 680 Et
814 619 852 682 lic
874 619 969 686 habet
987 623 1102 688 Bocca-

61 722 124 782 tius
147 719 170 782 l.
195 741 229 782 v.
255 717 343 800 Hiip.
368 739 469 790 mare,
495 721 550 800 qui
573 717 691 780 Melam
716 719 833 784 referre
854 721 944 787 solet.
994 729 1047 788 Sic
1069 742 1103 790 et

61 821 189 884 Graecis
215 814 330 907 Δὸριος
354 819 416 889 eil.
454 821 511 902 qui
539 821 660 882 Latinis
684 821 823 884 Dttrt'tts.
875 823 1103 908 Corruptiottltt

59 924 204 1006 exempla
225 923 335 983 similia
351 921 386 981 in
402 920 523 982 Munda
539 921 618 982 urbe
634 921 722 982 dabit
740 923 889 987 Dukeruo
904 927 944 988 ad
962 928 986 990 t·
988 929 1047 992 lor.
1067 939 1104 1012 4,

62 1041 93 1096 2.
115 1036 177 1104 85.
218 1025 373 1086 Ceterum
392 1023 473 1085 orrlo
491 1023 622 1084 Vediani
643 1025 743 1108 magis
757 1027 893 1090 adridet.

136 1229 181 1289 r'rr
207 1225 378 1288 medium
396 1223 475 1306 -)
512 1225 732 1297 Emendatiur‚
757 1231 791 1288 ni
812 1225 912 1300 fallor.
937 1229 1102 1296 scribetur:

61 1329 195 1390 emedio
209 1319 280 1416 fere
298 1327 403 1388 ultimi
418 1329 627 1406 promontorii
643 1327 742 1388 latere
752 1323 873 1416 fluens.
903 1351 1103 1400 rtrtrttrtvt.

60 1431 130 1492 Hoc
153 1428 199 1492 est
221 1431 357 1513 argutior
380 1441 504 1510 captare
527 1429 579 1490 vel
609 1427 728 1490 mulcro
750 1433 876 1515 agitare.
929 1434 993 1496 Pro
1016 1435 1106 1500 lotus

60 1533 169 1594 Harn.
193 1531 284 1615 Prag.
308 1529 410 1592 lacos.
461 1531 549 1590 Turn
570 1529 725 1594 Schottut
745 1531 895 1597 radicem.

133 1730 327 1814 alluens)
376 1733 429 1796 Sic
444 1732 520 1794 inde
536 1751 553 1793 a
570 1727 679 1794 vossio
700 1733 870 1806 editiones,
895 1739 944 1798 uti
959 1741 1055 1800 etiam
1070 1741 1104 1802 in

59 1837 112 1900 ed.
131 1849 190 1914 25.
214 1855 253 1896 ex
269 1835 367 1896 Vatic.
390 1847 537 1896 notatum
558 1847 634 1902 erat.
661 1848 748 1896 etex
767 1835 847 1899 Voli.
871 1859 899 1900 t.
922 1855 953 1903 2.
976 1841 1015 1900 ab
1039 1841 1105 1904 Ou-

58 1939 242 2019 dendorpio
263 1937 302 1996 ad
326 1957 354 2006 ι,
376 1944 411 2014 4.
439 1947 474 2014 4.
527 1941 628 1998 Antea
649 1955 724 1996 cum
753 1936 911 2020 plerisque
935 1939 1026 2004 MSS.
1051 1941 1105 2002 ob·

58 2039 166 2108 luem.
199 2039 247 2098 uti
272 2035 359 2100 solet.
413 2037 496 2098 Dedi
519 2036 651 2097 adluens
675 2057 750 2098 cuin
774 2037 882 2102 Cibin.
909 2043 997 2104 unde
1019 2061 1106 2106 com·

58 2139 166 2202 millio
188 2137 310 2200 facilius
332 2137 533 2224 intelligitur.
585 2135 637 2202 Cf.
660 2139 699 2200 nd
722 2160 750 2210 ι,
773 2149 807 2219 4,
830 2149 866 2222 4.

137 2339 329 2422 Durius)
380 2339 528 2404 Ciaccon.
551 2339 688 2412 «durias
711 2343 809 2406 Vatic.
829 2357 861 2420 3.
881 2343 972 2432 Prtg.
995 2345 1103 2410 ΗΜ.

59 2443 198 2515 Duum
225 2441 309 2524 Lipl.
329 2441 458 2514 climus.
485 2443 534 2502 uti
557 2441 642 2524 poll,
669 2441 775 2506 nescio
796 2445 896 2509 unde.

138 2645 293 2726 frons)
343 2645 450 2708 Cibin.
474 2645 525 2708 ed.
544 2657 603 2722 30.
615 2635 722 2733 fortsf
758 2645 899 2710 Vindob.
915 2638 1020 2738 sro'ns
1039 2649 1108 2726 itte,-

61 2747 219 2832 posterior
239 2765 304 2808 rox
324 2747 374 2806 illa
397 2745 480 2806 abell
502 2747 536 2806 in
555 2747 628 2808 edd.
649 2747 683 2808 6.
701 2761 734 2820 7.
759 2759 792 2824 Β.
818 2769 870 2810 ιο.
898 2763 930 2808 et
947 2751 1032 2810 Fons
1050 2752 1107 2813 itta

62 2869 162 2932 prave
185 2849 333 2928 scriptum
350 2851 383 2908 in
401 2849 473 2908 edd.
495 2861 552 2922 32.
573 2861 630 2924 37.
659 2849 699 2906 tle
719 2869 780 2928 qua
797 2854 1050 2914 commutatione
1071 2855 1106 2914 in

64 2953 192 3014 llSStis
207 2951 304 3011 etiam
320 2949 443 3010 dictum
466 2947 510 3010 est
533 2947 570 3010 od
598 2969 625 3018 t.
648 2959 681 3026 8.
712 2971 740 3012 ι.
766 2963 874 3030 et13.
901 2965 934 3030 5.

141 3148 294 3232 tabet)
346 3151 451 3234 Legat
478 3163 597 3212 rectam
616 3151 719 3230 ripam
741 3151 825 3232 ogit,
855 3163 891 3212 ut
907 3153 946 3216 de
965 3153 1107 3220 Gadibut

64 3252 173 3344 [3‚6,
196 3245 247 3338 t.]
281 3273 346 3335 qua
375 3253 466 3314 tertis
496 3255 627 3332 propior
657 3251 716 3344 est,
755 3251 830 3313 bene
858 3269 975 3316 rectum
1002 3259 1107 3336 ripam

63 3360 146 3438 ogit.
180 3372 382 3418 rtttrtottvt.
432 3353 579 3418 Omnino
596 3355 728 3436 quidem
745 3354 843 3426 bene.
877 3353 928 3418 led
949 3377 1016 3420 non
1033 3359 1106 3424 ideo

64 3459 118 3520 hio
141 3469 240 3518 recte.

141 3659 236 3721 dein
246 3657 265 3740 )
316 3657 425 3722 Cibin.
443 3658 618 3742 Rthtliger.
637 3656 720 3741 Lipl.
747 3659 798 3719 atti
821 3679 894 3722 cum
917 3659 990 3724 erld.
1007 3665 1112 3724 omni·

66 3761 127 3825 buo
150 3763 189 3823 ad
216 3761 361 3822 Gronov.
385 3769 445 3842 44.
466 3759 598 3832 deinde,·
639 3763 672 3820 in
696 3781 731 3822 ea
757 3773 790 3822 et
812 3763 924 3822 ceteris
945 3761 1031 3832 stein.
1062 3765 1113 3824 uti

67 3865 145 3926 teste
172 3863 210 3925 A.
236 3863 423 3930 Gronovio.
458 3859 540 3924 Voll.
573 3881 601 3924 ι.
629 3861 805 3924 Mediolon.
844 3863 961 3944 quibus
993 3865 1111 3927 rddere

68 3977 193 4048 poterat
219 3963 303 4026 Gud.
357 3961 482 4026 Profert
508 3963 607 4025 otiam
628 3963 776 4026 Ciaccon.
802 3964 837 4024 ni
866 3961 958 4024 fallor
982 3961 1110 4037 orfito,

70 4069 148 4127 dum
166 4065 273 4126 scribit
289 4085 329 4127 ex
345 4085 436 4128 moro
451 4063 554 4136 solito,
571 4065 655 4136 aliar,
672 4063 755 4126 deire.
794 4065 1025 4128 ileinoldianae
1045 4085 1112 4128 ma·

69 4167 201 4230 luerunt
223 4165 345 4234 deindo.
