2848 4942
352 457 391 516 na
662 440 904 500 rourouu
939 439 1099 496 Macte

353 617 408 680 lib.
437 636 466 678 r.
491 635 518 677 c.
545 625 601 692 18.
631 631 691 695 pro
714 611 855 673 incendio
872 608 994 700 fimiiis
1015 611 1098 674 vot.
1130 631 1160 674 r.
1185 609 1316 680 exbibet
1343 614 1398 672 irr-

354 717 462 780 cendio
475 713 585 805 simul.
633 733 664 776 Λ.
693 731 900 776 ononovrvs.
963 713 1062 774 Simul
1082 705 1178 774 etiam
1202 711 1292 795 snpra
1313 733 1342 774 c.
1369 713 1395 772 1.

352 820 453 882 adfert
477 819 584 880 Cibin.
613 835 688 896 quas
719 833 813 875 vocet
842 827 875 874 et
895 813 970 874 alibi
999 813 1198 875 commisceri
1224 814 1398 895 adparebit

353 941 392 984 ex
412 923 465 988 iis.
499 935 578 999 quae
601 917 727 978 notavit
746 913 910 976 Drakenb.
935 915 974 975 ad
997 915 1069 976 Liv.
1092 917 1125 985 6,
1150 927 1205 991 25,
1233 934 1288 976 ao.
1331 935 1395 984 ro,

355 1035 412 1099 23.
433 1023 479 1082 in.
531 1021 578 1080 Ita
589 1013 689 1108 stmui
712 1033 771 1097 pro
786 1011 906 1106 flatilis
927 1015 1009 1078 Cod.
1033 1013 1177 1077 Leideni.
1199 1035 1248 1096 ap.
1274 1015 1394 1078 lustin.

352 1134 387 1203 4,
411 1143 439 1192 ι,
463 1121 517 1183 ι6.
543 1131 674 1180 notante
699 1116 904 1184 liorhornio‚
937 1112 1080 1203 similiter
1106 1135 1164 1197 pro
1190 1113 1285 1203 fimui
1315 1117 1393 1180 MS.

350 1223 492 1284 Boecieri
513 1219 596 1301 apud
619 1218 782 1299 Nepotem
810 1218 863 1288 26.
882 1230 914 1294 5,
936 1236 966 1280 1.
1016 1219 1051 1280 Si
1061 1214 1163 1307 fimui
1184 1217 1297 1301 legeris
1312 1237 1395 1278 cum

351 1320 465 1390 vomo,
497 1321 667 1401 quodiam
692 1331 776 1380 recte
798 1319 836 1381 A.
862 1318 1048 1379 Gronovius
1073 1319 1209 1390 monuit,
1235 1315 1396 1378 ebrietate

349 1422 604 1485 substituendum
628 1422 704 1488 erit,
739 1439 778 1480 ex
800 1419 927 1502 linguae
949 1416 1023 1488 uin,
1054 1421 1109 1500 qni
1130 1419 1307 1480 ablativum
1330 1437 1395 1499 po-

264 1507 267 1520 ⁸
348 1525 448 1592 [tutat.
481 1523 527 1581 uti
552 1524 668 1582 docent
691 1519 832 1600 exempla
861 1520 990 1580 ablativi
1012 1517 1180 1588 manifesta,
1206 1533 1240 1582 et
1262 1520 1390 1580 adiecta

347 1620 457 1707 paffim
472 1622 726 1703 particularium·
741 1639 819 1700 quae
838 1623 871 1678 in
887 1620 984 1700 priori
1005 1618 1106 1680 forma
1121 1619 1257 1702 subpleri
1274 1620 1389 1684 debet.

348 1727 443 1786 Plura
465 1735 584 1804 praeter
612 1733 878 1780 commemoratos
906 1721 992 1780 dabit
1019 1721 1192 1782 Burmann.
1214 1723 1253 1782 ad
1279 1722 1388 1782 Valer.

349 1827 447 1887 Fiant.
470 1837 503 1904 4,
525 1833 583 1897 88.
613 1835 645 1881 et
667 1840 746 1900 quoe
769 1821 936 1901 produxit;
978 1823 1056 1882 item
1079 1821 1322 1883 Drakenborch.
1347 1823 1389 1882 ad

347 1927 420 1986 Liv.
446 1943 473 1992 r,
498 1937 555 1998 ῆι,
581 1935 612 1999 5.
650 1933 682 1997 8.
707 1935 764 1998 31.
789 1935 822 1994 7·
875 1923 967 2004 Quae
994 1925 1120 1983 notavit
1142 1923 1322 1984 burmann.
1347 1923 1388 1982 ad

348 2025 446 2086 Ovid.
473 2023 548 2083 Fast.
579 2041 606 2091 t,
633 2024 715 2096 567.
743 2035 774 2082 et
799 2021 907 2084 Amor.
931 2043 959 2090 ι,
982 2035 1015 2100 (4.
1034 2024 1079 2082 in.
1106 2025 1250 2082 dativum
1269 2027 1388 2104 potius

346 2123 494 2206 spectant,
520 2138 615 2202 quem
631 2137 663 2182 et
680 2142 695 2181 a
715 2123 834 2182 Latinis
850 2123 923 2182 addi
945 2123 1049 2184 voluit
1064 2143 1102 2182 ex
1120 2125 1236 2184 Graeca
1256 2125 1388 2184 ratione

344 2226 380 2284 in
405 2217 485 2310 ripa,
512 2217 613 2314 tipoii;
639 2223 718 2282 adde
741 2218 921 2308 ipti5;.sed
945 2225 1007 2284 iam
1027 2221 1228 2286 Vechnerum
1250 2225 1286 2284 in
1307 2225 1387 2284 Hel·

344 2325 442 2386 leuol.
464 2345 496 2406 p.
514 2343 558 2382 m.
579 2333 662 2400 380.
687 2322 892 2403 reprehendit
912 2323 974 2384 boc
994 2325 1127 2384 nomine
1150 2323 1385 2408 Heufingerua.

344 2427 433 2486 Tum
452 2443 530 2486 vero
553 2421 710 2492 ebrietati.
745 2441 841 2502 quam
864 2437 971 2484 tamen
998 2422 1136 2486 formam
1156 2445 1267 2486 omnes
1288 2428 1386 2487 exhi·

344 2525 423 2588 bont
444 2525 533 2596 iibri,
561 2523 749 2584 mutandum
773 2523 824 2584 est.
887 2525 963 2607 Quo
985 2525 1115 2604 quidem
1141 2526 1284 2587 remedio
1314 2547 1385 2588 non

343 2645 425 2708 opua
446 2625 505 2696 est,
535 2623 558 2684 st
581 2625 832 2704 completisque
860 2625 944 2706 legat
961 2621 1094 2714 studiis,
1128 2646 1202 2686 cum
1224 2628 1385 2688 omnibns

340 2724 497 2788 ebrietati.
538 2724 677 2794 Accedit,
699 2727 783 2804 quod
801 2725 862 2784 hoc
879 2725 1088 2786 commodum
1107 2723 1228 2787 sensum
1247 2729 1384 2806 praebet

339 2847 407 2888 non
429 2825 550 2895 folum,
581 2823 632 2888 sed
653 2837 684 2885 et
701 2828 801 2908 magia
817 2825 946 2886 coniilio
962 2825 1064 2886 Melae
1084 2829 1383 2890 accommodatum.

339 2927 482 2988 Ebrietas
506 2927 593 2987 enim
619 2927 736 2986 vinum
766 2923 897 3005 spectat,
933 2925 1070 2986 hilariter
1096 2925 1143 2985 iili
1171 2927 1278 2990 iimilie
1309 2933 1382 2991 eine

338 3029 481 3109 inopiam
507 3023 679 3086 seminibur
707 3024 835 3108 ingestis
858 3041 891 3084 er
922 3026 1034 3086 nidore
1063 3025 1250 3107 hibpletam.
1307 3031 1396 3090 Nec¹

337 3127 477 3188 hilaritas
497 3125 641 3186 ebrietati
662 3138 813 3207 perpetua
831 3121 936 3186 comes
951 3125 1001 3192 est.
1030 3125 1080 3186 sed
1099 3147 1167 3186 eam
1184 3131 1379 3208 praecedere

337 3225 425 3288 folet.
478 3227 573 3286 Forte
590 3224 630 3284 fic
645 3224 767 3284 dixiffet
784 3227 905 3304 potine:
923 3222 1024 3314 finani
1044 3226 1205 3286 hilaritati
1224 3227 1377 3291 ebrietas.

337 3325 480 3386 Omnino
497 3337 616 3392 autem,
634 3327 669 3383 ni
685 3321 784 3393 fallor,
810 3323 892 3384 Mela
907 3325 970 3385 hoc
986 3327 1066 3394 vult,
1086 3327 1278 3388 hilaritatem
1295 3351 1377 3392 con·
1394 3343 1395 3367 ¹

333 3427 471 3508 tingere,
505 3425 605 3504 qualia
622 3421 697 3484 solet
720 3422 880 3488 ebriorum
896 3445 934 3485 ex
957 3427 1026 3486 vini
1048 3427 1233 3510 largioribus
1255 3429 1378 3492 hausti·

332 3525 394 3586 bue
414 3525 603 3594 hominum,
631 3523 725 3585 effusa
745 3538 777 3584 et
796 3523 943 3586 insolens.
996 3528 1135 3588 Adiuvat
1156 3529 1238 3590 hanc
1257 3531 1375 3591 lectio·

332 3640 459 3687 nemer
481 3625 607 3705 qualem
628 3623 692 3706 ipse
713 3627 874 3686 invenerit
895 3627 1066 3707 expreffam
1086 3629 1221 3690 declarat
1235 3623 1394 3696 Solinuai

332 3745 360 3787 c.
382 3727 437 3788 16.
457 3723 478 3786 s.
503 3745 556 3787 ιο.
592 3726 725 3786 Seminis
745 3725 853 3786 nidore
869 3723 1001 3816 perculsi
1020 3749 1079 3806 pro
1101 3729 1228 3790 laetitia
1245 3729 1373 3794 habent

331 3827 450 3886 imitari
463 3824 642 3886 ebrietatem
655 3817 800 3915 sertstbus
813 3817 984 3914 sauciatis.
1019 3829 1204 3891 Herodotus
1225 3852 1254 3901 1,
1275 3848 1365 3894 202.
1392 3865 1393 3872 .

328 3927 362 3986 in
388 3926 479 3986 simili
501 3928 676 3988 narratione
698 3927 784 3996 dicit,
812 3915 1037 4012 μεθύσκεσθαι
1060 3926 1104 4014 rip*
1124 3927 1223 4018 ὀδμῇ,
1257 3885 1393 3996 ›tuM-i

324 4047 383 4112 nep
395 4019 555 4111 ’Έλληνες
574 4025 625 4104 τῷ
643 4019 734 4104 airum
758 4039 791 4084 et
808 4025 877 4106 post
895 4021 924 4098 ἐς
941 4017 1078 4112 ὄρχησίν
1098 4050 1135 4092 τε
1161 4028 1365 4096 ἀνίστασθαι

326 4122 381 4190 καὶ
405 4122 434 4202 ἐς
455 4121 564 4213 dariiyv
589 4123 808 4189 ἀπικνέεσθαι.
861 4127 1082 4209 Agatarcbidee
1104 4131 1144 4193 de
1163 4134 1242 4194 mari
1257 4133 1361 4197 rubro
