2792 4940
333 445 391 506 160
633 445 877 504 POMPONII
912 447 1074 504 MELtlt

329 621 528 704 sequenter,
558 633 690 682 enatum
709 621 752 684 est
775 619 900 682 dirinrrt
920 622 974 683 vel
994 619 1136 692 dirimit,
1169 621 1255 702 qnod
1277 621 1368 705 gloll

328 725 468 786 mutavit
490 725 525 783 in
545 721 675 786 dividit.
748 723 834 784 Dedi
858 735 964 784 temen
991 723 1028 784 ad
1056 722 1208 784 Graecam
1230 720 1368 798 forman

327 825 468 896 Derrin,
498 843 556 908 pro
578 843 642 906 quo
667 821 762 907 poffit
783 823 880 886 eliam
901 825 980 906 poni
1000 823 1156 889 Derrlrin.

409 1025 728 1120 Carraslraeum)
765 1027 864 1090 Vatic.
889 1048 917 1088 ι.
940 1040 973 1106 5.
994 1027 1103 1092 Cibin.
1122 1026 1207 1091 (iud.
1228 1027 1368 1112 liehdig

329 1131 456 1214 Boccat.
481 1149 507 1190 c.
533 1130 554 1191 l.
573 1127 794 1217 perosorum
831 1130 942 1190 Venet.
963 1128 1195 1220 pernostreium
1226 1132 1368 1190 Vindolr

330 1219 437 1294 ffivn.
461 1227 555 1292 Paris.
584 1251 611 1292 ι.
632 1228 849 1319 panestrrumr
879 1228 972 1291 Parit.
993 1247 1025 1293 2.
1044 1229 1242 1321 panssrnm,·
1279 1233 1368 1314 Prng

330 1313 551 1423 porrestrounr;
576 1329 659 1412 Lips.
685 1329 779 1394 Parit.
800 1345 831 1410 5.
855 1327 1061 1424 oarrqst'reum.
1115 1333 1198 1392 Erltl.
1221 1353 1250 1393 1.
1281 1350 1317 1393 2.
1347 1347 1368 1410 5

329 1445 367 1514 4.
388 1447 420 1510 5.
441 1453 475 1512 9.
498 1431 706 1524 cnrrrflreum,·
740 1433 774 1496 6.
798 1447 831 1506 7.
849 1445 883 1510 a.
907 1452 960 1494 ιο.
984 1451 1039 1494 ιι.
1068 1449 1121 1494 12.
1145 1433 1286 1514 reliquae
1315 1433 1368 1494 Ca

330 1533 498 1626 mfirenm,
524 1535 569 1593 ad·
587 1535 749 1602 Vinctum,
782 1535 837 1614 qui
862 1535 952 1594 dedit
972 1553 1029 1614 per
1047 1555 1102 1604 ae‚·
1134 1534 1220 1594 hunc
1243 1533 1368 1594 secuto.

330 1635 374 1698 est
397 1635 589 1696 lleinoldiue
612 1647 644 1695 et
666 1635 797 1694 demum
819 1634 856 1694 ab
886 1635 936 1696 erl.
961 1643 1021 1712 44.
1044 1636 1192 1716 reliquae.
1245 1635 1368 1696 Voffin

330 1737 443 1800 verba:
476 1747 509 1796 et
532 1733 758 1824 Canastraeum
782 1736 845 1796 five
865 1735 1058 1819 negligentia
1077 1736 1141 1798 sne
1163 1736 1299 1798 consilio
1326 1755 1368 1798 ex

330 1839 435 1906 clnlit.
470 1834 521 1896 led
548 1855 603 1916 per
622 1857 659 1896 ae
679 1837 713 1894 in
737 1835 938 1917 [equentibus
965 1833 1122 1918 expreffit.
1188 1837 1364 1898 Praeivera

329 1941 394 1998 ianr
413 1939 491 2000 olim
506 1936 586 1996 hanc
603 1933 796 2018 scripturam,
821 1951 858 1996 nt
875 1936 1016 2018 superior
1031 1952 1106 1999 nota
1123 1939 1224 2006 docet.
1252 1940 1367 2000 Pintia

330 2059 409 2108 nur.
439 2039 490 2100 oni
512 2049 543 2098 et
565 2035 650 2100 iavet
670 2039 796 2122 lingone
820 2037 891 2098 nine
912 2053 945 2100 et
966 2052 1132 2100 auctorum
1158 2037 1368 2108 consuetodo.

330 2140 431 2200 veluti
453 2137 589 2216 Scylacie
608 2159 639 2219 p.
665 2141 722 2202 26.
745 2139 842 2202 lludl.
884 2139 1046 2220 Apollonii
1075 2141 1196 2202 Rhodii
1229 2161 1260 2210 ι,
1288 2155 1368 2217 559.

330 2239 483 2319 Stephani
503 2237 525 2301 l.
544 2261 577 2301 v.
602 2235 804 2327 liivnorq'ov,
832 2241 988 2302 Herodoti
1011 2257 1043 2319 7,
1067 2255 1145 2322 123.
1195 2243 1248 2306 sie
1272 2243 1368 2303 etiarn

329 2339 430 2403 adfert
443 2341 549 2402 Suritr
569 2359 596 2404 c.
618 2341 639 2404 l.
664 2359 703 2400 ex
724 2341 848 2404 vetusto
868 2342 1050 2424 exemplari.

410 2533 577 2623 κωφὸς)
629 2541 712 2624 Lipl.
736 2543 822 2606 Gud.
853 2543 945 2627 Prag.
977 2544 1150 2628 Rehdiger.
1180 2544 1367 2606 vindobon.

328 2645 452 2709 Soritae
476 2664 503 2706 c.
537 2645 558 2706 l.
591 2645 750 2726 exemplar
775 2645 951 2715 vetustum,
993 2645 1121 2708 Boccat.
1147 2666 1173 2708 c.
1201 2647 1222 2706 l.
1249 2663 1367 2724 copon

329 2747 437 2810 Cibin.
460 2745 557 2808 Vatic.
581 2746 708 2824 clropos.
759 2747 841 2806 Edd.
872 2767 900 2808 1.
930 2761 962 2808 Ω.
994 2761 1026 2824 5.
1050 2759 1084 2824 4.
1110 2758 1143 2823 5.
1169 2745 1202 2810 6.
1228 2748 1367 2826 reliquae

328 2868 402 2910 curn
425 2847 560 2908 schotto
587 2847 713 2926 Gopos,·
754 2848 900 2917 Vinetue.
931 2845 1072 2917 voslun.
1098 2849 1212 2928 reliqui
1239 2841 1366 2922 κωφός.

329 2949 425 3032 Quod
443 2947 632 3010 Ciaccooiue
653 2949 839 3029 particulam
856 2959 888 3006 et
908 2962 980 3008 ante
1002 2960 1130 3026 portum
1147 2949 1242 3010 deleri
1268 2949 1366 3016 iubet.

328 3062 488 3128 tamquam
515 3047 720 3130 superfluam.
756 3049 884 3109 videtur
917 3047 1144 3140 Canastraeum
1176 3062 1306 3126 portum
1333 3051 1366 3106 in

326 3148 388 3210 hoc
408 3151 541 3210 nomine
565 3149 722 3230 prohelio,
753 3169 831 3230 quae
849 3162 955 3210 tamen
973 3149 1085 3211 diserte
1103 3149 1268 3234 distinguit
1286 3154 1364 3212 Stra·

327 3249 421 3310 bonis
444 3251 585 3329 epitome
606 3249 660 3313 lib.
684 3266 716 3326 7.
745 3271 777 3330 p.
806 3265 884 3324 ¹⁰7·
909 3249 1008 3311 Huds.
1044 3271 1103 3330 qna
1127 3253 1253 3334 egregie
1276 3253 1362 3311 locut

246 3371 254 3392 ⁸
325 3348 430 3410 noller
458 3351 639 3411 adiuvatur.
700 3354 748 3412 lta
769 3371 846 3412 vero
870 3350 922 3411 hic
946 3371 985 3414 ex
1010 3353 1165 3414 Strabone
1191 3355 1272 3414 olim
1301 3353 1361 3410 iam

326 3450 472 3512 voluerat
494 3451 674 3514 Pintianue.

408 3649 621 3732 Toronen)
671 3649 767 3716 Parii.
797 3667 829 3732 5.
855 3673 1013 3727 corarem3
1047 3653 1156 3718 Cibin.
1179 3659 1359 3719 choronemr

327 3751 467 3814 Vintlob.
491 3772 657 3824 coronam
690 3752 785 3816 Paris.
806 3771 838 3815 Ω.
863 3755 954 3837 Prag.
982 3755 1152 3829 Turonernr
1187 3759 1353 3837 llehrliger.

324 3854 508 3923 chororum
549 3851 644 3915 Parit.
666 3873 695 3916 1.
718 3867 871 3926 teronem
909 3854 993 3936 Lipl.
1019 3859 1132 3918 Vener.
1159 3859 1242 3921 Gurl.
1271 3856 1364 3914 Toro-¹

325 3975 404 4014 nem.
456 3953 538 4016 Edd.
562 3975 590 4015 1.
614 3970 645 4016 o.
669 3973 702 4032 9.
728 3975 884 4026 cororenr,·
912 3958 1052 4036 reliquae
1079 3958 1218 4020 Toronen
1243 3967 1354 4040 praeter

324 4055 458 4136 aliquae,
493 4055 541 4112 uti
564 4069 596 4130 7.
620 4067 653 4130 8.
681 4069 735 4134 13.
769 4056 943 4136 inquibus
972 4057 1131 4122 Toronen.
1186 4065 1287 4141 Atque
1308 4053 1356 4112 illi

325 4154 419 4216 huius
437 4157 672 4218 terminationis
690 4157 885 4218 Graecorum
903 4157 1133 4220 vocabulorum
1151 4155 1354 4224 commutatio
