2752 4944
351 411 437 468 arra
467 411 505 464 u.
547 409 582 468 c.
609 409 661 464 ru.
703 407 783 480 cr.
1025 421 1087 484 203

40 602 69 648 ut
93 585 190 670 saepe
209 585 340 648 dicturo
356 585 416 656 eli,
442 583 646 646 celeberrima
662 601 805 666 quaeque
823 581 932 650 resert.
987 585 1088 668 Tegea

40 705 143 750 autem
167 689 288 750 nobile
307 687 462 771 oppidum
478 686 522 748 cll
537 686 685 750 Arcadiae
702 684 901 770 Gengrapbia
924 687 1087 761 omnibtre,

42 791 278 871 llifioricieque
304 809 340 850 ac
366 789 490 858 Foede.
522 801 554 850 et
585 789 618 850 in
642 789 754 872 primia
779 787 940 862 Homero.
969 785 1026 878 [ll.
1051 807 1086 858 a.

42 885 150 979 607.]
178 907 222 952 ut
237 891 391 954 credibile
404 909 471 952 uon
487 889 534 962 fit,
559 889 592 950 in
608 890 763 952 relatione
779 889 928 954 Arcadiae
943 891 1087 958 omissam

42 995 100 1055 elle
120 1013 138 1056 a
161 992 276 1064 Mela,
305 995 361 1075 qui
382 992 526 1054 locorum
549 991 649 1052 veluti
673 991 765 1054 florea
787 991 917 1058 delibat.
952 1013 1087 1064 arr-rra·

44 1115 118 1157 rra.
163 1089 297 1176 Tenea.)
349 1093 439 1155 Nihil
456 1093 510 1155 hic
530 1093 735 1156 mutandum.
771 1091 861 1155 Licet
876 1096 964 1158 enim
987 1097 1088 1162 Tenea

44 1197 248 1260 Corinthiaci
282 1197 348 1280 agri
375 1191 470 1257 suerit
496 1195 668 1276 oppidum,
710 1193 811 1274 Tegeo
836 1217 915 1258 vero
941 1197 1024 1260 dicta
1052 1199 1088 1262 fit

44 1299 118 1360 haec
136 1299 313 1370 Arcadica;
349 1295 437 1381 saepe
460 1311 567 1358 tamen
589 1293 829 1358 confunduntur
850 1291 903 1360 isla
924 1299 1088 1372 vocabula,

45 1405 274 1480 'seneataeque
289 1399 448 1467 dicuntur,
471 1399 526 1480 qni
543 1399 699 1484 Tegeatae
718 1397 781 1458 dici
798 1397 985 1464 debuissent.
1024 1399 1088 1464 Ne·

46 1525 104 1582 que
124 1515 257 1564 tanturn
273 1520 345 1562 curn
360 1499 435 1562 urba
450 1499 493 1561 eil
512 1495 617 1583 Τέγεα
640 1499 692 1561 rel
712 1495 834 1570 Τένεα.
860 1521 974 1564 verum
990 1503 1088 1565 etiam

45 1625 116 1664 cum
137 1599 290 1690 κόρυζαν
311 1601 470 1687 significat.
495 1614 667 1684 utrumque
689 1601 811 1662 dictum
834 1599 932 1674 luisse.
962 1603 1090 1666 teslatur

47 1705 241 1784 Hesychius.
296 1705 333 1765 ln
356 1702 499 1786 plnribue
526 1721 604 1764 vero
632 1701 766 1764 rocibne
789 1703 897 1766 literae
924 1703 996 1768 isiae
1019 1725 1089 1788 per·

46 1819 227 1868 mutantur.
266 1805 319 1867 Sic
339 1799 559 1893 persisteret
577 1797 772 1892 μεγάλειον.
799 1801 902 1870 serior
918 1819 949 1866 et
971 1803 1088 1891 ι’σγέον,

47 1902 170 1990 Τόργος
185 1901 324 1993 Γόργος.
349 1901 522 1978 Τελέοντες
536 1899 721 1978 Γελέοντες,
745 1917 788 1978 et,
805 1907 1007 1990 siStephano
1023 1927 1088 1972 cre·

50 2011 194 2070 drudam
213 2007 269 2077 est,
296 2001 419 2084 Τᾰβιοι
440 2021 472 2070 et
495 2003 634 2084 Γάβιοι,
668 2003 770 2072 Tr'vaa
790 2021 823 2072 et
844 2004 945 2072 Γὲνεα
967 2009 1088 2093 aliaque

51 2113 148 2171 multa
169 2107 341 2172 reserenda
363 2123 458 2172 erunt
480 2111 564 2172 inter
584 2099 908 2196 διττογραφοῦμενα.
947 2129 1088 2176 rotetve.

53 2213 134 2274 Cum
156 2213 313 2274 Pintiano
333 2224 365 2272 et
386 2211 555 2288 Reynoldo
575 2209 692 2271 Melam
716 2209 858 2294 scripsisse
880 2225 992 2294 putem
1013 2205 1090 2304 Pso-

53 2316 120 2388 prm
150 2313 269 2394 Tegea.
326 2311 422 2394 Tegea
445 2315 541 2374 ctiam
564 2311 737 2396 legendum
759 2313 929 2374 videbatur
952 2313 1089 2378 Cellario

58 2414 169 2500 Geogr.
195 2429 265 2476 ant.
293 2429 324 2483 c,
349 2427 404 2492 ιδ.
426 2435 460 2496 p.
487 2432 593 2479 toor.
635 2431 668 2476 e.
701 2431 909 2478 caorovrra.
979 2415 1088 2496 Tegra.

58 2536 144 2595 qnam
166 2535 246 2578 curn
266 2513 424 2598 Psophide
440 2517 608 2599 coniungit
628 2515 830 2578 Ptolemaeue
848 2531 880 2596 3.
905 2517 959 2580 t6.
981 2529 1014 2577 et
1036 2517 1089 2578 alii

55 2629 311 2678 commemorant
337 2631 496 2698 tamquam
524 2617 671 2679 Arcadiae
693 2615 808 2678 urbem
830 2617 1003 2686 celebrem,
1037 2637 1091 2679 ne·

52 2741 111 2800 qne
130 2720 291 2780 omittere
313 2717 415 2779 noster
434 2719 486 2778 hic
507 2731 592 2780 recte
614 2721 730 2799 potuit,
768 2719 831 2780 stne
852 2717 952 2781 dubio
972 2715 1090 2800 praese-

51 2825 143 2882 renda
160 2821 218 2880 hic
235 2817 292 2880 esi.
342 2819 444 2900 Atque
465 2822 507 2880 ita
525 2819 697 2904 legendum
714 2815 912 2902 adscripscrat
928 2821 1024 2882 etiarn
1042 2821 1092 2881 vir

50 2925 162 2984 doctue
186 2923 222 2982 in
245 2919 389 2982 editione
414 2935 472 3000 23.
529 2921 608 2980 Tene
628 2919 713 3002 apud
736 2919 924 2984 Ciceronem
942 2941 969 2984 c.
992 2921 1013 2984 l.
1036 2921 1090 2982 vel

50 3039 83 3084 uc
101 3026 173 3094 alii,
211 3017 485 3084 cortsentiemibue
502 3021 639 3084 Graevio
660 3035 693 3080 et
708 3021 863 3102 Ernestio‚
889 3023 1012 3084 malunt
1038 3021 1092 3083 Te·

51 3149 116 3197 nea,
140 3125 183 3186 ad
201 3121 299 3184 urbee
315 3125 487 3186 maritimae
509 3122 554 3184 ibi
569 3119 715 3194 resertur,
744 3121 783 3184 ab
800 3124 868 3186 aliia
885 3122 1091 3186 Corinrhiaco

1 3263 2 3272 κ
50 3247 123 3312 agro
147 3223 364 3296 retribuitur,
403 3225 504 3286 veluti
525 3245 542 3286 a
565 3223 721 3288 Strabone
745 3223 803 3288 lib.
825 3235 859 3304 3.
880 3245 912 3308 p.
933 3245 978 3286 ru.
1006 3227 1090 3289 262.

53 3329 70 3390 s
98 3341 189 3410 580.
225 3337 262 3386 et
284 3343 300 3384 a
323 3325 473 3388 Pausania
497 3341 529 3398 a,
553 3337 587 3404 5.
619 3345 636 3388 a
660 3324 819 3390 Corintho
845 3323 891 3388 60
914 3325 1016 3388 sladiit
1045 3345 1093 3387 re·

51 3443 219 3493 moretur.
274 3426 373 3508 Quod
402 3423 525 3490 Vosstne
553 3447 575 3490 r
600 3441 633 3488 et
663 3449 686 3512 γ
716 3425 913 3488 commisceri
939 3427 1093 3509 exempli·

52 3533 181 3596 docuit.
215 3529 250 3588 in
272 3528 431 3590 Teneatae
454 3527 579 3590 tesiatur
601 3525 665 3612 ipse
685 3527 798 3592 Strabo
822 3547 850 3592 c.
871 3527 894 3591 l.
926 3527 983 3588 ubi
1003 3541 1093 3590 notat

52 3655 104 3713 pro
125 3621 297 3713 Tavca'rqc
318 3628 357 3690 ab
385 3629 455 3691 aliie
483 3627 596 3690 adserri
620 3623 798 3714 Τεγεάτης.
856 3627 1093 3712 Geographicae

53 3738 147 3820 igitur
166 3733 224 3794 hic
243 3731 360 3792 rationi
380 3731 490 3814 potiur
506 3729 738 3794 consulendum
759 3729 811 3800 esi.
837 3747 932 3812 qnam
954 3729 1093 3792 librario·

53 3859 123 3898 rum
141 3833 374 3918 negligentiae.
424 3827 476 3895 Cf.
499 3832 655 3894 Harduirt.
679 3831 870 3912 adPlio.4‚
895 3829 989 3894 ao.s.
1008 3831 1042 3896 6.

126 4036 413 4102 Orchomenos
420 4034 440 4118 )
488 4033 572 4097 Voss.
590 4049 624 4114 3.
645 4033 719 4098 edd.
740 4053 770 4098 r.
790 4051 821 4098 c.
840 4053 876 4114 9.
896 4051 1094 4102 orcomerrosr

1 4171 2 4188 r
55 4139 195 4204 i'iudob.
221 4156 411 4212 orcomeros;
457 4139 491 4200 irr
522 4137 650 4220 reliquia
676 4135 768 4202 MSS.
795 4153 829 4200 et
863 4131 936 4199 edtl.
964 4134 1093 4196 retollit
