<?xml version="1.0" encoding="UTF-8"?>
<!DOCTYPE html PUBLIC "-//W3C//DTD XHTML 1.0 Transitional//EN"
    "http://www.w3.org/TR/xhtml1/DTD/xhtml1-transitional.dtd">
<html xmlns="http://www.w3.org/1999/xhtml" xml:lang="en" lang="en">
 <head>
  <title>
</title>
<meta http-equiv="Content-Type" content="text/html;charset=utf-8" />
  <meta name='ocr-system' content='tesseract 3.04.00' />
  <meta name='ocr-capabilities' content='ocr_page ocr_carea ocr_par ocr_line ocrx_word'/>
</head>
<body>
  <div class='ocr_page' id='page_1' title='image "./pomponiimelaede05melagoog_0312.png"; bbox 0 0 2784 4944; ppageno 0'>
   <div class='ocr_carea' id='block_1_1' title="bbox 335 405 1085 496">
    <p class='ocr_par' dir='ltr' id='par_1_1' title="bbox 335 405 1085 496">
     <span class='ocr_line' id='line_1_1' title="bbox 335 405 1085 496; baseline -0.008 -20"><span class='ocrx_word' id='word_1_1' title='bbox 335 427 398 496; x_wconf 74' lang='lat'><strong>5⁰4</strong></span> <span class='ocrx_word' id='word_1_2' title='bbox 634 405 879 478; x_wconf 73' lang='lat' dir='ltr'><strong>e&#39;ourortrr</strong></span> <span class='ocrx_word' id='word_1_3' title='bbox 921 415 1085 474; x_wconf 76' lang='lat' dir='ltr'><strong>manre</strong></span> 
     </span>
    </p>
   </div>
   <div class='ocr_carea' id='block_1_2' title="bbox 336 581 1357 779">
    <p class='ocr_par' dir='ltr' id='par_1_2' title="bbox 336 581 1357 779">
     <span class='ocr_line' id='line_1_2' title="bbox 336 581 1357 672; baseline -0.006 -18"><span class='ocrx_word' id='word_1_4' title='bbox 336 591 376 658; x_wconf 85' lang='lat' dir='ltr'><strong>lc.</strong></span> <span class='ocrx_word' id='word_1_5' title='bbox 398 591 530 658; x_wconf 84' lang='lat' dir='ltr'><strong>Piceno.</strong></span> <span class='ocrx_word' id='word_1_6' title='bbox 571 591 635 656; x_wconf 86' lang='lat' dir='ltr'><strong>Sed</strong></span> <span class='ocrx_word' id='word_1_7' title='bbox 658 609 725 652; x_wconf 89' lang='lat' dir='ltr'><strong>non</strong></span> <span class='ocrx_word' id='word_1_8' title='bbox 748 589 895 662; x_wconf 83' lang='lat' dir='ltr'><strong>advertit,</strong></span> <span class='ocrx_word' id='word_1_9' title='bbox 924 581 1114 672; x_wconf 73' lang='lat' dir='ltr'><strong>praeoess&#39;tlle</strong></span> <span class='ocrx_word' id='word_1_10' title='bbox 1134 585 1236 651; x_wconf 81' lang='lat' dir='ltr'><strong>litmo</strong></span> <span class='ocrx_word' id='word_1_11' title='bbox 1252 585 1357 648; x_wconf 81' lang='lat' dir='ltr'><strong>Picmr‘</strong></span> 
     </span>
     <span class='ocr_line' id='line_1_3' title="bbox 336 691 975 779; baseline -0.005 -22"><span class='ocrx_word' id='word_1_12' title='bbox 336 691 496 779; x_wconf 82' lang='lat' dir='ltr'><strong>inquibus</strong></span> <span class='ocrx_word' id='word_1_13' title='bbox 516 691 554 756; x_wconf 89' lang='lat' dir='ltr'><strong>sc.</strong></span> <span class='ocrx_word' id='word_1_14' title='bbox 576 692 736 756; x_wconf 83' lang='lat' dir='ltr'><strong>litoribua.</strong></span> <span class='ocrx_word' id='word_1_15' title='bbox 770 709 975 756; x_wconf 74' lang='lat' dir='ltr'><strong>craecorum.</strong></span> 
     </span>
    </p>
   </div>
   <div class='ocr_carea' id='block_1_3' title="bbox 411 890 1360 978">
    <p class='ocr_par' dir='ltr' id='par_1_3' title="bbox 411 890 1360 978">
     <span class='ocr_line' id='line_1_4' title="bbox 411 890 1360 978; baseline -0.007 -18"><span class='ocrx_word' id='word_1_16' title='bbox 411 893 627 976; x_wconf 84' lang='lat' dir='ltr'><strong>Numano)</strong></span> <span class='ocrx_word' id='word_1_17' title='bbox 676 893 781 958; x_wconf 85' lang='lat' dir='ltr'><strong>Vatic.</strong></span> <span class='ocrx_word' id='word_1_18' title='bbox 820 893 930 959; x_wconf 89' lang='lat' dir='ltr'><strong>Cibin.</strong></span> <span class='ocrx_word' id='word_1_19' title='bbox 970 890 1055 978; x_wconf 90' lang='lat' dir='ltr'><strong>Lips.</strong></span> <span class='ocrx_word' id='word_1_20' title='bbox 1094 891 1191 958; x_wconf 85' lang='lat' dir='ltr'><strong>Paris.</strong></span> <span class='ocrx_word' id='word_1_21' title='bbox 1221 913 1251 955; x_wconf 89' lang='grc' dir='ltr'><strong>ι.</strong></span> <span class='ocrx_word' id='word_1_22' title='bbox 1283 901 1360 968; x_wconf 64' lang='lat'><strong>25</strong></span> 
     </span>
    </p>
   </div>
   <div class='ocr_carea' id='block_1_4' title="bbox 214 977 1360 1082">
    <p class='ocr_par' dir='ltr' id='par_1_4' title="bbox 214 977 1360 1082">
     <span class='ocr_line' id='line_1_5' title="bbox 214 977 1360 1082; baseline -0.01 -20"><span class='ocrx_word' id='word_1_23' title='bbox 214 977 217 987; x_wconf 22' lang='grc' dir='ltr'>λ</span> <span class='ocrx_word' id='word_1_24' title='bbox 339 997 424 1062; x_wconf 81' lang='lat' dir='ltr'><strong>Gud.</strong></span> <span class='ocrx_word' id='word_1_25' title='bbox 453 999 625 1082; x_wconf 78' lang='lat' dir='ltr'><strong>Rehdiger.</strong></span> <span class='ocrx_word' id='word_1_26' title='bbox 654 994 747 1081; x_wconf 83' lang='lat' dir='ltr'><strong>Prag.</strong></span> <span class='ocrx_word' id='word_1_27' title='bbox 774 994 919 1058; x_wconf 82' lang='lat' dir='ltr'><strong>vindob.</strong></span> <span class='ocrx_word' id='word_1_28' title='bbox 950 997 1063 1056; x_wconf 84' lang='lat' dir='ltr'><strong>Venet.</strong></span> <span class='ocrx_word' id='word_1_29' title='bbox 1091 995 1201 1057; x_wconf 82' lang='lat' dir='ltr'><strong>Havn.</strong></span> <span class='ocrx_word' id='word_1_30' title='bbox 1225 995 1360 1054; x_wconf 80' lang='lat' dir='ltr'><strong>saumana</strong></span> 
     </span>
    </p>
   </div>
   <div class='ocr_carea' id='block_1_5' title="bbox 332 1095 1360 2294">
    <p class='ocr_par' dir='ltr' id='par_1_5' title="bbox 332 1095 1360 2294">
     <span class='ocr_line' id='line_1_6' title="bbox 337 1095 1360 1182; baseline -0.009 -19"><span class='ocrx_word' id='word_1_31' title='bbox 337 1113 371 1163; x_wconf 84' lang='lat' dir='ltr'><strong>et</strong></span> <span class='ocrx_word' id='word_1_32' title='bbox 393 1099 432 1161; x_wconf 80' lang='lat' dir='ltr'><strong>sic</strong></span> <span class='ocrx_word' id='word_1_33' title='bbox 454 1100 527 1162; x_wconf 89' lang='lat' dir='ltr'><strong>edd.</strong></span> <span class='ocrx_word' id='word_1_34' title='bbox 551 1119 580 1161; x_wconf 89' lang='grc' dir='ltr'><strong>ι.</strong></span> <span class='ocrx_word' id='word_1_35' title='bbox 605 1115 638 1161; x_wconf 91' lang='lat'><strong>2.</strong></span> <span class='ocrx_word' id='word_1_36' title='bbox 667 1111 698 1177; x_wconf 78' lang='lat'><strong>3.</strong></span> <span class='ocrx_word' id='word_1_37' title='bbox 722 1107 757 1176; x_wconf 93' lang='lat'><strong>4.</strong></span> <span class='ocrx_word' id='word_1_38' title='bbox 782 1107 814 1174; x_wconf 86' lang='lat'><strong>5.</strong></span> <span class='ocrx_word' id='word_1_39' title='bbox 840 1099 874 1160; x_wconf 89' lang='lat'><strong>6.</strong></span> <span class='ocrx_word' id='word_1_40' title='bbox 901 1097 951 1175; x_wconf 89' lang='lat' dir='ltr'><strong>(in</strong></span> <span class='ocrx_word' id='word_1_41' title='bbox 976 1099 1065 1158; x_wconf 83' lang='lat' dir='ltr'><strong>cuiue</strong></span> <span class='ocrx_word' id='word_1_42' title='bbox 1081 1098 1228 1182; x_wconf 80' lang='lat' dir='ltr'><strong>margine</strong></span> <span class='ocrx_word' id='word_1_43' title='bbox 1249 1095 1360 1173; x_wconf 72' lang='lat' dir='ltr'><strong>antiqui</strong></span> 
     </span>
     <span class='ocr_line' id='line_1_7' title="bbox 337 1198 1360 1284; baseline -0.012 -20"><span class='ocrx_word' id='word_1_44' title='bbox 337 1221 452 1264; x_wconf 81' lang='lat' dir='ltr'><strong>manue</strong></span> <span class='ocrx_word' id='word_1_45' title='bbox 479 1212 655 1264; x_wconf 85' lang='lat' dir='ltr'>correxerat</span> <span class='ocrx_word' id='word_1_46' title='bbox 681 1198 855 1274; x_wconf 83' lang='lat' dir='ltr'><strong>Numana)</strong></span> <span class='ocrx_word' id='word_1_47' title='bbox 888 1212 922 1273; x_wconf 87' lang='lat'><strong>7.</strong></span> <span class='ocrx_word' id='word_1_48' title='bbox 945 1209 979 1274; x_wconf 75' lang='lat'><strong>8.</strong></span> <span class='ocrx_word' id='word_1_49' title='bbox 1004 1217 1038 1284; x_wconf 89' lang='lat'><strong>9.</strong></span> <span class='ocrx_word' id='word_1_50' title='bbox 1068 1216 1123 1260; x_wconf 98' lang='grc' dir='ltr'><strong>ιο.</strong></span> <span class='ocrx_word' id='word_1_51' title='bbox 1151 1217 1210 1260; x_wconf 92' lang='grc' dir='ltr'><strong>ιι.</strong></span> <span class='ocrx_word' id='word_1_52' title='bbox 1235 1212 1291 1259; x_wconf 86' lang='lat'><strong>12.</strong></span> <span class='ocrx_word' id='word_1_53' title='bbox 1320 1208 1360 1272; x_wconf 66' lang='lat'><strong>13.</strong></span> 
     </span>
     <span class='ocr_line' id='line_1_8' title="bbox 342 1297 1360 1382; baseline -0.013 -15"><span class='ocrx_word' id='word_1_54' title='bbox 342 1313 399 1382; x_wconf 86' lang='lat'><strong>14.</strong></span> <span class='ocrx_word' id='word_1_55' title='bbox 424 1313 477 1378; x_wconf 84' lang='lat'><strong>15.</strong></span> <span class='ocrx_word' id='word_1_56' title='bbox 502 1317 556 1378; x_wconf 77' lang='lat'><strong>17.</strong></span> <span class='ocrx_word' id='word_1_57' title='bbox 582 1319 637 1380; x_wconf 82' lang='lat'><strong>¹9·</strong></span> <span class='ocrx_word' id='word_1_58' title='bbox 666 1318 721 1362; x_wconf 88' lang='lat' dir='ltr'><strong>ao.</strong></span> <span class='ocrx_word' id='word_1_59' title='bbox 745 1300 902 1361; x_wconf 72' lang='lat' dir='ltr'><strong>vadianus</strong></span> <span class='ocrx_word' id='word_1_60' title='bbox 921 1311 1007 1360; x_wconf 84' lang='lat' dir='ltr'><strong>reete</strong></span> <span class='ocrx_word' id='word_1_61' title='bbox 1028 1297 1137 1382; x_wconf 87' lang='lat' dir='ltr'><strong>posuit</strong></span> <span class='ocrx_word' id='word_1_62' title='bbox 1150 1299 1318 1364; x_wconf 84' lang='lat' dir='ltr'><strong>Numana,</strong></span> <span class='ocrx_word' id='word_1_63' title='bbox 1341 1305 1360 1354; x_wconf 74' lang='lat' dir='ltr'><strong>et</strong></span> 
     </span>
     <span class='ocr_line' id='line_1_9' title="bbox 339 1396 1360 1485; baseline -0.01 -21"><span class='ocrx_word' id='word_1_64' title='bbox 339 1403 380 1465; x_wconf 82' lang='lat' dir='ltr'><strong>sic</strong></span> <span class='ocrx_word' id='word_1_65' title='bbox 406 1415 462 1482; x_wconf 71' lang='grc' dir='ltr'><strong>ιδ.</strong></span> <span class='ocrx_word' id='word_1_66' title='bbox 485 1417 543 1481; x_wconf 81' lang='lat'><strong>25.</strong></span> <span class='ocrx_word' id='word_1_67' title='bbox 565 1397 694 1485; x_wconf 90' lang='lat' dir='ltr'><strong>(lunt.)</strong></span> <span class='ocrx_word' id='word_1_68' title='bbox 720 1414 776 1481; x_wconf 80' lang='lat'><strong>24.</strong></span> <span class='ocrx_word' id='word_1_69' title='bbox 800 1403 997 1482; x_wconf 86' lang='lat' dir='ltr'><strong>omninoque</strong></span> <span class='ocrx_word' id='word_1_70' title='bbox 1020 1419 1094 1461; x_wconf 91' lang='lat' dir='ltr'><strong>cum</strong></span> <span class='ocrx_word' id='word_1_71' title='bbox 1117 1399 1285 1466; x_wconf 81' lang='lat' dir='ltr'><strong>Vadianis,</strong></span> <span class='ocrx_word' id='word_1_72' title='bbox 1310 1396 1360 1470; x_wconf 82' lang='lat' dir='ltr'><strong>Oli</strong></span> 
     </span>
     <span class='ocr_line' id='line_1_10' title="bbox 337 1501 1360 1579; baseline -0.011 -13"><span class='ocrx_word' id='word_1_73' title='bbox 337 1505 475 1567; x_wconf 79' lang='lat' dir='ltr'><strong>varianie</strong></span> <span class='ocrx_word' id='word_1_74' title='bbox 499 1503 695 1565; x_wconf 81' lang='lat' dir='ltr'><strong>editionibus</strong></span> <span class='ocrx_word' id='word_1_75' title='bbox 721 1503 797 1564; x_wconf 85' lang='lat' dir='ltr'><strong>aliae</strong></span> <span class='ocrx_word' id='word_1_76' title='bbox 820 1521 943 1564; x_wconf 79' lang='lat' dir='ltr'><strong>omnes.</strong></span> <span class='ocrx_word' id='word_1_77' title='bbox 1002 1501 1207 1563; x_wconf 84' lang='lat' dir='ltr'><strong>Memoratur</strong></span> <span class='ocrx_word' id='word_1_78' title='bbox 1231 1501 1273 1559; x_wconf 84' lang='lat' dir='ltr'><strong>ita</strong></span> <span class='ocrx_word' id='word_1_79' title='bbox 1291 1505 1360 1579; x_wconf 78' lang='lat' dir='ltr'><strong>aput</strong></span> 
     </span>
     <span class='ocr_line' id='line_1_11' title="bbox 337 1601 1360 1685; baseline -0.012 -16"><span class='ocrx_word' id='word_1_80' title='bbox 337 1607 422 1669; x_wconf 90' lang='lat' dir='ltr'><strong>Plin.</strong></span> <span class='ocrx_word' id='word_1_81' title='bbox 443 1620 474 1685; x_wconf 81' lang='lat'><strong>5.</strong></span> <span class='ocrx_word' id='word_1_82' title='bbox 497 1603 660 1684; x_wconf 77' lang='lat' dir='ltr'><strong>rg.s.15.</strong></span> <span class='ocrx_word' id='word_1_83' title='bbox 692 1605 912 1665; x_wconf 79' lang='lat' dir='ltr'><strong>Ptolemaeum</strong></span> <span class='ocrx_word' id='word_1_84' title='bbox 931 1617 963 1681; x_wconf 77' lang='lat'><strong>5,</strong></span> <span class='ocrx_word' id='word_1_85' title='bbox 985 1621 1016 1668; x_wconf 91' lang='grc' dir='ltr'><strong>ι.</strong></span> <span class='ocrx_word' id='word_1_86' title='bbox 1043 1603 1201 1664; x_wconf 81' lang='lat' dir='ltr'><strong>Antonin.</strong></span> <span class='ocrx_word' id='word_1_87' title='bbox 1220 1603 1253 1660; x_wconf 90' lang='lat' dir='ltr'><strong>in</strong></span> <span class='ocrx_word' id='word_1_88' title='bbox 1270 1601 1360 1658; x_wconf 80' lang='lat' dir='ltr'><strong>itiner</strong></span> 
     </span>
     <span class='ocr_line' id='line_1_12' title="bbox 337 1701 1360 1790; baseline -0.009 -23"><span class='ocrx_word' id='word_1_89' title='bbox 337 1728 370 1790; x_wconf 88' lang='lat' dir='ltr'><strong>p.</strong></span> <span class='ocrx_word' id='word_1_90' title='bbox 399 1721 484 1787; x_wconf 78' lang='lat'><strong>312.</strong></span> <span class='ocrx_word' id='word_1_91' title='bbox 527 1707 643 1788; x_wconf 83' lang='lat' dir='ltr'><strong>Geogr.</strong></span> <span class='ocrx_word' id='word_1_92' title='bbox 666 1705 812 1768; x_wconf 82' lang='lat' dir='ltr'><strong>Ravenn.</strong></span> <span class='ocrx_word' id='word_1_93' title='bbox 834 1715 869 1784; x_wconf 85' lang='lat'><strong>4.</strong></span> <span class='ocrx_word' id='word_1_94' title='bbox 889 1719 948 1781; x_wconf 79' lang='lat'><strong>31.</strong></span> <span class='ocrx_word' id='word_1_95' title='bbox 977 1715 1010 1782; x_wconf 84' lang='lat'><strong>5,</strong></span> <span class='ocrx_word' id='word_1_96' title='bbox 1035 1724 1065 1768; x_wconf 88' lang='lat' dir='ltr'><strong>r.</strong></span> <span class='ocrx_word' id='word_1_97' title='bbox 1100 1705 1135 1763; x_wconf 88' lang='lat' dir='ltr'><strong>in</strong></span> <span class='ocrx_word' id='word_1_98' title='bbox 1160 1702 1225 1764; x_wconf 88' lang='lat' dir='ltr'><strong>tab.</strong></span> <span class='ocrx_word' id='word_1_99' title='bbox 1246 1701 1360 1762; x_wconf 89' lang='lat' dir='ltr'><strong>Peutin</strong></span> 
     </span>
     <span class='ocr_line' id='line_1_13' title="bbox 338 1800 1360 1896; baseline -0.011 -27"><span class='ocrx_word' id='word_1_100' title='bbox 338 1828 403 1892; x_wconf 81' lang='lat' dir='ltr'><strong>ger.</strong></span> <span class='ocrx_word' id='word_1_101' title='bbox 426 1818 461 1887; x_wconf 87' lang='lat'><strong>4.</strong></span> <span class='ocrx_word' id='word_1_102' title='bbox 479 1806 517 1869; x_wconf 87' lang='lat' dir='ltr'><strong>C.</strong></span> <span class='ocrx_word' id='word_1_103' title='bbox 545 1820 666 1896; x_wconf 52' lang='lat' dir='ltr'><strong>egnum</strong></span> <span class='ocrx_word' id='word_1_104' title='bbox 682 1806 835 1866; x_wconf 78' lang='lat' dir='ltr'><strong>Potentia</strong></span> <span class='ocrx_word' id='word_1_105' title='bbox 854 1807 1007 1889; x_wconf 82' lang='lat' dir='ltr'><strong>iungitur.</strong></span> <span class='ocrx_word' id='word_1_106' title='bbox 1060 1806 1110 1867; x_wconf 88' lang='lat' dir='ltr'><strong>sic</strong></span> <span class='ocrx_word' id='word_1_107' title='bbox 1133 1804 1285 1881; x_wconf 79' lang='lat' dir='ltr'><strong>municip.</strong></span> <span class='ocrx_word' id='word_1_108' title='bbox 1304 1800 1360 1860; x_wconf 70' lang='lat' dir='ltr'><strong>dir.</strong></span> 
     </span>
     <span class='ocr_line' id='line_1_14' title="bbox 338 1906 1360 1991; baseline -0.01 -20"><span class='ocrx_word' id='word_1_109' title='bbox 338 1923 461 1971; x_wconf 78' lang='lat' dir='ltr'><strong>rannac.</strong></span> <span class='ocrx_word' id='word_1_110' title='bbox 483 1908 597 1991; x_wconf 81' lang='lat' dir='ltr'><strong>legitur</strong></span> <span class='ocrx_word' id='word_1_111' title='bbox 612 1909 645 1968; x_wconf 87' lang='lat' dir='ltr'><strong>in</strong></span> <span class='ocrx_word' id='word_1_112' title='bbox 664 1907 799 1969; x_wconf 87' lang='lat' dir='ltr'><strong>Grutero</strong></span> <span class='ocrx_word' id='word_1_113' title='bbox 813 1929 844 1988; x_wconf 91' lang='lat' dir='ltr'><strong>p.</strong></span> <span class='ocrx_word' id='word_1_114' title='bbox 860 1909 945 1986; x_wconf 85' lang='lat'><strong>446.</strong></span> <span class='ocrx_word' id='word_1_115' title='bbox 968 1929 1002 1969; x_wconf 88' lang='lat' dir='ltr'><strong>n.</strong></span> <span class='ocrx_word' id='word_1_116' title='bbox 1025 1924 1054 1969; x_wconf 85' lang='lat'><strong>1.</strong></span> <span class='ocrx_word' id='word_1_117' title='bbox 1088 1906 1199 1967; x_wconf 87' lang='lat' dir='ltr'><strong>Gudio</strong></span> <span class='ocrx_word' id='word_1_118' title='bbox 1218 1925 1250 1986; x_wconf 87' lang='lat' dir='ltr'><strong>p.</strong></span> <span class='ocrx_word' id='word_1_119' title='bbox 1267 1919 1321 1974; x_wconf 83' lang='lat'><strong>27,</strong></span> <span class='ocrx_word' id='word_1_120' title='bbox 1336 1911 1360 1976; x_wconf 76' lang='lat'><strong>8.</strong></span> 
     </span>
     <span class='ocr_line' id='line_1_15' title="bbox 332 2002 1360 2090; baseline -0.008 -20"><span class='ocrx_word' id='word_1_121' title='bbox 332 2012 430 2072; x_wconf 85' lang='lat' dir='ltr'><strong>&#39;Vnde</strong></span> <span class='ocrx_word' id='word_1_122' title='bbox 446 2011 563 2068; x_wconf 88' lang='lat' dir='ltr'><strong>vitium</strong></span> <span class='ocrx_word' id='word_1_123' title='bbox 579 2007 744 2090; x_wconf 84' lang='lat' dir='ltr'><strong>irrepserit,</strong></span> <span class='ocrx_word' id='word_1_124' title='bbox 768 2008 861 2070; x_wconf 87' lang='lat' dir='ltr'><strong>docet</strong></span> <span class='ocrx_word' id='word_1_125' title='bbox 878 2008 1059 2090; x_wconf 85' lang='lat' dir='ltr'><strong>Welleliug.</strong></span> <span class='ocrx_word' id='word_1_126' title='bbox 1078 2008 1115 2067; x_wconf 84' lang='lat' dir='ltr'><strong>ad</strong></span> <span class='ocrx_word' id='word_1_127' title='bbox 1133 2007 1290 2068; x_wconf 84' lang='lat' dir='ltr'><strong>Antonin.</strong></span> <span class='ocrx_word' id='word_1_128' title='bbox 1304 2023 1327 2062; x_wconf 87' lang='lat' dir='ltr'><strong>c.</strong></span> <span class='ocrx_word' id='word_1_129' title='bbox 1344 2002 1360 2062; x_wconf 87' lang='lat' dir='ltr'><strong>l.</strong></span> 
     </span>
     <span class='ocr_line' id='line_1_16' title="bbox 338 2103 1360 2194; baseline -0.009 -22"><span class='ocrx_word' id='word_1_130' title='bbox 338 2111 465 2194; x_wconf 84' lang='lat' dir='ltr'><strong>Nempe</strong></span> <span class='ocrx_word' id='word_1_131' title='bbox 483 2111 617 2172; x_wconf 88' lang='lat' dir='ltr'><strong>nomine</strong></span> <span class='ocrx_word' id='word_1_132' title='bbox 632 2109 788 2170; x_wconf 82' lang='lat' dir='ltr'><strong>Humana</strong></span> <span class='ocrx_word' id='word_1_133' title='bbox 807 2109 914 2170; x_wconf 87' lang='lat' dir='ltr'><strong>medio</strong></span> <span class='ocrx_word' id='word_1_134' title='bbox 930 2128 1011 2170; x_wconf 88' lang='lat' dir='ltr'><strong>aevo</strong></span> <span class='ocrx_word' id='word_1_135' title='bbox 1034 2109 1116 2169; x_wconf 89' lang='lat' dir='ltr'><strong>dicta</strong></span> <span class='ocrx_word' id='word_1_136' title='bbox 1136 2108 1191 2171; x_wconf 81' lang='lat' dir='ltr'><strong>eli.</strong></span> <span class='ocrx_word' id='word_1_137' title='bbox 1232 2107 1295 2169; x_wconf 87' lang='lat' dir='ltr'><strong>Pro</strong></span> <span class='ocrx_word' id='word_1_138' title='bbox 1313 2103 1360 2164; x_wconf 74' lang='lat' dir='ltr'><strong>Pe</strong></span> 
     </span>
     <span class='ocr_line' id='line_1_17' title="bbox 336 2209 1113 2294; baseline -0.001 -22"><span class='ocrx_word' id='word_1_139' title='bbox 336 2213 439 2273; x_wconf 75' lang='lat' dir='ltr'><strong>turcia</strong></span> <span class='ocrx_word' id='word_1_140' title='bbox 460 2211 552 2294; x_wconf 84' lang='lat' dir='ltr'><strong>Prag.</strong></span> <span class='ocrx_word' id='word_1_141' title='bbox 576 2213 723 2291; x_wconf 82' lang='lat' dir='ltr'><strong>potencia</strong></span> <span class='ocrx_word' id='word_1_142' title='bbox 732 2231 745 2283; x_wconf 90' lang='lat'><strong>‚·</strong></span> <span class='ocrx_word' id='word_1_143' title='bbox 776 2209 827 2274; x_wconf 89' lang='lat' dir='ltr'><strong>ed.</strong></span> <span class='ocrx_word' id='word_1_144' title='bbox 856 2223 910 2290; x_wconf 79' lang='lat'><strong>13.</strong></span> <span class='ocrx_word' id='word_1_145' title='bbox 934 2210 1113 2290; x_wconf 76' lang='lat' dir='ltr'><strong>pumentia.</strong></span> 
     </span>
    </p>
   </div>
   <div class='ocr_carea' id='block_1_6' title="bbox 332 2405 1360 3610">
    <p class='ocr_par' dir='ltr' id='par_1_6' title="bbox 332 2405 1360 3610">
     <span class='ocr_line' id='line_1_18' title="bbox 415 2405 1360 2494; baseline -0.012 -19"><span class='ocrx_word' id='word_1_146' title='bbox 415 2411 604 2494; x_wconf 81' lang='lat' dir='ltr'><strong>Cluana)</strong></span> <span class='ocrx_word' id='word_1_147' title='bbox 653 2405 783 2475; x_wconf 82' lang='lat' dir='ltr'><strong>Vossius</strong></span> <span class='ocrx_word' id='word_1_148' title='bbox 807 2433 846 2474; x_wconf 87' lang='lat' dir='ltr'><strong>ex</strong></span> <span class='ocrx_word' id='word_1_149' title='bbox 870 2410 930 2472; x_wconf 79' lang='lat' dir='ltr'><strong>suis</strong></span> <span class='ocrx_word' id='word_1_150' title='bbox 952 2409 1053 2473; x_wconf 81' lang='lat' dir='ltr'><strong>adfert</strong></span> <span class='ocrx_word' id='word_1_151' title='bbox 1071 2410 1218 2480; x_wconf 72' lang='lat' dir='ltr'><strong>Usuerna.</strong></span> <span class='ocrx_word' id='word_1_152' title='bbox 1245 2409 1360 2472; x_wconf 74' lang='lat' dir='ltr'><strong>Ciacco-</strong></span> 
     </span>
     <span class='ocr_line' id='line_1_19' title="bbox 335 2511 1360 2594; baseline -0.011 -18"><span class='ocrx_word' id='word_1_153' title='bbox 335 2515 409 2576; x_wconf 77' lang='lat' dir='ltr'><strong>rrius</strong></span> <span class='ocrx_word' id='word_1_154' title='bbox 433 2515 561 2576; x_wconf 82' lang='lat' dir='ltr'><strong>Clierna</strong></span> <span class='ocrx_word' id='word_1_155' title='bbox 583 2526 616 2576; x_wconf 88' lang='lat' dir='ltr'><strong>et</strong></span> <span class='ocrx_word' id='word_1_156' title='bbox 640 2513 760 2575; x_wconf 83' lang='lat' dir='ltr'><strong>Clima.</strong></span> <span class='ocrx_word' id='word_1_157' title='bbox 810 2515 858 2574; x_wconf 86' lang='lat' dir='ltr'><strong>Ex</strong></span> <span class='ocrx_word' id='word_1_158' title='bbox 876 2517 955 2575; x_wconf 84' lang='lat' dir='ltr'><strong>meis</strong></span> <span class='ocrx_word' id='word_1_159' title='bbox 978 2511 1059 2594; x_wconf 88' lang='lat' dir='ltr'><strong>Lips.</strong></span> <span class='ocrx_word' id='word_1_160' title='bbox 1081 2512 1110 2572; x_wconf 83' lang='lat' dir='ltr'><strong>V</strong></span> <span class='ocrx_word' id='word_1_161' title='bbox 1115 2513 1227 2575; x_wconf 87' lang='lat' dir='ltr'><strong>indnb.</strong></span> <span class='ocrx_word' id='word_1_162' title='bbox 1244 2511 1360 2574; x_wconf 73' lang='lat' dir='ltr'><strong>dietim:</strong></span> 
     </span>
     <span class='ocr_line' id='line_1_20' title="bbox 335 2611 1360 2698; baseline -0.012 -20"><span class='ocrx_word' id='word_1_163' title='bbox 335 2615 493 2685; x_wconf 83' lang='lat' dir='ltr'><strong>Vaticani,</strong></span> <span class='ocrx_word' id='word_1_164' title='bbox 515 2613 707 2685; x_wconf 81' lang='lat' dir='ltr'><strong>Parisrensee,</strong></span> <span class='ocrx_word' id='word_1_165' title='bbox 734 2614 819 2677; x_wconf 88' lang='lat' dir='ltr'><strong>Gud.</strong></span> <span class='ocrx_word' id='word_1_166' title='bbox 844 2616 934 2698; x_wconf 84' lang='lat' dir='ltr'><strong>Prag.</strong></span> <span class='ocrx_word' id='word_1_167' title='bbox 960 2615 1064 2674; x_wconf 84' lang='lat' dir='ltr'><strong>Havn.</strong></span> <span class='ocrx_word' id='word_1_168' title='bbox 1088 2613 1226 2686; x_wconf 61' lang='lat' dir='ltr'><strong>dierum·</strong></span> <span class='ocrx_word' id='word_1_169' title='bbox 1250 2611 1360 2672; x_wconf 85' lang='lat' dir='ltr'><strong>Venet.</strong></span> 
     </span>
     <span class='ocr_line' id='line_1_21' title="bbox 335 2714 1357 2801; baseline -0.013 -22"><span class='ocrx_word' id='word_1_170' title='bbox 335 2717 508 2801; x_wconf 79' lang='lat' dir='ltr'><strong>Rehdiger.</strong></span> <span class='ocrx_word' id='word_1_171' title='bbox 532 2717 674 2798; x_wconf 73' lang='lat' dir='ltr'><strong>clyerna5</strong></span> <span class='ocrx_word' id='word_1_172' title='bbox 707 2714 815 2782; x_wconf 86' lang='lat' dir='ltr'><strong>Cibin.</strong></span> <span class='ocrx_word' id='word_1_173' title='bbox 835 2715 943 2777; x_wconf 81' lang='lat' dir='ltr'><strong>cliena.</strong></span> <span class='ocrx_word' id='word_1_174' title='bbox 996 2715 1078 2776; x_wconf 88' lang='lat' dir='ltr'><strong>Edd.</strong></span> <span class='ocrx_word' id='word_1_175' title='bbox 1107 2735 1136 2776; x_wconf 89' lang='grc' dir='ltr'><strong>ι.</strong></span> <span class='ocrx_word' id='word_1_176' title='bbox 1160 2731 1196 2778; x_wconf 91' lang='lat'><strong>2.</strong></span> <span class='ocrx_word' id='word_1_177' title='bbox 1222 2729 1253 2793; x_wconf 79' lang='lat'><strong>5.</strong></span> <span class='ocrx_word' id='word_1_178' title='bbox 1275 2723 1307 2790; x_wconf 87' lang='lat'><strong>4.</strong></span> <span class='ocrx_word' id='word_1_179' title='bbox 1329 2719 1357 2782; x_wconf 83' lang='lat'><strong>5.</strong></span> 
     </span>
     <span class='ocr_line' id='line_1_22' title="bbox 336 2817 1355 2898; baseline -0.011 -15"><span class='ocrx_word' id='word_1_180' title='bbox 336 2835 371 2898; x_wconf 86' lang='lat'><strong>9.</strong></span> <span class='ocrx_word' id='word_1_181' title='bbox 401 2837 457 2882; x_wconf 74' lang='lat' dir='ltr'><strong>tta</strong></span> <span class='ocrx_word' id='word_1_182' title='bbox 485 2817 633 2890; x_wconf 80' lang='lat' dir='ltr'><strong>Clierna‚·</strong></span> <span class='ocrx_word' id='word_1_183' title='bbox 668 2817 702 2880; x_wconf 90' lang='lat'><strong>6.</strong></span> <span class='ocrx_word' id='word_1_184' title='bbox 729 2836 763 2896; x_wconf 86' lang='lat'><strong>7.</strong></span> <span class='ocrx_word' id='word_1_185' title='bbox 787 2829 820 2895; x_wconf 82' lang='lat'><strong>8.</strong></span> <span class='ocrx_word' id='word_1_186' title='bbox 850 2826 1211 2895; x_wconf 79' lang='lat' dir='ltr'><strong>10.12.13.14.r5.</strong></span> <span class='ocrx_word' id='word_1_187' title='bbox 1236 2829 1287 2886; x_wconf 86' lang='grc' dir='ltr'><strong>ι7.</strong></span> <span class='ocrx_word' id='word_1_188' title='bbox 1308 2826 1355 2891; x_wconf 78' lang='lat'><strong>1¹)-</strong></span> 
     </span>
     <span class='ocr_line' id='line_1_23' title="bbox 339 2915 1354 2996; baseline -0.001 -14"><span class='ocrx_word' id='word_1_189' title='bbox 339 2937 396 2982; x_wconf 90' lang='lat' dir='ltr'><strong>2o.</strong></span> <span class='ocrx_word' id='word_1_190' title='bbox 422 2933 480 2996; x_wconf 81' lang='lat'><strong>23.</strong></span> <span class='ocrx_word' id='word_1_191' title='bbox 509 2918 668 2990; x_wconf 65' lang='lat' dir='ltr'><strong>Clitemm·</strong></span> <span class='ocrx_word' id='word_1_192' title='bbox 713 2919 768 2982; x_wconf 79' lang='lat'><strong>16.</strong></span> <span class='ocrx_word' id='word_1_193' title='bbox 798 2929 853 2995; x_wconf 81' lang='lat'><strong>18.</strong></span> <span class='ocrx_word' id='word_1_194' title='bbox 881 2931 938 2981; x_wconf 84' lang='lat'><strong>21.</strong></span> <span class='ocrx_word' id='word_1_195' title='bbox 965 2931 1023 2980; x_wconf 89' lang='lat'><strong>22.</strong></span> <span class='ocrx_word' id='word_1_196' title='bbox 1049 2926 1108 2995; x_wconf 92' lang='lat'><strong>24.</strong></span> <span class='ocrx_word' id='word_1_197' title='bbox 1142 2928 1201 2994; x_wconf 86' lang='lat'><strong>25.</strong></span> <span class='ocrx_word' id='word_1_198' title='bbox 1228 2915 1282 2977; x_wconf 79' lang='lat'><strong>26.</strong></span> <span class='ocrx_word' id='word_1_199' title='bbox 1304 2923 1354 2981; x_wconf 82' lang='lat'><strong>27.</strong></span> 
     </span>
     <span class='ocr_line' id='line_1_24' title="bbox 336 3017 1355 3098; baseline -0.015 -16"><span class='ocrx_word' id='word_1_200' title='bbox 336 3032 395 3098; x_wconf 80' lang='lat'><strong>28.</strong></span> <span class='ocrx_word' id='word_1_201' title='bbox 418 3019 587 3090; x_wconf 82' lang='lat' dir='ltr'><strong>Vadianae.</strong></span> <span class='ocrx_word' id='word_1_202' title='bbox 615 3018 824 3096; x_wconf 82' lang='lat' dir='ltr'><strong>Olivurianae,</strong></span> <span class='ocrx_word' id='word_1_203' title='bbox 850 3017 999 3088; x_wconf 70' lang='lat' dir='ltr'><strong>Vmerus,</strong></span> <span class='ocrx_word' id='word_1_204' title='bbox 1025 3019 1178 3080; x_wconf 80' lang='lat' dir='ltr'><strong>Schottue</strong></span> <span class='ocrx_word' id='word_1_205' title='bbox 1198 3017 1355 3078; x_wconf 74' lang='lat' dir='ltr'><strong>Claternm</strong></span> 
     </span>
     <span class='ocr_line' id='line_1_25' title="bbox 334 3114 1351 3183; baseline -0.015 -1"><span class='ocrx_word' id='word_1_206' title='bbox 334 3117 466 3183; x_wconf 78' lang='lat' dir='ltr'><strong>Vossius</strong></span> <span class='ocrx_word' id='word_1_207' title='bbox 488 3141 562 3182; x_wconf 86' lang='lat' dir='ltr'><strong>cum</strong></span> <span class='ocrx_word' id='word_1_208' title='bbox 583 3121 693 3182; x_wconf 75' lang='lat' dir='ltr'><strong>ceteris</strong></span> <span class='ocrx_word' id='word_1_209' title='bbox 721 3119 857 3182; x_wconf 82' lang='lat' dir='ltr'><strong>Cluana.</strong></span> <span class='ocrx_word' id='word_1_210' title='bbox 897 3137 1099 3182; x_wconf 74' lang='lat' dir='ltr'><strong>Tzscuvcrrn.</strong></span> <span class='ocrx_word' id='word_1_211' title='bbox 1156 3114 1351 3182; x_wconf 80' lang='lat' dir='ltr'><strong>scribendum</strong></span> 
     </span>
     <span class='ocr_line' id='line_1_26' title="bbox 338 3209 1348 3306; baseline -0.009 -22"><span class='ocrx_word' id='word_1_212' title='bbox 338 3219 496 3292; x_wconf 79' lang='lat' dir='ltr'><strong>Cliterna,</strong></span> <span class='ocrx_word' id='word_1_213' title='bbox 534 3221 644 3302; x_wconf 78' lang='lat' dir='ltr'><strong>Cupra</strong></span> <span class='ocrx_word' id='word_1_214' title='bbox 667 3240 704 3282; x_wconf 88' lang='lat' dir='ltr'><strong>ex</strong></span> <span class='ocrx_word' id='word_1_215' title='bbox 726 3221 832 3283; x_wconf 85' lang='lat' dir='ltr'><strong>Plinio</strong></span> <span class='ocrx_word' id='word_1_216' title='bbox 855 3215 913 3306; x_wconf 77' lang='lat'><strong>[3,</strong></span> <span class='ocrx_word' id='word_1_217' title='bbox 944 3221 998 3284; x_wconf 84' lang='lat'><strong>16.</strong></span> <span class='ocrx_word' id='word_1_218' title='bbox 1021 3217 1042 3282; x_wconf 88' lang='lat' dir='ltr'><strong>s.</strong></span> <span class='ocrx_word' id='word_1_219' title='bbox 1071 3209 1148 3305; x_wconf 85' lang='grc' dir='ltr'><strong>ιι.]</strong></span> <span class='ocrx_word' id='word_1_220' title='bbox 1178 3218 1348 3293; x_wconf 80' lang='lat' dir='ltr'><strong>cererisque·</strong></span> 
     </span>
     <span class='ocr_line' id='line_1_27' title="bbox 334 3319 1349 3402; baseline -0.005 -20"><span class='ocrx_word' id='word_1_221' title='bbox 334 3341 520 3384; x_wconf 75' lang='lat' dir='ltr'><strong>aanuaavt.</strong></span> <span class='ocrx_word' id='word_1_222' title='bbox 571 3323 636 3384; x_wconf 91' lang='lat' dir='ltr'><strong>Pro</strong></span> <span class='ocrx_word' id='word_1_223' title='bbox 663 3321 814 3391; x_wconf 80' lang='lat' dir='ltr'><strong>Cluerna.</strong></span> <span class='ocrx_word' id='word_1_224' title='bbox 846 3322 893 3380; x_wconf 90' lang='lat' dir='ltr'><strong>uti</strong></span> <span class='ocrx_word' id='word_1_225' title='bbox 915 3335 979 3382; x_wconf 86' lang='lat' dir='ltr'><strong>erat</strong></span> <span class='ocrx_word' id='word_1_226' title='bbox 1001 3323 1035 3382; x_wconf 90' lang='lat' dir='ltr'><strong>in</strong></span> <span class='ocrx_word' id='word_1_227' title='bbox 1057 3319 1289 3402; x_wconf 78' lang='lat' dir='ltr'><strong>manuscriptio,</strong></span> <span class='ocrx_word' id='word_1_228' title='bbox 1311 3329 1349 3371; x_wconf 74' lang='lat' dir='ltr'><strong>re·</strong></span> 
     </span>
     <span class='ocr_line' id='line_1_28' title="bbox 332 3418 1346 3510; baseline -0.004 -27"><span class='ocrx_word' id='word_1_229' title='bbox 332 3420 424 3506; x_wconf 87' lang='lat' dir='ltr'><strong>posui</strong></span> <span class='ocrx_word' id='word_1_230' title='bbox 447 3423 622 3493; x_wconf 74' lang='lat' dir='ltr'><strong>Cluatium,</strong></span> <span class='ocrx_word' id='word_1_231' title='bbox 653 3423 740 3504; x_wconf 89' lang='lat' dir='ltr'><strong>quod</strong></span> <span class='ocrx_word' id='word_1_232' title='bbox 766 3425 861 3484; x_wconf 85' lang='lat' dir='ltr'><strong>etiam</strong></span> <span class='ocrx_word' id='word_1_233' title='bbox 882 3423 1051 3484; x_wconf 76' lang='lat' dir='ltr'><strong>Cluverius</strong></span> <span class='ocrx_word' id='word_1_234' title='bbox 1078 3418 1127 3510; x_wconf 86' lang='lat' dir='ltr'><strong>[c.</strong></span> <span class='ocrx_word' id='word_1_235' title='bbox 1148 3423 1169 3484; x_wconf 91' lang='lat' dir='ltr'><strong>l.</strong></span> <span class='ocrx_word' id='word_1_236' title='bbox 1194 3437 1226 3483; x_wconf 89' lang='lat' dir='ltr'><strong>et</strong></span> <span class='ocrx_word' id='word_1_237' title='bbox 1246 3435 1277 3492; x_wconf 80' lang='lat'><strong>2,</strong></span> <span class='ocrx_word' id='word_1_238' title='bbox 1302 3431 1346 3472; x_wconf 85' lang='lat'><strong>1¹·</strong></span> 
     </span>
     <span class='ocr_line' id='line_1_29' title="bbox 333 3517 1346 3610; baseline -0.01 -24"><span class='ocrx_word' id='word_1_239' title='bbox 333 3545 365 3606; x_wconf 86' lang='lat' dir='ltr'><strong>p.</strong></span> <span class='ocrx_word' id='word_1_240' title='bbox 388 3517 496 3610; x_wconf 78' lang='lat'><strong>735.]</strong></span> <span class='ocrx_word' id='word_1_241' title='bbox 523 3525 616 3587; x_wconf 86' lang='lat' dir='ltr'><strong>vidit.</strong></span> <span class='ocrx_word' id='word_1_242' title='bbox 644 3543 785 3586; x_wconf 83' lang='lat' dir='ltr'><strong>voesrvo.</strong></span> <span class='ocrx_word' id='word_1_243' title='bbox 839 3521 933 3584; x_wconf 88' lang='lat' dir='ltr'><strong>Nulla</strong></span> <span class='ocrx_word' id='word_1_244' title='bbox 951 3525 1002 3585; x_wconf 88' lang='lat' dir='ltr'><strong>hic</strong></span> <span class='ocrx_word' id='word_1_245' title='bbox 1020 3523 1145 3585; x_wconf 80' lang='lat' dir='ltr'><strong>Clierrra</strong></span> <span class='ocrx_word' id='word_1_246' title='bbox 1159 3538 1214 3583; x_wconf 86' lang='lat' dir='ltr'><strong>aut</strong></span> <span class='ocrx_word' id='word_1_247' title='bbox 1231 3519 1346 3580; x_wconf 73' lang='lat' dir='ltr'><strong>Dierrm.</strong></span> 
     </span>
    </p>
   </div>
   <div class='ocr_carea' id='block_1_7' title="bbox 331 3616 1347 4209">
    <p class='ocr_par' dir='ltr' id='par_1_7' title="bbox 331 3616 1347 4209">
     <span class='ocr_line' id='line_1_30' title="bbox 333 3616 1347 3707; baseline -0.007 -23"><span class='ocrx_word' id='word_1_248' title='bbox 333 3644 393 3686; x_wconf 85' lang='lat' dir='ltr'><strong>uec</strong></span> <span class='ocrx_word' id='word_1_249' title='bbox 415 3625 610 3707; x_wconf 85' lang='lat' dir='ltr'><strong>superiorum</strong></span> <span class='ocrx_word' id='word_1_250' title='bbox 633 3616 812 3696; x_wconf 53' lang='lat' dir='ltr'><strong>lectiones&amp;</strong></span> <span class='ocrx_word' id='word_1_251' title='bbox 839 3624 981 3686; x_wconf 72' lang='lat' dir='ltr'><strong>Cliternia</strong></span> <span class='ocrx_word' id='word_1_252' title='bbox 1004 3637 1037 3686; x_wconf 85' lang='lat' dir='ltr'><strong>et</strong></span> <span class='ocrx_word' id='word_1_253' title='bbox 1064 3624 1216 3686; x_wconf 82' lang='lat' dir='ltr'><strong>Claterna</strong></span> <span class='ocrx_word' id='word_1_254' title='bbox 1234 3627 1347 3702; x_wconf 80' lang='lat' dir='ltr'><strong>propter</strong></span> 
     </span>
     <span class='ocr_line' id='line_1_31' title="bbox 333 3713 1347 3808; baseline -0.006 -22"><span class='ocrx_word' id='word_1_255' title='bbox 333 3723 492 3806; x_wconf 79' lang='lat' dir='ltr'><strong>sequentia</strong></span> <span class='ocrx_word' id='word_1_256' title='bbox 512 3724 676 3808; x_wconf 85' lang='lat' dir='ltr'><strong>ipsumque</strong></span> <span class='ocrx_word' id='word_1_257' title='bbox 698 3726 790 3786; x_wconf 80' lang='lat' dir='ltr'><strong>situm</strong></span> <span class='ocrx_word' id='word_1_258' title='bbox 805 3727 931 3786; x_wconf 86' lang='lat' dir='ltr'><strong>admitti</strong></span> <span class='ocrx_word' id='word_1_259' title='bbox 952 3725 1088 3807; x_wconf 75' lang='lat' dir='ltr'><strong>poliunt.</strong></span> <span class='ocrx_word' id='word_1_260' title='bbox 1140 3723 1263 3804; x_wconf 90' lang='lat' dir='ltr'><strong>Nempe</strong></span> <span class='ocrx_word' id='word_1_261' title='bbox 1285 3713 1347 3776; x_wconf 67' lang='lat' dir='ltr'><strong>Cla·</strong></span> 
     </span>
     <span class='ocr_line' id='line_1_32' title="bbox 332 3815 1346 3910; baseline -0.017 -22"><span class='ocrx_word' id='word_1_262' title='bbox 332 3839 424 3888; x_wconf 83' lang='lat' dir='ltr'><strong>terna</strong></span> <span class='ocrx_word' id='word_1_263' title='bbox 454 3828 571 3890; x_wconf 80' lang='lat' dir='ltr'><strong>Galliae</strong></span> <span class='ocrx_word' id='word_1_264' title='bbox 604 3827 783 3908; x_wconf 74' lang='lat' dir='ltr'><strong>Cisalpinae</strong></span> <span class='ocrx_word' id='word_1_265' title='bbox 810 3825 871 3886; x_wconf 80' lang='lat' dir='ltr'><strong>fuit</strong></span> <span class='ocrx_word' id='word_1_266' title='bbox 897 3829 1053 3910; x_wconf 84' lang='lat' dir='ltr'><strong>oppidum</strong></span> <span class='ocrx_word' id='word_1_267' title='bbox 1079 3827 1173 3910; x_wconf 85' lang='lat' dir='ltr'><strong>longe</strong></span> <span class='ocrx_word' id='word_1_268' title='bbox 1199 3825 1270 3884; x_wconf 81' lang='lat' dir='ltr'><strong>hinc</strong></span> <span class='ocrx_word' id='word_1_269' title='bbox 1295 3815 1346 3874; x_wconf 81' lang='lat' dir='ltr'><strong>dit·</strong></span> 
     </span>
     <span class='ocr_line' id='line_1_33' title="bbox 332 3925 1345 4010; baseline -0.007 -22"><span class='ocrx_word' id='word_1_270' title='bbox 332 3927 438 4000; x_wconf 84' lang='lat' dir='ltr'><strong>litum,</strong></span> <span class='ocrx_word' id='word_1_271' title='bbox 467 3927 648 3992; x_wconf 74' lang='lat' dir='ltr'><strong>Curemus.</strong></span> <span class='ocrx_word' id='word_1_272' title='bbox 672 3929 780 4010; x_wconf 78' lang='lat' dir='ltr'><strong>potius</strong></span> <span class='ocrx_word' id='word_1_273' title='bbox 798 3929 964 4000; x_wconf 82' lang='lat' dir='ltr'><strong>Cliternia,</strong></span> <span class='ocrx_word' id='word_1_274' title='bbox 991 3941 1027 3988; x_wconf 89' lang='lat' dir='ltr'><strong>ut</strong></span> <span class='ocrx_word' id='word_1_275' title='bbox 1048 3925 1137 3997; x_wconf 85' lang='lat' dir='ltr'><strong>infra,</strong></span> <span class='ocrx_word' id='word_1_276' title='bbox 1165 3929 1345 3988; x_wconf 75' lang='lat' dir='ltr'><strong>Danaorum.</strong></span> 
     </span>
     <span class='ocr_line' id='line_1_34' title="bbox 331 4015 1346 4114; baseline -0.012 -26"><span class='ocrx_word' id='word_1_277' title='bbox 331 4027 389 4089; x_wconf 89' lang='lat' dir='ltr'><strong>ubi</strong></span> <span class='ocrx_word' id='word_1_278' title='bbox 404 4031 472 4114; x_wconf 79' lang='lat' dir='ltr'><strong>vid.</strong></span> <span class='ocrx_word' id='word_1_279' title='bbox 489 4043 607 4092; x_wconf 88' lang='lat' dir='ltr'><strong>notata.</strong></span> <span class='ocrx_word' id='word_1_280' title='bbox 636 4031 778 4089; x_wconf 87' lang='lat' dir='ltr'><strong>Tantum</strong></span> <span class='ocrx_word' id='word_1_281' title='bbox 794 4029 891 4113; x_wconf 82' lang='lat' dir='ltr'><strong>igitur</strong></span> <span class='ocrx_word' id='word_1_282' title='bbox 909 4029 1047 4090; x_wconf 86' lang='lat' dir='ltr'><strong>aberrare</strong></span> <span class='ocrx_word' id='word_1_283' title='bbox 1065 4029 1147 4088; x_wconf 86' lang='lat' dir='ltr'><strong>Mela</strong></span> <span class='ocrx_word' id='word_1_284' title='bbox 1164 4049 1229 4090; x_wconf 86' lang='lat' dir='ltr'><strong>non</strong></span> <span class='ocrx_word' id='word_1_285' title='bbox 1244 4015 1346 4104; x_wconf 82' lang='lat' dir='ltr'><strong>potuit.</strong></span> 
     </span>
     <span class='ocr_line' id='line_1_35' title="bbox 332 4120 1345 4209; baseline 0 -17"><span class='ocrx_word' id='word_1_286' title='bbox 332 4129 375 4192; x_wconf 76' lang='lat' dir='ltr'><strong>dt</strong></span> <span class='ocrx_word' id='word_1_287' title='bbox 393 4131 548 4193; x_wconf 71' lang='lat' dir='ltr'><strong>Cluatium</strong></span> <span class='ocrx_word' id='word_1_288' title='bbox 564 4132 597 4190; x_wconf 89' lang='lat' dir='ltr'><strong>in</strong></span> <span class='ocrx_word' id='word_1_289' title='bbox 612 4131 727 4192; x_wconf 88' lang='lat' dir='ltr'><strong>eodem</strong></span> <span class='ocrx_word' id='word_1_290' title='bbox 743 4128 870 4193; x_wconf 88' lang='lat' dir='ltr'><strong>recensu</strong></span> <span class='ocrx_word' id='word_1_291' title='bbox 888 4145 992 4192; x_wconf 89' lang='lat' dir='ltr'><strong>tuetur</strong></span> <span class='ocrx_word' id='word_1_292' title='bbox 1006 4131 1131 4193; x_wconf 73' lang='lat' dir='ltr'><strong>Plinius</strong></span> <span class='ocrx_word' id='word_1_293' title='bbox 1149 4143 1180 4209; x_wconf 77' lang='lat'><strong>5,</strong></span> <span class='ocrx_word' id='word_1_294' title='bbox 1201 4120 1345 4206; x_wconf 77' lang='lat' dir='ltr'><strong>23,l.13·</strong></span> 
     </span>
    </p>
   </div>
   <div class='ocr_carea' id='block_1_8' title="bbox 0 0 1396 4944">
    <p class='ocr_par' dir='ltr' id='par_1_8' title="bbox 0 0 1396 4944">
     <span class='ocr_line' id='line_1_36' title="bbox 0 0 1396 4944; baseline 0 2"><span class='ocrx_word' id='word_1_295' title='bbox 0 0 1396 4944; x_wconf 95' lang='lat' dir='ltr'><strong> </strong></span> 
     </span>
    </p>
   </div>
  </div>
 </body>
</html>
