2810 4944
369 465 456 522 Lru.
486 467 522 520 n.
573 465 605 521 C·
632 465 668 522 V·
711 460 789 530 Η.
1036 475 1098 542 395

87 639 186 700 intera
204 657 318 700 verum
344 637 386 700 est
409 658 544 708 nomen,
586 649 619 699 et
640 635 680 698 iic
707 635 781 698 iibri
805 649 930 700 veteres
957 637 1100 701 melioris

86 753 170 801 notre.
202 759 342 802 vossrvo.
402 741 448 800 lta
469 753 502 800 et
526 759 612 800 nunc
632 751 716 798 certo
739 739 856 822 iegitur
874 741 906 800 iu
930 739 1037 800 Plinio
1063 759 1098 822 9,

86 841 187 919 (pig.
221 841 277 902 ubi
302 845 336 902 in
357 863 373 900 e
392 841 475 910 libri,
506 840 571 910 etsi,
603 841 675 900 aliar
699 841 857 920 corrupti,
886 839 1100 912 consentiunt,

84 943 123 1002 cui
142 945 266 1024 quidem
291 943 432 1026 stagnum
454 941 514 1010 est.
554 943 638 1022 quod
663 941 726 1000 fine
751 941 853 1002 dubio
876 941 915 1002 ad
943 941 1101 1004 castellnm

84 1047 228 1124 pertinuit.
282 1044 471 1128 Geographo
506 1043 652 1104 iiaveun.
678 1053 719 1118 4.
751 1053 808 1118 28.
841 1055 949 1106 tamen
983 1043 1100 1106 dicitur

84 1147 177 1208 civitas
197 1147 346 1216 Latara,
372 1159 409 1206 ut
425 1145 521 1206 dubia
541 1143 665 1206 haereat
683 1141 841 1226 scripturo.

141 1339 310 1441 Mesua)
361 1349 461 1412 Vatic.
481 1361 515 1426 3.
537 1347 629 1430 Prag.
657 1346 798 1410 vindob.
822 1339 980 1438 Mensun,·
1016 1349 1100 1432 Lipi.

83 1443 207 1538 iirffi1n3
239 1453 297 1512 alii
316 1441 434 1541 Mesua
457 1469 530 1510 cunr
555 1449 764 1510 editionibur.
818 1447 1034 1510 Monumeuta
1060 1463 1102 1512 ta·
1216 1463 1220 1474 '

82 1571 140 1612 nun
163 1551 314 1634 sequiorit
334 1553 405 1613 aevi
428 1543 541 1642 Mesoa
564 1549 719 1618 scribunt,
751 1550 791 1610 cir
810 1549 925 1630 quibus
942 1551 1102 1616 d'rinville

82 1653 106 1710 in
126 1655 222 1716 notice
247 1655 290 1716 de
313 1655 341 1714 ia
366 1653 465 1714 Gauie
488 1675 518 1734 p.
538 1663 623 1732 459.
660 1663 692 1712 et
715 1665 788 1712 unte
812 1673 887 1714 eum
909 1653 1045 1716 Valesius
1067 1655 1102 1714 irr

82 1757 173 1816 notitia
196 1757 371 1817 Galliarum
393 1775 425 1836 p.
452 1767 535 1831 557.
563 1753 618 1832 qui
641 1765 758 1820 tamen,
790 1751 869 1814 sisu
891 1753 991 1815 hodie
1013 1745 1104 1846 Mese

82 1857 261 1934 oppidulum,
294 1855 358 1938 ipio
375 1855 463 1916 collis
480 1856 586 1916 Setius
601 1873 704 1922 mous,
730 1853 763 1916 h.
784 1851 857 1930 Cap
874 1853 913 1914 de
930 1855 1026 1924 Sette,
1048 1869 1103 1917 aut

82 1955 231 2036 legendum
256 1957 312 2019 hic
337 1955 441 2018 censet
462 1945 596 2048 Mesune
620 1954 726 2024 toliis,
761 1965 817 2016 rut
839 1953 1102 2042 distinguendum

83 2059 195 2147 Mejua,
226 2059 318 2122 collis
341 2087 392 2102 -

140 2259 314 2346 aggere)
349 2261 440 2345 Prag.
454 2260 583 2342 aggeri,·
608 2256 717 2322 Cibin.
736 2257 931 2332 adnectitur,
951 2261 999 2322 uti
1016 2259 1102 2325 dedi.

143 2462 345 2526 Cebenuis
354 2462 372 2544 )
423 2461 504 2526 voff.
528 2483 557 2525 r.
580 2461 688 2524 Cibin.
706 2459 874 2536 Schmuisr
898 2463 1037 2528 vindob.
1059 2487 1104 2526 ce-

83 2559 182 2638 hemis5
214 2567 309 2650 Prag.
327 2561 487 2645 gibennir,·
515 2563 600 2646 Lipi.
617 2577 739 2624 etcum
761 2563 833 2626 odd.
854 2563 970 2628 conlati
991 2563 1105 2626 Geireu·

83 2665 135 2734 nis,-
157 2667 262 2748 plurer
285 2667 339 2726 alii
361 2663 523 2726 Cebeuuis.
574 2665 657 2726 Edd.
681 2665 757 2725 inde
778 2683 795 2726 a
814 2667 927 2746 primis
951 2663 1104 2728 Gebemn's

84 2767 110 2821 ud
134 2779 189 2844 42.
225 2768 296 2850 poii
317 2786 411 2848 quam
434 2779 606 2848 praeeunte
627 2765 812 2834 Reinoidio,
839 2767 952 2839 immo,
979 2769 1104 2848 opinor,

84 2865 192 2940 iniero,
217 2869 395 2952 repositum
416 2865 578 2938 Cebenuis,
603 2867 720 2948 dequo
737 2865 887 2950 scriptura
903 2869 1026 2930 dictum
1041 2870 1106 2930 iam

82 2965 114 3026 tit
134 2972 239 3052 capitio
261 2971 368 3032 initio.

143 3162 369 3264 demissus)
419 3169 604 3232 Vindobun.
629 3163 780 3260 dimiffis,·
820 3169 905 3234 Gnd.
931 3173 1105 3258 Rehdiger.

83 3267 166 3334 Vatic.
186 3289 219 3352 5.
242 3267 398 3364 demiffis,·
421 3273 513 3358 Prag.
539 3269 623 3354 Lipi.
641 3263 795 3360 dimiffirs.
840 3273 882 3334 Ar
904 3265 1049 3364 durriffus
1071 3275 1107 3336 iu

83 3365 134 3434 hoc
151 3395 235 3436 nexu
254 3391 340 3438 recte
360 3373 473 3446 hibet,
502 3375 551 3434 uti
573 3391 651 3434 mox
671 3363 839 3462 degreffus.

145 3577 344 3658 Arauris)
393 3577 494 3638 Vatio.
521 3590 553 3654 5.
584 3573 679 3638 Paris.
702 3589 736 3638 Ω.
767 3573 876 3638 Cibin.
905 3575 991 3638 oud.
1022 3577 1110 3640 neh·

85 3673 169 3758 diget.
195 3679 380 3740 vindobon.
404 3679 517 3740 Veuet.
544 3677 650 3740 Havn.
669 3671 819 3766 Arausrsr
852 3677 943 3760 Prag.
963 3679 1107 3740 Auratis.

86 3775 156 3838 Eur.
178 3799 208 3842 1.
238 3797 271 3844 2.
291 3795 324 3858 3.
347 3789 382 3858 4.
405 3793 439 3854 5.
465 3797 498 3857 9.
529 3799 583 3840 rr.
607 3773 759 3868 Arnuflu
793 3777 827 3840 6.
850 3791 883 3852 7.
909 3791 943 3854 8.
965 3796 1020 3840 ιο.
1052 3795 1119 3849 12..

91 3891 137 3950 15·
157 3889 211 3960 14.
234 3883 289 3944 16.
311 3893 366 3956 ιθ.
386 3895 442 3943 21.
467 3895 525 3942 22.
546 3889 601 3958 24.
626 3891 684 3956 25.
708 3878 874 3948 vadianto,
899 3877 1108 3951 Olivrrianae,

88 3977 218 4052 i'iuetur,
239 3983 391 4046 sthnuur
404 3983 594 4054 Arnurnrir,·
625 3999 680 4064 rr).
697 3981 826 4052 Araris,·
852 3975 975 4042 Vossiuo
988 3995 1021 4042 et
1037 3981 1109 4043 reli·

89 4081 133 4154 qui
147 4085 281 4156 Arauris,
300 4097 336 4142 ut
353 4081 431 4144 olim
448 4083 518 4144 Aid.
536 4085 624 4144 lunt.
642 4101 714 4142 cum
731 4081 829 4142 vnio.
845 4099 874 4144 ι.
902 4099 1108 4146 τικηνυκε.

88 4179 186 4242 Strabo
210 4179 267 4272 [4.
288 4206 320 4268 p.
337 4203 382 4246 m.
404 4183 484 4248 126.
502 4183 523 4246 s.
549 4179 651 4270 rgo]
676 4183 847 4244 Araurnris
867 4181 929 4244 sire
951 4183 1110 4246 narraris
