2792 4940
342 451 401 532 ¹4⁶
645 453 890 516 roucourt
923 461 1084 518 uncta

342 647 517 718 tectrtmque
538 627 633 714 peries
650 644 860 696 contemnerer
879 653 1006 720 aequor.
1041 636 1093 699 Sic
1113 635 1218 718 itaque
1235 655 1310 698 cum
1334 649 1379 698 tot

342 739 410 799 aliis
443 735 626 799 auctoribus
664 739 936 821 transnavigatum
968 737 1054 799 Atho
1087 739 1221 800 mirifice
1253 755 1379 818 quoque

343 838 459 922 scripsit
481 837 576 901 Mela.
628 837 802 899 statumen
826 859 901 899 eum
925 836 1185 924 scripsrffeputot
1218 829 1315 928 perso
1347 859 1379 900 ut

343 953 375 1002 et
397 941 441 1002 ad
457 941 560 1002 Sanan
577 936 617 1000 ab
640 960 736 1023 usque
755 930 868 1028 Thyffo
881 930 1000 1030 factus
1012 931 1108 1030 freto
1128 961 1205 1004 trau.
1256 936 1379 1006 Voffiut

342 1041 408 1124 ipse
431 1041 487 1102 sthi
508 1044 655 1122 laqueum
676 1043 785 1112 nectit,
809 1044 887 1100 dunt
909 1039 1023 1112 scribit,
1051 1043 1254 1104 Herodotum
1271 1039 1379 1104 tottam

342 1145 455 1207 Xerxis
471 1145 510 1206 ab
527 1143 670 1208 Acantho
687 1141 767 1204 urbe
784 1141 927 1225 coepisse.
949 1164 1044 1226 quem
1059 1163 1100 1205 ne
1111 1132 1220 1229 'tetigit
1237 1144 1379 1226 quidem.

345 1265 369 1310 1.
392 1265 588 1308 cnouovrvs
606 1247 637 1305 in
654 1257 732 1306 ncta
748 1243 846 1308 edita.
899 1247 1057 1308 Dedimus
1079 1247 1260 1316 lectionem,
1280 1265 1379 1326 quarn

343 1351 377 1410 in
393 1348 580 1409 melioribus
602 1348 787 1409 invenimus
806 1347 904 1408 libris.
958 1346 987 1407 Τ
985 1327 1171 1428 rausiugare
1191 1365 1248 1432 pro
1266 1348 1379 1430 iugum

306 1507 308 1515 .
343 1453 464 1512 montis
482 1449 623 1531 superare
643 1447 717 1509 alibi
738 1468 804 1510 non
827 1450 981 1522 occurrit;
1017 1447 1067 1510 sed
1089 1447 1228 1510 solemne
1247 1447 1289 1510 est
1310 1449 1379 1530 qui·

342 1551 453 1614 bustis
476 1549 676 1634 scriptoribus
698 1570 748 1612 rer
773 1571 873 1612 novas
889 1566 922 1612 et
940 1551 1098 1612 inusitatas
1120 1553 1214 1614 novio
1234 1551 1332 1612 etiarn
1349 1561 1379 1611 et

344 1673 412 1716 non
438 1653 557 1714 usitatio
579 1653 734 1736 explicare
755 1655 898 1715 vocibus.
959 1655 1001 1713 Et
1030 1653 1083 1714 hic
1105 1672 1232 1734 quoque
1253 1652 1379 1713 Grouo·

343 1757 417 1816 vius
438 1755 591 1823 ostendit,
624 1773 718 1834 quam
741 1757 804 1816 acri
826 1755 863 1816 iit
884 1755 1019 1820 iudicio.
1052 1775 1153 1836 quum
1173 1739 1286 1838 negat,
1312 1771 1379 1814 non

342 1857 477 1938 potuisse
503 1855 653 1917 isthmum
675 1857 773 1916 huius
794 1859 915 1918 montis
942 1857 1142 1940 mauringam,
1183 1869 1297 1938 utpote
1325 1855 1379 1935 qui

343 1959 419 2020 teste
448 1957 616 2018 Herodoto
645 1957 824 2019 contineret
850 1953 957 2021 πεδίον
981 1971 1013 2020 et
1037 1949 1199 2032 κολωνοὺς
1219 1946 1256 2020 οὐ
1278 1949 1379 2042 ptpa'·

344 2057 432 2134 λους.
493 2059 542 2120 tin
565 2077 641 2142 ergo
671 2058 766 2120 colles
789 2061 995 2141 quantumvis
1020 2061 1139 2119 minuti
1161 2057 1292 2142 possunt
1321 2055 1379 2117 eise

343 2161 408 2222 sine
428 2161 511 2244 iugis
530 2175 562 2223 et
577 2159 768 2223 montibus?
822 2161 1148 2244 Trarnuvigatusque.
1171 2159 1258 2242 quod
1277 2159 1379 2242 vulgo

344 2262 489 2330 obtinet.
530 2263 603 2322 ideo
631 2263 737 2322 minus
763 2263 881 2344 placet,
915 2265 987 2344 quia
1020 2261 1158 2344 sequitur
1190 2257 1379 2341 navigabili.

343 2363 412 2444 lpse
433 2378 537 2424 tamen
557 2363 679 2434 iaudat,
712 2362 761 2423 sed
785 2383 861 2424 mox
883 2363 1061 2445 resipiscens
1074 2363 1142 2447 post
1159 2364 1293 2448 longam
1316 2380 1379 2422 me·

341 2467 530 2526 ditationem
550 2465 631 2524 hanc
653 2466 784 2524 denuuu
805 2480 1008 2528 commentus
1028 2465 1070 2526 est
1089 2467 1279 2526 lectionem:
1312 2483 1379 2541 per·

342 2551 448 2656 foffus
465 2565 509 2626 ari
528 2567 631 2625 Seuera
651 2564 692 2625 ab
711 2585 806 2647 usque
825 2557 938 2654 Thyffo
950 2559 1072 2657 factus
1083 2559 1179 2655 freto
1199 2561 1379 2644 navigabili

340 2669 476 2747 peruius.
528 2666 609 2750 Quia
631 2685 697 2727 non
719 2669 786 2728 eiue
810 2669 944 2728 miretur
965 2687 1117 2738 acumen,
1155 2682 1220 2728 tarn
1241 2663 1377 2726 feliciter

342 2770 560 2835 coniectantiu.
583 2781 619 2827 ut
636 2769 806 2829 lectionem
822 2770 993 2840 invenerit,
1014 2789 1094 2849 quae
1111 2769 1269 2830 librorum
1289 2780 1377 2828 vete·

340 2890 417 2930 rum
440 2867 622 2951 scripturam
644 2883 898 2954 praeterpropter
925 2885 990 2930 tam
1013 2871 1095 2930 bene
1118 2867 1243 2938 referat,
1281 2886 1375 2949 quarn

342 2971 463 3032 srmiam
489 2968 603 3032 reserat
632 2971 745 3034 asinus.
808 2973 888 3033 Satio
909 2972 987 3032 clare
1017 2971 1157 3051 loquitur
1179 2971 1373 3036 Herodotus.

340 3092 416 3133 cum
434 3071 517 3132 libro
543 3071 576 3136 6.
603 3064 659 3156 [7‚
684 3065 759 3156 au]
784 3085 817 3133 et
839 3075 953 3133 iterum
973 3073 1053 3132 libro
1072 3087 1105 3144 7.
1130 3065 1305 3159 [c.117.]
1330 3086 1374 3128 re·

338 3171 414 3243 sert,
449 3173 658 3234 Attachaeum
685 3194 702 3234 a
728 3175 829 3235 Xerxe
852 3173 1053 3254 praemissum
1074 3169 1162 3233 fuisse
1185 3173 1371 3238 Acanthum,

338 3288 377 3334 ut
400 3275 475 3335 iude
497 3271 571 3334 fossa
586 3276 624 3334 ad
641 3276 744 3354 Sanen
766 3277 1000 3357 perduceretur.
1054 3273 1139 3337 Cum
1162 3293 1237 3336 vero
1254 3275 1371 3334 eodem

338 3374 420 3435 libro
443 3367 490 3458 [c.
510 3369 589 3458 um]
612 3375 699 3442 dicit.
727 3376 765 3436 ab
780 3377 1007 3438 Acantltiorum
1026 3379 1104 3436 mari
1122 3389 1267 3456 coeptam
1284 3371 1369 3433 fnisse

338 3469 520 3546 saisionem,
548 3476 634 3537 idem
657 3479 744 3547 dicit,
774 3477 924 3558 squidem
943 3479 974 3537 in
997 3479 1113 3539 intimo
1140 3475 1290 3537 Acanthii
1310 3493 1370 3533 ma·

336 3579 379 3638 riu
399 3576 515 3639 recessu
535 3579 568 3638 in
591 3576 658 3659 ipso
675 3577 790 3640 isthmo
812 3581 865 3640 srta
887 3593 951 3640 erat
968 3579 1137 3647 Acanthus.
1165 3581 1206 3637 ita
1223 3589 1260 3636 ut
1277 3576 1370 3637 Acan-

337 3678 412 3740 thus
432 3692 463 3740 et
477 3681 558 3740 Sane
576 3699 643 3740 non
661 3681 719 3741 nist
734 3679 854 3762 septem
870 3679 1038 3742 studiorum
1057 3680 1223 3740 intervallo
1239 3697 1255 3738 a
1278 3675 1306 3737 se
1326 3677 1370 3732 in·

338 3781 441 3842 vicent
463 3779 617 3850 abessent,
643 3783 730 3843 unde
748 3781 785 3842 ab
803 3787 976 3860 Anonymo
998 3782 1031 3840 in
1049 3779 1202 3864 Periegesr
1217 3779 1254 3840 ad
1277 3776 1367 3838 Nico-

336 3883 464 3942 medem
499 3877 662 3969 [Scymno
703 3883 787 3945 Chio
821 3905 853 3945 v.
878 3875 982 3966 647.]
1017 3869 1136 3968 διώρυξ
1170 3882 1222 3942 itta
1253 3881 1368 3940 dicitur

335 3976 568 4068 ξπταστάὸιος,
595 4006 688 4066 quam
711 3999 817 4045 tamen
841 3984 1036 4052 Herodotus,
1059 3983 1115 4060 [7‚
1139 3983 1219 4062 αι]
1246 3978 1367 4041 Plinius

335 4083 393 4164 [4‚
416 4101 469 4152 ¹7·
488 4081 507 4144 s.
531 4089 608 4167 ιο.]
633 4100 665 4145 et
684 4087 737 4146 alii
756 4086 860 4146 habita
875 4087 971 4147 totius
993 4083 1098 4145 isthmi
1113 4085 1234 4146 ratione
1252 4079 1368 4142 duode-

335 4186 400 4244 cim
422 4184 604 4260 stadiorum,
635 4186 686 4250 seu
706 4187 792 4250 mille
815 4189 1064 4273 quingentorum
1083 4183 1202 4246 saciunt
1218 4182 1367 4267 passuum.
