2826 4936
366 447 456 504 Lm.
483 448 535 502 m.
580 448 613 528 C.
643 449 695 506 Vs.
737 445 816 518 Μ.
1055 458 1112 518 s7s

75 619 280 697 Hieronymo
306 616 441 684 Suritae.
477 639 577 684 tutans.
629 621 733 682 Luteo
755 623 834 706 legit
858 619 1030 686 Victorius.
1059 623 1115 702 [in

78 723 165 781 Varr.
191 721 263 782 lect.
293 743 346 801 19,
370 723 427 803 3.]
477 721 650 785 Turnebus
681 743 759 785 vern
786 725 872 785 vitro
907 719 1114 814 [Adversum]
1213 741 1216 746 '

76 821 134 882 sib.
156 821 190 884 6.
213 841 279 903 cap.
302 839 357 899 17.
393 822 484 886 Adde
508 821 669 888 Caesarem
691 825 747 888 lib.
763 835 797 902 5.
819 825 857 888 Β.
874 825 913 902 G.
948 827 1117 890 Pintianus

77 935 171 1006 putat
200 923 379 986 addendam
410 925 588 988 dictionem
621 945 638 988 s
672 927 803 989 librariis
828 929 1044 1010 praeteritam.
1079 943 1117 992 ut

76 1025 216 1108 legatur,
248 1025 334 1088 ultro
362 1045 496 1104 corporo
518 1025 621 1120 gsussn
645 1019 779 1116 irrfectr‘r
822 1028 872 1089 sed
898 1029 984 1090 huuc
1007 1031 1117 1092 iocum

75 1138 223 1186 retractat
245 1127 338 1198 dein,
370 1129 443 1209 quia
463 1127 565 1220 glasto
587 1147 654 1189 non
675 1129 807 1190 habetur
828 1131 860 1190 in
882 1131 1117 1212 exemplaribus

77 1229 226 1288 correctis
245 1228 341 1290 Plinii
371 1243 404 1291 et
433 1229 588 1302 Caesaris,
629 1230 737 1291 relicta
759 1235 861 1293 veteri
884 1231 934 1292 sua
967 1234 1114 1296 sectione.

77 1329 212 1391 Servius
235 1329 275 1390 ad
296 1332 419 1416 Virgilii
443 1331 560 1416 Georg.
581 1341 615 1410 4,
640 1345 724 1410 535.
746 1331 834 1413 hyssi
853 1324 971 1423 saturo
990 1325 1116 1422 fucato

79 1430 184 1490 colors
198 1431 328 1492 adnotat
342 1435 455 1503 vitreo,
476 1433 583 1503 viridi,
605 1433 768 1516 Nymphis
782 1447 873 1513 opta.
909 1454 1114 1497 crsccousvs.

79 1531 222 1614 Quidam
247 1531 372 1626 gsnflo‚·
410 1535 463 1594 aiii
483 1535 564 1594 ostro
587 1535 620 1594 in
643 1534 726 1596 luteo
748 1536 865 1597 minori
883 1537 1009 1597 audacia
1031 1555 1118 1598 com·

75 1645 255 1695 mutarunt.
306 1635 377 1720 Ego
402 1655 480 1696 vero
508 1634 691 1718 scripturam
715 1649 858 1698 veterem
877 1637 913 1698 B.
939 1638 974 1700 F.
997 1655 1118 1719 reprae-

76 1733 201 1796 sentare
221 1736 333 1797 malui.
369 1736 540 1798 Turnebus
554 1740 640 1798 vitro
656 1737 796 1798 tentabat
816 1757 874 1820 pro
895 1738 1007 1808 herba,
1033 1739 1120 1820 apud.

77 1835 261 1898 Oribassum
286 1837 469 1910 Medicum,
497 1835 572 1926 [lib.
604 1859 657 1901 tt.
685 1837 740 1898 sub
766 1839 798 1902 h.
820 1859 854 1899 v.
878 1859 949 1926 pag.
974 1851 1059 1918 421.
1084 1841 1119 1900 in
1189 1869 1193 1876 ·

77 1939 215 1999 conlect.
233 1940 386 2001 medicor.
405 1941 447 2002 H.
465 1933 599 2024 Steph.]
626 1941 790 2020 quomodo
805 1957 837 2001 et
853 1945 935 2022 apud
954 1939 1118 2004 Caesarem

77 2052 258 2100 comment.
275 2053 310 2118 5.
337 2041 412 2102 bessi
439 2042 518 2103 Gaii.
541 2054 574 2103 et
594 2043 743 2103 Vitruvio
767 2041 823 2104 lib.
844 2057 877 2117 7.
898 2062 965 2126 cap.
993 2053 1047 2120 ¹4·
1076 2043 1117 2104 ds

77 2141 253 2202 Architect.
275 2143 339 2225 legi
360 2144 430 2202 vult
452 2144 509 2206 lib.
531 2143 565 2206 6.
597 2142 759 2206 Adversar.
781 2163 846 2226 cap.
869 2159 924 2216 17.
950 2143 1117 2226 quomodo

78 2257 114 2302 et
130 2241 203 2304 MS.
219 2239 274 2304 suo
290 2244 354 2328 legi
372 2245 506 2306 Fulvius
522 2243 651 2306 Urimur
671 2241 815 2308 asiirmat.
868 2245 938 2307 Pet.
959 2245 1119 2306 Victorius

76 2343 138 2405 iib.
159 2361 216 2422 ¹9·
237 2346 352 2406 Variar.
370 2346 442 2408 lect.
463 2366 530 2428 cap.
546 2360 579 2422 3.
600 2345 683 2406 iuteo
704 2347 736 2406 in
753 2345 881 2410 Caesare
901 2359 1013 2416 mutat,
1040 2359 1119 2406 tam·

78 2445 138 2506 etii
161 2445 244 2504 ultro
270 2445 304 2506 in
331 2447 463 2508 vetustis
492 2448 628 2529 exempl.
653 2447 744 2510 MSS.
771 2451 955 2531 reperiatur.
1008 2448 1118 2508 Frano.

79 2565 163 2607 vero
191 2545 417 2609 Hotomannus
443 2549 527 2610 intro
552 2567 592 2610 ex
621 2547 806 2610 Dioscoride
837 2547 1030 2630 transpositis
1056 2549 1121 2608 ele·

80 2647 214 2708 mentis.
262 2647 407 2742 Gsastum
428 2669 505 2711 rero
522 2669 587 2712 vox
610 2649 736 2709 barbara
757 2663 897 2730 putatur.
940 2651 1035 2730 Atqui
1057 2649 1120 2708 Pli-

80 2753 157 2810 nius
177 2749 232 2808 lib.
252 2765 309 2812 22.
334 2771 400 2834 cap.
424 2773 452 2813 r.
478 2753 596 2822 utitur,
624 2749 681 2810 ubi
703 2749 884 2810 Britanniae
907 2748 1039 2812 seminas
1058 2750 1121 2810 hoc

83 2849 115 2911 se
144 2851 267 2932 tingere
293 2849 444 2914 affirmet:
479 2844 598 2922 dodras,
632 2853 665 2912 ni
692 2849 796 2922 fallor,
827 2851 1062 2932 Theophrastus
1088 2863 1122 2912 et

81 2949 286 3013 Dioscorides
307 2951 481 3024 affirmant,
509 2953 694 3016 coeruleum
716 2953 856 3016 colorem
875 2955 1120 3034 exprimentem.

80 3056 128 3115 L't
156 3052 302 3114 Britanni
329 3055 385 3136 ipfi
411 3055 531 3116 barbari
559 3069 635 3116 tunc
658 3054 768 3116 habiti.
825 3045 959 3142 Gseffirm
982 3055 1079 3114 etism
1104 3073 1122 3114 a

85 3145 243 3242 Gleffnrio
278 3154 378 3216 insula
413 3157 647 3218 Germanorum
681 3156 765 3238 apud
796 3157 943 3218 Sosinum
970 3175 1037 3237 cap.
1062 3167 1122 3232 23.

84 3255 132 3337 [s.
154 3259 234 3338 πω]
264 3257 393 3341 legitur.
447 3259 554 3342 Quare
576 3278 632 3318 cur
655 3258 790 3318 omniuo
816 3259 936 3318 reiiciat
958 3257 1124 3318 Pintianus

84 3361 225 3420 Hieron.
247 3361 370 3422 Suritae
392 3357 535 3429 assensus,
561 3377 629 3420 non
652 3359 761 3421 video.
787 3377 965 3420 scuorrrs.
1003 3353 1124 3440 Virro)

83 3461 140 3524 Sic
161 3461 284 3540 primus
304 3461 410 3522 locum
434 3461 520 3520 hunc
543 3459 677 3522 restituit
699 3460 881 3522 Turnebus.
933 3459 1025 3520 Idem
1046 3475 1125 3538 quo·

84 3581 150 3643 qus
172 3559 211 3620 ab
237 3563 352 3622 eodem
377 3563 497 3624 mendo
520 3561 667 3622 liberavit
689 3561 850 3624 Caesarem
874 3575 905 3622 et
928 3561 1123 3630 Vitruvium,

85 3663 156 3741 [cc.
174 3663 228 3743 ΙΙ.]
262 3663 345 3746 apud
368 3681 449 3744 quos
473 3663 613 3724 similiter
633 3663 749 3724 nstrum
766 3682 823 3744 pro
845 3665 929 3724 vitro
951 3659 1124 3744 legebatur.

85 3767 215 3824 Vitrum
241 3783 317 3824 vero
342 3765 471 3825 herbam
495 3763 570 3833 esse.
599 3785 678 3846 quae
699 3765 847 3825 coeruleo
871 3762 976 3824 colore
995 3763 1125 3830 inficiat.

87 3887 121 3926 ac
140 3865 234 3926 isatin
253 3887 268 3924 a
287 3866 412 3926 Graecis
434 3867 557 3935 vocari,
585 3864 654 3928 satis
668 3867 730 3926 iam
747 3866 927 3926 docuerunt
945 3864 1006 3923 viri
1026 3863 1125 3924 docti.

86 3968 217 4029 Praeter
245 3967 314 4034 ilia.
348 3987 427 4048 quae
450 3969 624 4028 attulerunt
652 3965 846 4034 testimonia,
881 3965 968 4026 idem
996 3983 1125 4044 quoque

89 4085 214 4151 apparet
233 4089 270 4128 ex
289 4069 417 4150 Apuleii
439 4081 570 4130 tractatu
588 4071 627 4130 de
652 4069 767 4136 herbis.
795 4085 860 4128 non
880 4065 946 4134 illo.
979 4065 1032 4144 qui
1055 4083 1128 4146 pro·

90 4173 164 4246 diit,
192 4169 245 4232 sed
261 4171 375 4244 altero,
405 4173 461 4253 qui
483 4190 581 4253 penes
603 4189 656 4234 ms
678 4167 790 4240 exstet,
817 4169 955 4230 auctiore
972 4165 1076 4228 multo
1094 4177 1128 4228 et
