2810 4944
303 429 367 499 394
603 415 852 482 POMPONII
891 415 1057 472 MELttt

305 595 389 657 Gtrd.
414 593 506 676 Prag.
528 587 691 663 Caneros3
723 589 864 652 Vindob.
887 611 1062 662 cavarras‚·
1093 591 1264 674 Rehdiger.
1285 613 1331 652 ea·

303 717 422 767 nacos,·
448 695 596 757 Ciaccon.
623 693 772 754 Cavares.
813 689 862 752 Cf.
885 690 983 774 stupra.
1024 694 1222 752 ‘l'ermioatio
1242 695 1272 752 in
1288 715 1331 762 as,

303 799 361 860 ubi
382 799 508 859 codices
529 796 669 862 rnalnnt.
704 815 743 854 ex
760 803 849 854 more
873 795 968 855 nollri
992 795 1103 872 utique
1126 793 1330 874 praeferenda.

300 902 352 962 De
386 897 587 958 distinctione
624 895 797 957 verborum
830 896 897 958 vid.
928 898 1157 978 disputationes
1186 894 1278 959 totto
1302 909 1332 956 et

300 1001 327 1065 1.
349 1000 511 1064 Gronovii
529 999 568 1060 ad
588 1015 619 1069 2,
646 1011 679 1078 3,
701 1015 737 1078 9.

466 1207 495 1282 §.
525 1205 558 1266 6.
615 1201 914 1286 Volcarum)
971 1203 1065 1266 Paris.
1095 1222 1127 1268 2.
1167 1202 1331 1264 Volcarum

289 1303 426 1400 stagna.
479 1306 539 1366 Ed.
570 1305 833 1382 18.Vulcarum.
888 1297 1072 1396 Volscorum
1096 1305 1222 1396 stagna
1255 1305 1329 1364 orale

301 1409 470 1470 Boccatiua
485 1408 525 1468 tle
539 1406 653 1491 stagnio
668 1409 701 1466 in
719 1405 739 1468 f.
774 1407 847 1469 Post
861 1408 931 1467 edd.
953 1425 1007 1487 29.
1025 1423 1055 1468 et
1076 1423 1134 1482 ῆι.
1152 1423 1181 1468 'et
1201 1407 1331 1476 [adrian

301 1505 435 1580 Voffiua
460 1523 519 1588 40.
542 1519 603 1587 [μ.
630 1523 689 1589 142.
712 1509 817 1570 Ledus
827 1503 963 1596 flumen.
992 1529 1197 1570 'rascurcua
1253 1509 1329 1567 nuto

301 1611 421 1674 haus.
473 1611 524 1673 Sia
547 1611 699 1672 Sidonius
722 1611 921 1691 Apollinaris.
951 1607 1066 1698 [aaran.
1084 1625 1117 1687 5.
1145 1605 1248 1696 roo]
1286 1611 1330 1670 Sia

300 1727 334 1774 et
369 1711 472 1774 Festus
500 1712 641 1772 Avienus
668 1711 701 1770 io
730 1711 792 1772 Ora
820 1712 995 1779 maritima.
1028 1707 1081 1799 [v.
1106 1707 1215 1796 590.]
1250 1713 1332 1771 coins

301 1813 408 1874 verius
425 1813 464 1873 stc
485 1813 586 1896 legas:
620 1815 662 1872 Ar
678 1834 795 1872 uaucae
813 1813 925 1883 ledus,
952 1835 1035 1872 uuue
1050 1829 1078 1872 et
1099 1811 1213 1873 Orobii
1228 1809 1330 1900 sturni·

301 1937 345 1976 ua
371 1913 405 1976 V
404 1934 500 1974 aanor
522 1935 577 1992 per
597 1931 690 1992 agros
713 1926 743 1974 et
768 1917 929 1974 urinarum
955 1937 1092 1994 aggeres.
1128 1913 1331 1976 Aruoenitatis

300 2015 419 2077 iudices
440 2007 565 2105 priscae
588 2029 703 2076 meant.
734 2035 873 2078 voeetve.
926 2015 1030 2076 Ledus
1055 2018 1164 2086 etiam.
1193 2017 1273 2097 quoti
1295 2015 1330 2074 ati

299 2117 464 2180 Aviennrn
487 2129 578 2176 notat
600 2116 834 2178 Wernedorlrue
860 2130 892 2178 et
915 2131 1005 2178 antea
1029 2119 1165 2178 Valetiue
1188 2121 1219 2178 iu
1244 2117 1329 2176 ootit.

301 2218 380 2279 Gall.
398 2217 430 2278 h.
447 2237 478 2279 v.
515 2231 547 2277 et
563 2216 716 2279 Callanus
738 2221 771 2277 in
796 2220 913 2302 Geogr.
932 2233 996 2279 ant.
1018 2235 1049 2286 t.
1077 2235 1107 2286 a,
1140 2234 1194 2294 13.
1223 2219 1330 2278 elicitur

299 2317 484 2380 Theodulfo
509 2319 616 2380 Aurei.
636 2319 764 2380 Paroen.
787 2325 824 2380 ad
856 2323 924 2380 lud.
949 2343 980 2380 v.
1011 2338 1088 2394 ¹⁰5·
1124 2323 1239 2402 quibos
1263 2320 1329 2379 addi

297 2420 399 2504 potest
415 2421 581 2480 Boccatina
600 2419 638 2480 de
661 2420 846 2482 fluminibus
864 2423 897 2484 h.
917 2443 949 2481 v.
1004 2426 1044 2482 At
1060 2443 1135 2482 cum
1155 2421 1328 2483 vetustiores

298 2537 441 2585 auctores
456 2543 522 2582 non
539 2522 647 2590 adsuit,
674 2536 706 2582 et
720 2523 754 2583 in
770 2523 890 2583 Ledum
908 2521 1102 2584 consentiant
1121 2544 1234 2584 omnen
1253 2521 1327 2598 libri,

299 2637 432 2707 excepto
456 2621 538 2684 forte
558 2621 653 2685 Parit.
681 2642 711 2686 a.
739 2625 876 2706 deniqne
902 2637 933 2684 et
955 2640 1084 2706 utraque
1113 2627 1328 2686 terminatione

297 2727 401 2788 multa
425 2725 596 2786 fluminum
621 2727 753 2786 nomina
771 2725 955 2794 flectantur.
980 2731 1142 2806 antiquam
1166 2728 1327 2787 lectionem

296 2842 477 2890 revocatam
503 2824 634 2888 servavi.
686 2829 738 2888 Sic
766 2845 881 2908 nempe
906 2825 1046 2897 Varum,
1076 2829 1237 2896 Rhenum,
1265 2825 1328 2887 Me·

297 2943 443 2998 taurum,
476 2917 657 3017 Pamisum,
690 2930 724 2987 in
751 2930 863 3008 primis
896 2929 950 2986 ubi
990 2929 1109 2988 flumen
1141 2929 1326 3011 adiungitur.

298 3053 384 3091 mara
411 3029 571 3090 Oceanum
606 3029 662 3114 (a,
685 3029 716 3097 ti.
744 3027 798 3110 a.)
839 3041 872 3090 et
909 3029 1071 3110 posteriori
1109 3047 1209 3090 aetate
1238 3031 1325 3088 etiarn

279 3123 490 3222 ,Bosporano
524 3133 668 3200 Acutum,
701 3131 741 3191 de
769 3151 832 3210 qno
856 3129 1028 3192 tttuncker.
1054 3145 1087 3192 et
1109 3133 1271 3192 Staveren.
1290 3125 1325 3186 ad

296 3229 458 3316 Hygini.
478 3245 511 3309 5.
533 3253 565 3313 p.
586 3247 644 3292 aa.
683 3232 754 3292 Vid.
777 3233 817 3292 tle
838 3232 896 3292 hac
919 3234 1142 3292 terminatione
1160 3235 1196 3293 arl
1215 3231 1325 3290 ltlelam
1355 3302 1364 3320 ι

297 3333 386 3416 [upra
410 3349 440 3402 Ω,
469 3345 500 3410 3.
524 3351 558 3410 9.
598 3333 650 3394 Sic
671 3331 849 3414 promiscue
868 3335 1081 3394 terminantur
1095 3335 1213 3395 multae
1229 3332 1323 3399 urbae,

294 3449 331 3495 ut
346 3437 504 3518 Saguntue
519 3447 551 3492 et
567 3433 625 3494 alia
640 3436 784 3497 nomina.
830 3433 879 3496 tt
901 3433 998 3496 Vltro
1010 3429 1094 3526 Juut
1115 3469 1166 3484 -
1188 3455 1252 3518 cap.
1270 3443 1323 3514 42.

294 3539 407 3620 incipit
434 3537 578 3598 Vinetut.

302 3785 313 3818 ,
372 3739 527 3800 Latera
537 3737 555 3818 )
603 3737 697 3800 Parii.
721 3759 750 3801 t.
774 3751 806 3817 5.
831 3740 931 3802 Varie.
955 3757 983 3798 t.
1009 3739 1115 3802 Cibin.
1141 3738 1222 3821 Lipl.
1246 3733 1322 3798 Gaui.

295 3841 469 3924 Reudiger.
497 3839 624 3900 Latara
633 3861 645 3912 ,⁸
681 3841 793 3902 Venet.
826 3841 951 3902 Boccor.
977 3843 1016 3903 de
1041 3842 1226 3902 fluminibus
1249 3837 1269 3900 l.
1293 3854 1322 3894 r.

296 3944 403 4004 Ledus
424 3941 564 4012 Laura·
589 3941 684 4002 l’aril.
705 3957 737 4003 2.
762 3943 857 4002 Vatic.
879 3956 911 4019 5.
935 3943 1024 4027 Prag.
1045 3957 1077 4004 et
1096 3945 1241 4003 meliores
1259 3935 1323 3998 libri

296 4041 395 4108 Voffii
412 4042 544 4106 Latera.
586 4045 633 4104 lta
653 4058 686 4104 et
707 4044 779 4105 edd.
799 4057 831 4121 5.
854 4054 887 4121 4.
909 4045 1046 4124 reliquae
1062 4045 1191 4105 Latara
1204 4043 1240 4103 ad
1258 4033 1324 4099 vot·

296 4146 388 4218 Bam,
415 4145 471 4227 qui
487 4139 692 4226 sequentibus
716 4145 783 4208 aliia
803 4144 945 4229 reposuit
960 4146 1092 4209 Latera
1128 4157 1321 4210 'rzscuveua
