<?xml version="1.0" encoding="UTF-8"?>
<!DOCTYPE html PUBLIC "-//W3C//DTD XHTML 1.0 Transitional//EN"
    "http://www.w3.org/TR/xhtml1/DTD/xhtml1-transitional.dtd">
<html xmlns="http://www.w3.org/1999/xhtml" xml:lang="en" lang="en">
 <head>
  <title>
</title>
<meta http-equiv="Content-Type" content="text/html;charset=utf-8" />
  <meta name='ocr-system' content='tesseract 3.04.00' />
  <meta name='ocr-capabilities' content='ocr_page ocr_carea ocr_par ocr_line ocrx_word'/>
</head>
<body>
  <div class='ocr_page' id='page_1' title='image "./pomponiimelaede05melagoog_0838.png"; bbox 0 0 2836 4940; ppageno 0'>
   <div class='ocr_carea' id='block_1_1' title="bbox 325 441 1065 502">
    <p class='ocr_par' dir='ltr' id='par_1_1' title="bbox 325 441 1065 502">
     <span class='ocr_line' id='line_1_1' title="bbox 325 441 1065 502; baseline 0 0"><span class='ocrx_word' id='word_1_1' title='bbox 325 457 384 502; x_wconf 74' lang='lat' dir='ltr'>ero</span> <span class='ocrx_word' id='word_1_2' title='bbox 614 441 863 501; x_wconf 79' lang='lat' dir='ltr'>POMPONII</span> <span class='ocrx_word' id='word_1_3' title='bbox 905 443 1065 502; x_wconf 66' lang='lat' dir='ltr'>Mente</span> 
     </span>
    </p>
   </div>
   <div class='ocr_carea' id='block_1_2' title="bbox 318 613 1399 2416">
    <p class='ocr_par' dir='ltr' id='par_1_2' title="bbox 318 613 1399 2416">
     <span class='ocr_line' id='line_1_2' title="bbox 323 613 1352 706; baseline 0.003 -28"><span class='ocrx_word' id='word_1_4' title='bbox 323 613 482 706; x_wconf 66' lang='lat' dir='ltr'>flectitrrrr</span> <span class='ocrx_word' id='word_1_5' title='bbox 512 615 681 688; x_wconf 82' lang='lat' dir='ltr'>Vedienus,</span> <span class='ocrx_word' id='word_1_6' title='bbox 715 617 769 678; x_wconf 81' lang='lat'>16.</span> <span class='ocrx_word' id='word_1_7' title='bbox 799 627 852 694; x_wconf 79' lang='lat'>¹8·</span> <span class='ocrx_word' id='word_1_8' title='bbox 880 632 937 679; x_wconf 80' lang='lat'>21.</span> <span class='ocrx_word' id='word_1_9' title='bbox 966 634 1022 682; x_wconf 83' lang='lat'>22.</span> <span class='ocrx_word' id='word_1_10' title='bbox 1050 627 1105 696; x_wconf 74' lang='lat'>24.</span> <span class='ocrx_word' id='word_1_11' title='bbox 1128 629 1188 696; x_wconf 80' lang='lat'>25.</span> <span class='ocrx_word' id='word_1_12' title='bbox 1217 621 1278 683; x_wconf 79' lang='lat' dir='ltr'>esi.</span> <span class='ocrx_word' id='word_1_13' title='bbox 1307 637 1352 696; x_wconf 71' lang='lat'>27.</span> 
     </span>
     <span class='ocr_line' id='line_1_3' title="bbox 328 715 1353 812; baseline 0.004 -34"><span class='ocrx_word' id='word_1_14' title='bbox 328 733 387 796; x_wconf 77' lang='lat'>23.</span> <span class='ocrx_word' id='word_1_15' title='bbox 406 721 569 784; x_wconf 71' lang='lat' dir='ltr'>varianae.</span> <span class='ocrx_word' id='word_1_16' title='bbox 595 718 792 778; x_wconf 81' lang='lat' dir='ltr'>Olivarienee</span> <span class='ocrx_word' id='word_1_17' title='bbox 807 739 880 778; x_wconf 87' lang='lat' dir='ltr'>cum</span> <span class='ocrx_word' id='word_1_18' title='bbox 899 721 1012 779; x_wconf 85' lang='lat' dir='ltr'>Vineto</span> <span class='ocrx_word' id='word_1_19' title='bbox 1031 721 1065 778; x_wconf 88' lang='lat' dir='ltr'>in</span> <span class='ocrx_word' id='word_1_20' title='bbox 1081 720 1185 780; x_wconf 84' lang='lat' dir='ltr'>Eoum</span> <span class='ocrx_word' id='word_1_21' title='bbox 1203 715 1353 812; x_wconf 60' lang='lat' dir='ltr'>recursus·</span> 
     </span>
     <span class='ocr_line' id='line_1_4' title="bbox 327 813 1351 911; baseline -0.002 -27"><span class='ocrx_word' id='word_1_22' title='bbox 327 823 487 891; x_wconf 83' lang='lat' dir='ltr'>Schnrtus,</span> <span class='ocrx_word' id='word_1_23' title='bbox 510 813 641 886; x_wconf 72' lang='lat' dir='ltr'>toruus.</span> <span class='ocrx_word' id='word_1_24' title='bbox 662 821 773 899; x_wconf 76' lang='lat' dir='ltr'>reliqui</span> <span class='ocrx_word' id='word_1_25' title='bbox 794 821 828 880; x_wconf 88' lang='lat' dir='ltr'>in</span> <span class='ocrx_word' id='word_1_26' title='bbox 843 820 946 880; x_wconf 84' lang='lat' dir='ltr'>Enrrm</span> <span class='ocrx_word' id='word_1_27' title='bbox 964 841 1049 880; x_wconf 85' lang='lat' dir='ltr'>mare</span> <span class='ocrx_word' id='word_1_28' title='bbox 1068 813 1187 911; x_wconf 84' lang='lat' dir='ltr'>cursus.</span> <span class='ocrx_word' id='word_1_29' title='bbox 1217 843 1351 884; x_wconf 77' lang='lat' dir='ltr'>rzscur·</span> 
     </span>
     <span class='ocr_line' id='line_1_5' title="bbox 328 913 1350 1010; baseline -0.004 -25"><span class='ocrx_word' id='word_1_30' title='bbox 328 943 401 986; x_wconf 74' lang='lat' dir='ltr'>crte·</span> <span class='ocrx_word' id='word_1_31' title='bbox 444 924 484 982; x_wconf 85' lang='lat' dir='ltr'>In</span> <span class='ocrx_word' id='word_1_32' title='bbox 507 943 609 981; x_wconf 83' lang='lat' dir='ltr'>eornm</span> <span class='ocrx_word' id='word_1_33' title='bbox 633 913 792 1010; x_wconf 75' lang='lat' dir='ltr'>recursus)</span> <span class='ocrx_word' id='word_1_34' title='bbox 843 921 951 1004; x_wconf 78' lang='lat' dir='ltr'>Lego:</span> <span class='ocrx_word' id='word_1_35' title='bbox 978 919 1018 980; x_wconf 82' lang='lat' dir='ltr'>od</span> <span class='ocrx_word' id='word_1_36' title='bbox 1040 923 1078 982; x_wconf 80' lang='lat' dir='ltr'>iis</span> <span class='ocrx_word' id='word_1_37' title='bbox 1097 925 1129 982; x_wconf 88' lang='lat' dir='ltr'>t&#39;rr</span> <span class='ocrx_word' id='word_1_38' title='bbox 1148 923 1259 984; x_wconf 74' lang='grc' dir='ltr'><em>Εοιιιιι</em></span> <span class='ocrx_word' id='word_1_39' title='bbox 1278 947 1350 985; x_wconf 84' lang='lat' dir='ltr'>more</span> 
     </span>
     <span class='ocr_line' id='line_1_6' title="bbox 325 1017 1349 1116; baseline -0.002 -30"><span class='ocrx_word' id='word_1_40' title='bbox 325 1017 435 1116; x_wconf 68' lang='lat' dir='ltr'>census</span> <span class='ocrx_word' id='word_1_41' title='bbox 465 1017 645 1110; x_wconf 79' lang='lat' dir='ltr'>inflectitur.</span> <span class='ocrx_word' id='word_1_42' title='bbox 696 1022 818 1082; x_wconf 84' lang='lat' dir='ltr'>Plinius</span> <span class='ocrx_word' id='word_1_43' title='bbox 849 1023 883 1082; x_wconf 90' lang='lat' dir='ltr'>iu</span> <span class='ocrx_word' id='word_1_44' title='bbox 917 1020 1001 1084; x_wconf 84' lang='lat' dir='ltr'>sexto</span> <span class='ocrx_word' id='word_1_45' title='bbox 1027 1041 1094 1105; x_wconf 81' lang='lat' dir='ltr'>cap.</span> <span class='ocrx_word' id='word_1_46' title='bbox 1121 1039 1176 1099; x_wconf 85' lang='lat'>¹7·</span> <span class='ocrx_word' id='word_1_47' title='bbox 1207 1021 1252 1112; x_wconf 89' lang='lat' dir='ltr'>[s.</span> <span class='ocrx_word' id='word_1_48' title='bbox 1282 1020 1349 1109; x_wconf 75' lang='lat' dir='ltr'>on]</span> 
     </span>
     <span class='ocr_line' id='line_1_7' title="bbox 325 1115 1349 1216; baseline 0.004 -34"><span class='ocrx_word' id='word_1_49' title='bbox 325 1129 354 1190; x_wconf 88' lang='lat' dir='ltr'><em>A</em></span> <span class='ocrx_word' id='word_1_50' title='bbox 375 1115 493 1216; x_wconf 66' lang='lat' dir='ltr'>(Iaspis</span> <span class='ocrx_word' id='word_1_51' title='bbox 516 1123 595 1184; x_wconf 80' lang='lat' dir='ltr'>runci</span> <span class='ocrx_word' id='word_1_52' title='bbox 617 1123 821 1206; x_wconf 68' lang='lat' dir='ltr'>Sqtticoqne</span> <span class='ocrx_word' id='word_1_53' title='bbox 841 1121 968 1184; x_wconf 78' lang='lat' dir='ltr'><em>Oceano</em></span> <span class='ocrx_word' id='word_1_54' title='bbox 987 1115 1093 1214; x_wconf 84' lang='lat' dir='ltr'>cursus</span> <span class='ocrx_word' id='word_1_55' title='bbox 1116 1119 1298 1212; x_wconf 80' lang='lat' dir='ltr'>inflectitur</span> <span class='ocrx_word' id='word_1_56' title='bbox 1316 1125 1349 1186; x_wconf 80' lang='lat' dir='ltr'>ed</span> 
     </span>
     <span class='ocr_line' id='line_1_8' title="bbox 329 1215 1347 1314; baseline -0.002 -24"><span class='ocrx_word' id='word_1_57' title='bbox 329 1227 486 1290; x_wconf 78' lang='lat' dir='ltr'>Orientem</span> <span class='ocrx_word' id='word_1_58' title='bbox 510 1215 657 1314; x_wconf 80' lang='lat' dir='ltr'>converso</span> <span class='ocrx_word' id='word_1_59' title='bbox 679 1223 804 1284; x_wconf 84' lang='lat' dir='ltr'>litnrrtm</span> <span class='ocrx_word' id='word_1_60' title='bbox 823 1215 950 1310; x_wconf 82' lang='lat' dir='ltr'>frturte.</span> <span class='ocrx_word' id='word_1_61' title='bbox 991 1243 1191 1288; x_wconf 69' lang='lat' dir='ltr'>restitues.</span> <span class='ocrx_word' id='word_1_62' title='bbox 1257 1223 1347 1290; x_wconf 76' lang='lat' dir='ltr'>Possis</span> 
     </span>
     <span class='ocr_line' id='line_1_9' title="bbox 325 1323 1348 1410; baseline -0.004 -18"><span class='ocrx_word' id='word_1_63' title='bbox 325 1331 421 1392; x_wconf 82' lang='lat' dir='ltr'>etiem</span> <span class='ocrx_word' id='word_1_64' title='bbox 442 1347 507 1388; x_wconf 86' lang='lat' dir='ltr'>nou</span> <span class='ocrx_word' id='word_1_65' title='bbox 528 1325 607 1386; x_wconf 76' lang='lat' dir='ltr'>rusie</span> <span class='ocrx_word' id='word_1_66' title='bbox 628 1345 700 1384; x_wconf 82' lang='lat' dir='ltr'>cuni</span> <span class='ocrx_word' id='word_1_67' title='bbox 720 1323 800 1406; x_wconf 87' lang='lat' dir='ltr'>Lips.</span> <span class='ocrx_word' id='word_1_68' title='bbox 817 1325 936 1408; x_wconf 82' lang='lat' dir='ltr'>legere:</span> <span class='ocrx_word' id='word_1_69' title='bbox 963 1327 996 1386; x_wconf 89' lang='lat' dir='ltr'>in</span> <span class='ocrx_word' id='word_1_70' title='bbox 1011 1326 1142 1396; x_wconf 82' lang='lat' dir='ltr'>Errnun.</span> <span class='ocrx_word' id='word_1_71' title='bbox 1168 1343 1296 1410; x_wconf 82' lang='lat' dir='ltr'>recepte</span> <span class='ocrx_word' id='word_1_72' title='bbox 1318 1343 1348 1388; x_wconf 88' lang='lat' dir='ltr'>tr·</span> 
     </span>
     <span class='ocr_line' id='line_1_10' title="bbox 326 1425 1349 1508; baseline -0.005 -15"><span class='ocrx_word' id='word_1_73' title='bbox 326 1453 402 1492; x_wconf 87' lang='lat' dir='ltr'>meu</span> <span class='ocrx_word' id='word_1_74' title='bbox 419 1431 511 1490; x_wconf 77' lang='lat' dir='ltr'>lectio</span> <span class='ocrx_word' id='word_1_75' title='bbox 529 1427 629 1486; x_wconf 80' lang='lat' dir='ltr'>Melae</span> <span class='ocrx_word' id='word_1_76' title='bbox 647 1425 690 1486; x_wconf 79' lang='lat' dir='ltr'>est</span> <span class='ocrx_word' id='word_1_77' title='bbox 703 1429 821 1508; x_wconf 81' lang='lat' dir='ltr'>optior,</span> <span class='ocrx_word' id='word_1_78' title='bbox 847 1428 901 1506; x_wconf 88' lang='lat' dir='ltr'>qui</span> <span class='ocrx_word' id='word_1_79' title='bbox 916 1425 1042 1488; x_wconf 88' lang='lat' dir='ltr'>cursum</span> <span class='ocrx_word' id='word_1_80' title='bbox 1059 1430 1261 1491; x_wconf 79' lang='lat' dir='ltr'>maritimum</span> <span class='ocrx_word' id='word_1_81' title='bbox 1280 1431 1349 1491; x_wconf 87' lang='lat' dir='ltr'>secu·</span> 
     </span>
     <span class='ocr_line' id='line_1_11' title="bbox 326 1527 1350 1612; baseline -0.004 -18"><span class='ocrx_word' id='word_1_82' title='bbox 326 1546 378 1594; x_wconf 90' lang='lat' dir='ltr'>tus</span> <span class='ocrx_word' id='word_1_83' title='bbox 404 1531 471 1592; x_wconf 80' lang='lat' dir='ltr'>lnce</span> <span class='ocrx_word' id='word_1_84' title='bbox 500 1541 678 1597; x_wconf 79' lang='lat' dir='ltr'>enumerat,</span> <span class='ocrx_word' id='word_1_85' title='bbox 711 1527 792 1608; x_wconf 86' lang='lat' dir='ltr'>quasi</span> <span class='ocrx_word' id='word_1_86' title='bbox 819 1531 1103 1612; x_wconf 80' lang='lat' dir='ltr'>praeternavignra;</span> <span class='ocrx_word' id='word_1_87' title='bbox 1141 1545 1215 1590; x_wconf 90' lang='lat' dir='ltr'>tum</span> <span class='ocrx_word' id='word_1_88' title='bbox 1246 1529 1350 1593; x_wconf 79' lang='lat' dir='ltr'><em>Oriens</em></span> 
     </span>
     <span class='ocr_line' id='line_1_12' title="bbox 325 1626 1350 1714; baseline -0.004 -18"><span class='ocrx_word' id='word_1_89' title='bbox 325 1634 500 1696; x_wconf 84' lang='lat' dir='ltr'>subiicitur.</span> <span class='ocrx_word' id='word_1_90' title='bbox 550 1629 601 1691; x_wconf 89' lang='lat' dir='ltr'>Sic</span> <span class='ocrx_word' id='word_1_91' title='bbox 620 1626 698 1688; x_wconf 82' lang='lat' dir='ltr'>inire</span> <span class='ocrx_word' id='word_1_92' title='bbox 715 1649 750 1688; x_wconf 84' lang='lat' dir='ltr'>eo</span> <span class='ocrx_word' id='word_1_93' title='bbox 770 1647 826 1710; x_wconf 89' lang='lat' dir='ltr'>pro</span> <span class='ocrx_word' id='word_1_94' title='bbox 843 1629 913 1688; x_wconf 81' lang='lat' dir='ltr'>Eoo</span> <span class='ocrx_word' id='word_1_95' title='bbox 928 1643 961 1690; x_wconf 87' lang='lat' dir='ltr'>et</span> <span class='ocrx_word' id='word_1_96' title='bbox 983 1629 1092 1690; x_wconf 81' lang='lat' dir='ltr'>sirriiiie</span> <span class='ocrx_word' id='word_1_97' title='bbox 1110 1630 1205 1700; x_wconf 82' lang='lat' dir='ltr'>alibi.</span> <span class='ocrx_word' id='word_1_98' title='bbox 1234 1633 1276 1694; x_wconf 87' lang='lat' dir='ltr'>de</span> <span class='ocrx_word' id='word_1_99' title='bbox 1291 1633 1350 1714; x_wconf 90' lang='lat' dir='ltr'>qui·</span> 
     </span>
     <span class='ocr_line' id='line_1_13' title="bbox 325 1730 1349 1813; baseline -0.002 -19"><span class='ocrx_word' id='word_1_100' title='bbox 325 1736 385 1798; x_wconf 82' lang='lat' dir='ltr'>bus</span> <span class='ocrx_word' id='word_1_101' title='bbox 407 1735 471 1794; x_wconf 81' lang='lat' dir='ltr'>vid.</span> <span class='ocrx_word' id='word_1_102' title='bbox 488 1730 526 1792; x_wconf 83' lang='lat' dir='ltr'>ed</span> <span class='ocrx_word' id='word_1_103' title='bbox 544 1745 575 1796; x_wconf 73' lang='grc' dir='ltr'>Ω.</span> <span class='ocrx_word' id='word_1_104' title='bbox 596 1743 627 1812; x_wconf 64' lang='lat'>3,</span> <span class='ocrx_word' id='word_1_105' title='bbox 649 1749 678 1792; x_wconf 87' lang='lat' dir='ltr'>r.</span> <span class='ocrx_word' id='word_1_106' title='bbox 706 1743 738 1806; x_wconf 81' lang='grc'>3,</span> <span class='ocrx_word' id='word_1_107' title='bbox 757 1747 790 1808; x_wconf 83' lang='grc'>9,</span> <span class='ocrx_word' id='word_1_108' title='bbox 815 1740 849 1804; x_wconf 84' lang='grc'>8.</span> <span class='ocrx_word' id='word_1_109' title='bbox 900 1731 1036 1813; x_wconf 78' lang='lat' dir='ltr'>Egregie</span> <span class='ocrx_word' id='word_1_110' title='bbox 1059 1751 1136 1793; x_wconf 87' lang='lat' dir='ltr'>vero</span> <span class='ocrx_word' id='word_1_111' title='bbox 1159 1735 1267 1794; x_wconf 82' lang='lat' dir='ltr'>firmet</span> <span class='ocrx_word' id='word_1_112' title='bbox 1286 1754 1349 1794; x_wconf 85' lang='lat' dir='ltr'>erm</span> 
     </span>
     <span class='ocr_line' id='line_1_14' title="bbox 324 1829 1348 1898; baseline -0.003 0"><span class='ocrx_word' id='word_1_113' title='bbox 324 1837 494 1898; x_wconf 88' lang='lat' dir='ltr'>sectionem</span> <span class='ocrx_word' id='word_1_114' title='bbox 515 1832 602 1891; x_wconf 88' lang='lat' dir='ltr'>locus</span> <span class='ocrx_word' id='word_1_115' title='bbox 618 1829 714 1891; x_wconf 78' lang='lat' dir='ltr'><strong>Plinii</strong></span> <span class='ocrx_word' id='word_1_116' title='bbox 730 1849 746 1890; x_wconf 82' lang='lat' dir='ltr'>e</span> <span class='ocrx_word' id='word_1_117' title='bbox 764 1829 912 1891; x_wconf 84' lang='lat' dir='ltr'>Pintiano</span> <span class='ocrx_word' id='word_1_118' title='bbox 928 1833 1090 1895; x_wconf 84' lang='lat' dir='ltr'>excitatus.</span> <span class='ocrx_word' id='word_1_119' title='bbox 1141 1833 1255 1894; x_wconf 83' lang='lat' dir='ltr'><strong>Plinio</strong></span> <span class='ocrx_word' id='word_1_120' title='bbox 1276 1836 1348 1895; x_wconf 78' lang='lat' dir='ltr'>adde</span> 
     </span>
     <span class='ocr_line' id='line_1_15' title="bbox 323 1929 1347 2016; baseline 0 -20"><span class='ocrx_word' id='word_1_121' title='bbox 323 1937 423 2000; x_wconf 82' lang='lat' dir='ltr'>Sosin.</span> <span class='ocrx_word' id='word_1_122' title='bbox 440 1954 466 1994; x_wconf 86' lang='lat' dir='ltr'>c.</span> <span class='ocrx_word' id='word_1_123' title='bbox 478 1946 536 2010; x_wconf 79' lang='lat'>53.</span> <span class='ocrx_word' id='word_1_124' title='bbox 550 1929 569 1992; x_wconf 86' lang='lat' dir='ltr'>s.</span> <span class='ocrx_word' id='word_1_125' title='bbox 582 1947 640 2006; x_wconf 78' lang='lat'>50.</span> <span class='ocrx_word' id='word_1_126' title='bbox 661 1945 694 1991; x_wconf 90' lang='lat' dir='ltr'>et</span> <span class='ocrx_word' id='word_1_127' title='bbox 708 1931 864 1991; x_wconf 83' lang='lat' dir='ltr'>isidorum</span> <span class='ocrx_word' id='word_1_128' title='bbox 880 1931 1005 2016; x_wconf 84' lang='lat' dir='ltr'>Origin.</span> <span class='ocrx_word' id='word_1_129' title='bbox 1022 1943 1074 2014; x_wconf 73' lang='lat'>¹4·</span> <span class='ocrx_word' id='word_1_130' title='bbox 1093 1945 1126 2012; x_wconf 80' lang='lat'>3.</span> <span class='ocrx_word' id='word_1_131' title='bbox 1158 1935 1239 1997; x_wconf 84' lang='lat' dir='ltr'>Sine</span> <span class='ocrx_word' id='word_1_132' title='bbox 1255 1937 1347 1996; x_wconf 90' lang='lat' dir='ltr'>dubio</span> 
     </span>
     <span class='ocr_line' id='line_1_16' title="bbox 321 2023 1399 2126; baseline 0.001 -31"><span class='ocrx_word' id='word_1_133' title='bbox 321 2031 361 2101; x_wconf 75' lang='lat' dir='ltr'>ei</span> <span class='ocrx_word' id='word_1_134' title='bbox 381 2059 412 2096; x_wconf 84' lang='lat' dir='ltr'>re</span> <span class='ocrx_word' id='word_1_135' title='bbox 433 2035 467 2094; x_wconf 90' lang='lat' dir='ltr'>in</span> <span class='ocrx_word' id='word_1_136' title='bbox 488 2023 638 2122; x_wconf 84' lang='lat' dir='ltr'>recursus,</span> <span class='ocrx_word' id='word_1_137' title='bbox 663 2031 749 2110; x_wconf 87' lang='lat' dir='ltr'>qnod</span> <span class='ocrx_word' id='word_1_138' title='bbox 771 2031 895 2092; x_wconf 86' lang='lat' dir='ltr'>codices</span> <span class='ocrx_word' id='word_1_139' title='bbox 919 2034 1013 2094; x_wconf 87' lang='lat' dir='ltr'>multi</span> <span class='ocrx_word' id='word_1_140' title='bbox 1035 2034 1207 2106; x_wconf 86' lang='lat' dir='ltr'>exhibent,</span> <span class='ocrx_word' id='word_1_141' title='bbox 1234 2057 1274 2100; x_wconf 85' lang='lat' dir='ltr'>ex</span> <span class='ocrx_word' id='word_1_142' title='bbox 1290 2057 1350 2098; x_wconf 88' lang='lat' dir='ltr'>cor·</span> <span class='ocrx_word' id='word_1_143' title='bbox 1398 2115 1399 2126; x_wconf 10' lang='grc' dir='ltr'>ἵ</span> 
     </span>
     <span class='ocr_line' id='line_1_17' title="bbox 320 2131 1399 2216; baseline 0.006 -24"><span class='ocrx_word' id='word_1_144' title='bbox 320 2149 410 2216; x_wconf 77' lang='lat' dir='ltr'>rupta</span> <span class='ocrx_word' id='word_1_145' title='bbox 427 2151 506 2194; x_wconf 77' lang='lat' dir='ltr'>voce</span> <span class='ocrx_word' id='word_1_146' title='bbox 527 2153 610 2192; x_wconf 82' lang='lat' dir='ltr'>errore</span> <span class='ocrx_word' id='word_1_147' title='bbox 629 2131 779 2201; x_wconf 77' lang='lat' dir='ltr'>adhaesit,</span> <span class='ocrx_word' id='word_1_148' title='bbox 805 2133 877 2210; x_wconf 84' lang='lat' dir='ltr'>quia</span> <span class='ocrx_word' id='word_1_149' title='bbox 893 2132 940 2192; x_wconf 92' lang='lat' dir='ltr'>ibi</span> <span class='ocrx_word' id='word_1_150' title='bbox 956 2147 1047 2196; x_wconf 77' lang='lat' dir='ltr'>antea</span> <span class='ocrx_word' id='word_1_151' title='bbox 1064 2155 1130 2198; x_wconf 88' lang='lat' dir='ltr'>uon</span> <span class='ocrx_word' id='word_1_152' title='bbox 1147 2135 1271 2209; x_wconf 84' lang='lat' dir='ltr'>fueret,</span> <span class='ocrx_word' id='word_1_153' title='bbox 1296 2158 1348 2198; x_wconf 87' lang='lat' dir='ltr'>nec</span> <span class='ocrx_word' id='word_1_154' title='bbox 1398 2145 1399 2206; x_wconf 53' lang='lat' dir='ltr'>g</span> 
     </span>
     <span class='ocr_line' id='line_1_18' title="bbox 318 2225 1399 2322; baseline 0.001 -24"><span class='ocrx_word' id='word_1_155' title='bbox 318 2237 419 2298; x_wconf 87' lang='lat' dir='ltr'>redire</span> <span class='ocrx_word' id='word_1_156' title='bbox 441 2229 556 2316; x_wconf 78' lang='lat' dir='ltr'>potest,</span> <span class='ocrx_word' id='word_1_157' title='bbox 580 2245 648 2292; x_wconf 89' lang='lat' dir='ltr'>tum</span> <span class='ocrx_word' id='word_1_158' title='bbox 670 2231 740 2312; x_wconf 81' lang='lat' dir='ltr'>quin</span> <span class='ocrx_word' id='word_1_159' title='bbox 762 2225 934 2318; x_wconf 78' lang='lat' dir='ltr'>inflectitur</span> <span class='ocrx_word' id='word_1_160' title='bbox 954 2255 1073 2298; x_wconf 83' lang='lat' dir='ltr'>novem</span> <span class='ocrx_word' id='word_1_161' title='bbox 1097 2235 1347 2322; x_wconf 81' lang='lat' dir='ltr'>progressionem</span> <span class='ocrx_word' id='word_1_162' title='bbox 1398 2237 1399 2308; x_wconf 57' lang='grc' dir='ltr'>ζ</span> 
     </span>
     <span class='ocr_line' id='line_1_19' title="bbox 319 2319 1399 2416; baseline -0.001 -16"><span class='ocrx_word' id='word_1_163' title='bbox 319 2338 449 2400; x_wconf 84' lang='lat' dir='ltr'>indicet.</span> <span class='ocrx_word' id='word_1_164' title='bbox 482 2331 555 2396; x_wconf 79' lang='lat' dir='ltr'>1³0st</span> <span class='ocrx_word' id='word_1_165' title='bbox 576 2332 748 2416; x_wconf 82' lang='lat' dir='ltr'>liehdiger.</span> <span class='ocrx_word' id='word_1_166' title='bbox 772 2334 864 2416; x_wconf 85' lang='lat' dir='ltr'>inque</span> <span class='ocrx_word' id='word_1_167' title='bbox 884 2339 987 2398; x_wconf 79' lang='lat' dir='ltr'>omnir</span> <span class='ocrx_word' id='word_1_168' title='bbox 1003 2358 1092 2400; x_wconf 78' lang='lat' dir='ltr'>orem</span> <span class='ocrx_word' id='word_1_169' title='bbox 1111 2349 1225 2402; x_wconf 83' lang='lat' dir='ltr'>terrae.</span> <span class='ocrx_word' id='word_1_170' title='bbox 1398 2319 1399 2342; x_wconf 45' lang='lat'>¹</span> 
     </span>
    </p>
   </div>
   <div class='ocr_carea' id='block_1_3' title="bbox 314 2533 1398 3426">
    <p class='ocr_par' dir='ltr' id='par_1_3' title="bbox 314 2533 1398 3426">
     <span class='ocr_line' id='line_1_20' title="bbox 395 2533 1343 2624; baseline 0.005 -25"><span class='ocrx_word' id='word_1_171' title='bbox 395 2535 583 2600; x_wconf 77' lang='lat' dir='ltr'>Pertinet</span> <span class='ocrx_word' id='word_1_172' title='bbox 607 2533 726 2616; x_wconf 81' lang='lat' dir='ltr'>haec)</span> <span class='ocrx_word' id='word_1_173' title='bbox 778 2535 914 2598; x_wconf 80' lang='lat' dir='ltr'>Codices</span> <span class='ocrx_word' id='word_1_174' title='bbox 944 2537 1083 2602; x_wconf 82' lang='lat' dir='ltr'>Vossiani</span> <span class='ocrx_word' id='word_1_175' title='bbox 1114 2543 1260 2624; x_wconf 79' lang='lat' dir='ltr'>itemque</span> <span class='ocrx_word' id='word_1_176' title='bbox 1283 2545 1343 2606; x_wconf 88' lang='lat' dir='ltr'>mei</span> 
     </span>
     <span class='ocr_line' id='line_1_21' title="bbox 317 2636 1343 2706; baseline 0.002 -2"><span class='ocrx_word' id='word_1_177' title='bbox 317 2655 352 2704; x_wconf 90' lang='lat' dir='ltr'>et</span> <span class='ocrx_word' id='word_1_178' title='bbox 368 2641 524 2702; x_wconf 81' lang='lat' dir='ltr'>editiones</span> <span class='ocrx_word' id='word_1_179' title='bbox 546 2650 668 2696; x_wconf 81' lang='lat' dir='ltr'>tanturn</span> <span class='ocrx_word' id='word_1_180' title='bbox 689 2655 757 2698; x_wconf 90' lang='lat' dir='ltr'>non</span> <span class='ocrx_word' id='word_1_181' title='bbox 777 2657 888 2700; x_wconf 87' lang='lat' dir='ltr'>omnes</span> <span class='ocrx_word' id='word_1_182' title='bbox 904 2636 982 2700; x_wconf 85' lang='lat' dir='ltr'>fecta</span> <span class='ocrx_word' id='word_1_183' title='bbox 997 2642 1198 2706; x_wconf 82' lang='lat' dir='ltr'>distinctione</span> <span class='ocrx_word' id='word_1_184' title='bbox 1213 2645 1343 2706; x_wconf 86' lang='lat' dir='ltr'>verbum</span> 
     </span>
     <span class='ocr_line' id='line_1_22' title="bbox 318 2739 1341 2825; baseline 0.004 -23"><span class='ocrx_word' id='word_1_185' title='bbox 318 2743 452 2825; x_wconf 81' lang='lat' dir='ltr'>pertinet</span> <span class='ocrx_word' id='word_1_186' title='bbox 472 2739 509 2800; x_wconf 83' lang='lat' dir='ltr'>ed</span> <span class='ocrx_word' id='word_1_187' title='bbox 531 2741 632 2820; x_wconf 87' lang='lat' dir='ltr'>priora</span> <span class='ocrx_word' id='word_1_188' title='bbox 652 2739 811 2800; x_wconf 87' lang='lat' dir='ltr'>reiiciuut.</span> <span class='ocrx_word' id='word_1_189' title='bbox 861 2741 1074 2821; x_wconf 79' lang='lat' dir='ltr'>sequentibus</span> <span class='ocrx_word' id='word_1_190' title='bbox 1098 2745 1190 2805; x_wconf 87' lang='lat' dir='ltr'>dedit</span> <span class='ocrx_word' id='word_1_191' title='bbox 1211 2743 1341 2814; x_wconf 80' lang='lat' dir='ltr'>Vossius,</span> 
     </span>
     <span class='ocr_line' id='line_1_23' title="bbox 318 2836 1343 2930; baseline 0.003 -25"><span class='ocrx_word' id='word_1_192' title='bbox 318 2844 369 2906; x_wconf 89' lang='lat' dir='ltr'>uti</span> <span class='ocrx_word' id='word_1_193' title='bbox 386 2843 462 2904; x_wconf 87' lang='lat' dir='ltr'>olim</span> <span class='ocrx_word' id='word_1_194' title='bbox 477 2839 527 2902; x_wconf 91' lang='lat' dir='ltr'>ed.</span> <span class='ocrx_word' id='word_1_195' title='bbox 545 2841 578 2902; x_wconf 85' lang='lat'>6.</span> <span class='ocrx_word' id='word_1_196' title='bbox 599 2838 713 2920; x_wconf 84' lang='lat' dir='ltr'>etpost</span> <span class='ocrx_word' id='word_1_197' title='bbox 729 2836 868 2900; x_wconf 81' lang='lat' dir='ltr'>Vossium</span> <span class='ocrx_word' id='word_1_198' title='bbox 890 2861 1012 2914; x_wconf 79' lang='lat' dir='ltr'>omnes,</span> <span class='ocrx_word' id='word_1_199' title='bbox 1039 2847 1124 2925; x_wconf 89' lang='lat' dir='ltr'>quod</span> <span class='ocrx_word' id='word_1_200' title='bbox 1140 2849 1253 2928; x_wconf 88' lang='lat' dir='ltr'>utique</span> <span class='ocrx_word' id='word_1_201' title='bbox 1276 2867 1343 2930; x_wconf 84' lang='lat' dir='ltr'>pre·</span> 
     </span>
     <span class='ocr_line' id='line_1_24' title="bbox 318 2937 1398 3027; baseline 0.003 -21"><span class='ocrx_word' id='word_1_202' title='bbox 318 2943 459 3006; x_wconf 83' lang='lat' dir='ltr'>bendum</span> <span class='ocrx_word' id='word_1_203' title='bbox 485 2941 536 3010; x_wconf 85' lang='lat' dir='ltr'>su,</span> <span class='ocrx_word' id='word_1_204' title='bbox 569 2959 611 3002; x_wconf 90' lang='lat' dir='ltr'>ne</span> <span class='ocrx_word' id='word_1_205' title='bbox 632 2953 717 3022; x_wconf 86' lang='lat' dir='ltr'>perte</span> <span class='ocrx_word' id='word_1_206' title='bbox 740 2938 787 3000; x_wconf 88' lang='lat' dir='ltr'>sui</span> <span class='ocrx_word' id='word_1_207' title='bbox 806 2941 967 3003; x_wconf 81' lang='lat' dir='ltr'>necessarie</span> <span class='ocrx_word' id='word_1_208' title='bbox 987 2960 1110 3006; x_wconf 77' lang='lat' dir='ltr'>careant</span> <span class='ocrx_word' id='word_1_209' title='bbox 1129 2949 1291 3027; x_wconf 83' lang='lat' dir='ltr'>proxime.</span> <span class='ocrx_word' id='word_1_210' title='bbox 1322 2949 1342 3008; x_wconf 89' lang='lat' dir='ltr'>ii</span> <span class='ocrx_word' id='word_1_211' title='bbox 1397 2937 1398 2944; x_wconf 9' lang='grc' dir='ltr'>ἵ</span> 
     </span>
     <span class='ocr_line' id='line_1_25' title="bbox 317 3035 1341 3128; baseline 0.005 -22"><span class='ocrx_word' id='word_1_212' title='bbox 317 3045 352 3106; x_wconf 90' lang='lat' dir='ltr'>in</span> <span class='ocrx_word' id='word_1_213' title='bbox 369 3045 407 3105; x_wconf 83' lang='lat' dir='ltr'>iis</span> <span class='ocrx_word' id='word_1_214' title='bbox 425 3035 600 3102; x_wconf 83' lang='lat' dir='ltr'>Vossianam</span> <span class='ocrx_word' id='word_1_215' title='bbox 622 3042 789 3102; x_wconf 87' lang='lat' dir='ltr'>lectionem</span> <span class='ocrx_word' id='word_1_216' title='bbox 813 3041 856 3100; x_wconf 84' lang='lat' dir='ltr'>nd</span> <span class='ocrx_word' id='word_1_217' title='bbox 877 3042 990 3104; x_wconf 81' lang='lat' dir='ltr'>Colida</span> <span class='ocrx_word' id='word_1_218' title='bbox 1010 3049 1180 3128; x_wconf 84' lang='lat' dir='ltr'>exceperis.</span> <span class='ocrx_word' id='word_1_219' title='bbox 1217 3048 1341 3112; x_wconf 82' lang='lat' dir='ltr'>Ciacco·</span> 
     </span>
     <span class='ocr_line' id='line_1_26' title="bbox 314 3141 1340 3227; baseline 0.004 -21"><span class='ocrx_word' id='word_1_220' title='bbox 314 3147 388 3206; x_wconf 89' lang='lat' dir='ltr'>niue</span> <span class='ocrx_word' id='word_1_221' title='bbox 405 3141 539 3202; x_wconf 78' lang='lat' dir='ltr'>verbum</span> <span class='ocrx_word' id='word_1_222' title='bbox 560 3143 698 3222; x_wconf 84' lang='lat' dir='ltr'>pertinet</span> <span class='ocrx_word' id='word_1_223' title='bbox 720 3162 757 3202; x_wconf 84' lang='lat' dir='ltr'>ex</span> <span class='ocrx_word' id='word_1_224' title='bbox 779 3145 920 3224; x_wconf 83' lang='lat' dir='ltr'>margine</span> <span class='ocrx_word' id='word_1_225' title='bbox 945 3145 1091 3227; x_wconf 81' lang='lat' dir='ltr'>irrepsisse</span> <span class='ocrx_word' id='word_1_226' title='bbox 1113 3162 1147 3209; x_wconf 89' lang='lat' dir='ltr'>et</span> <span class='ocrx_word' id='word_1_227' title='bbox 1169 3149 1340 3210; x_wconf 89' lang='lat' dir='ltr'>delendum</span> 
     </span>
     <span class='ocr_line' id='line_1_27' title="bbox 315 3241 1338 3337; baseline 0.006 -31"><span class='ocrx_word' id='word_1_228' title='bbox 315 3241 467 3312; x_wconf 82' lang='lat' dir='ltr'>censebat,</span> <span class='ocrx_word' id='word_1_229' title='bbox 489 3241 575 3322; x_wconf 92' lang='lat' dir='ltr'>quod</span> <span class='ocrx_word' id='word_1_230' title='bbox 592 3241 631 3304; x_wconf 80' lang='lat' dir='ltr'>sic</span> <span class='ocrx_word' id='word_1_231' title='bbox 644 3243 756 3306; x_wconf 89' lang='lat' dir='ltr'>melior</span> <span class='ocrx_word' id='word_1_232' title='bbox 772 3243 928 3306; x_wconf 81' lang='lat' dir='ltr'>distinctio</span> <span class='ocrx_word' id='word_1_233' title='bbox 943 3243 1052 3310; x_wconf 83' lang='lat' dir='ltr'>servet.</span> <span class='ocrx_word' id='word_1_234' title='bbox 1078 3247 1153 3311; x_wconf 80' lang='lat' dir='ltr'>Posi</span> <span class='ocrx_word' id='word_1_235' title='bbox 1166 3249 1338 3337; x_wconf 79' lang='lat' dir='ltr'>Rehdiger.</span> 
     </span>
     <span class='ocr_line' id='line_1_28' title="bbox 314 3343 534 3426; baseline -0.009 -19"><span class='ocrx_word' id='word_1_236' title='bbox 314 3343 355 3408; x_wconf 82' lang='lat' dir='ltr'>ad</span> <span class='ocrx_word' id='word_1_237' title='bbox 380 3343 534 3426; x_wconf 78' lang='lat' dir='ltr'>Scythico.</span> 
     </span>
    </p>
   </div>
   <div class='ocr_carea' id='block_1_4' title="bbox 308 3543 1397 4242">
    <p class='ocr_par' dir='ltr' id='par_1_4' title="bbox 308 3543 1397 4242">
     <span class='ocr_line' id='line_1_29' title="bbox 389 3543 1336 3642; baseline 0.008 -33"><span class='ocrx_word' id='word_1_238' title='bbox 389 3546 440 3609; x_wconf 86' lang='lat' dir='ltr'>ad</span> <span class='ocrx_word' id='word_1_239' title='bbox 474 3543 650 3627; x_wconf 83' lang='lat' dir='ltr'>Colide)</span> <span class='ocrx_word' id='word_1_240' title='bbox 699 3545 837 3610; x_wconf 81' lang='lat' dir='ltr'>Vossiani</span> <span class='ocrx_word' id='word_1_241' title='bbox 864 3551 1004 3632; x_wconf 85' lang='lat' dir='ltr'>itemque</span> <span class='ocrx_word' id='word_1_242' title='bbox 1025 3552 1090 3614; x_wconf 90' lang='lat' dir='ltr'>mei</span> <span class='ocrx_word' id='word_1_243' title='bbox 1109 3549 1264 3642; x_wconf 75' lang='lat' dir='ltr'>apprfito</span> <span class='ocrx_word' id='word_1_244' title='bbox 1288 3574 1336 3616; x_wconf 80' lang='lat' dir='ltr'>ex·</span> 
     </span>
     <span class='ocr_line' id='line_1_30' title="bbox 313 3647 1336 3735; baseline 0.006 -24"><span class='ocrx_word' id='word_1_245' title='bbox 313 3650 444 3718; x_wconf 85' lang='lat' dir='ltr'>hibent,</span> <span class='ocrx_word' id='word_1_246' title='bbox 469 3663 502 3710; x_wconf 89' lang='lat' dir='ltr'>et</span> <span class='ocrx_word' id='word_1_247' title='bbox 517 3649 556 3708; x_wconf 83' lang='lat' dir='ltr'>sic</span> <span class='ocrx_word' id='word_1_248' title='bbox 572 3649 727 3711; x_wconf 80' lang='lat' dir='ltr'>editiones</span> <span class='ocrx_word' id='word_1_249' title='bbox 742 3654 779 3712; x_wconf 87' lang='lat' dir='ltr'>ad</span> <span class='ocrx_word' id='word_1_250' title='bbox 794 3647 952 3722; x_wconf 83' lang='lat' dir='ltr'>Voffium.</span> <span class='ocrx_word' id='word_1_251' title='bbox 978 3653 1032 3733; x_wconf 91' lang='lat' dir='ltr'>qui</span> <span class='ocrx_word' id='word_1_252' title='bbox 1052 3651 1256 3735; x_wconf 85' lang='lat' dir='ltr'>sequentibus</span> <span class='ocrx_word' id='word_1_253' title='bbox 1270 3657 1336 3717; x_wconf 79' lang='lat' dir='ltr'>eliis</span> 
     </span>
     <span class='ocr_line' id='line_1_31' title="bbox 312 3748 1336 3840; baseline 0.004 -27"><span class='ocrx_word' id='word_1_254' title='bbox 312 3748 528 3814; x_wconf 80' lang='lat' dir='ltr'>substituitad</span> <span class='ocrx_word' id='word_1_255' title='bbox 546 3749 670 3811; x_wconf 81' lang='lat' dir='ltr'>Colida.</span> <span class='ocrx_word' id='word_1_256' title='bbox 695 3767 898 3812; x_wconf 77' lang='lat' dir='ltr'>rzscnvcne.</span> <span class='ocrx_word' id='word_1_257' title='bbox 936 3749 1113 3840; x_wconf 81' lang='lat' dir='ltr'>Appofite)</span> <span class='ocrx_word' id='word_1_258' title='bbox 1150 3755 1269 3817; x_wconf 86' lang='lat' dir='ltr'>Melius</span> <span class='ocrx_word' id='word_1_259' title='bbox 1287 3777 1336 3816; x_wconf 83' lang='lat' dir='ltr'>ex·</span> 
     </span>
     <span class='ocr_line' id='line_1_32' title="bbox 312 3847 1397 3945; baseline 0.006 -32"><span class='ocrx_word' id='word_1_260' title='bbox 312 3847 431 3943; x_wconf 79' lang='lat' dir='ltr'>postte.</span> <span class='ocrx_word' id='word_1_261' title='bbox 458 3869 653 3914; x_wconf 75' lang='lat' dir='ltr'>etu&#39;rtnuvs.</span> <span class='ocrx_word' id='word_1_262' title='bbox 704 3851 868 3914; x_wconf 84' lang='lat' dir='ltr'>Pintianus</span> <span class='ocrx_word' id='word_1_263' title='bbox 887 3854 963 3936; x_wconf 83' lang='lat' dir='ltr'>legit</span> <span class='ocrx_word' id='word_1_264' title='bbox 978 3851 1133 3945; x_wconf 59' lang='lat' dir='ltr'>exposta,</span> <span class='ocrx_word' id='word_1_265' title='bbox 1159 3853 1211 3918; x_wconf 91' lang='lat' dir='ltr'>sed</span> <span class='ocrx_word' id='word_1_266' title='bbox 1231 3857 1334 3941; x_wconf 83' lang='lat' dir='ltr'>legeo-</span> <span class='ocrx_word' id='word_1_267' title='bbox 1396 3879 1397 3940; x_wconf 50' lang='lat'>3</span> 
     </span>
     <span class='ocr_line' id='line_1_33' title="bbox 313 3949 1332 4040; baseline 0.005 -25"><span class='ocrx_word' id='word_1_268' title='bbox 313 3955 390 4016; x_wconf 89' lang='lat' dir='ltr'>dum</span> <span class='ocrx_word' id='word_1_269' title='bbox 405 3965 482 4034; x_wconf 82' lang='lat' dir='ltr'>puto</span> <span class='ocrx_word' id='word_1_270' title='bbox 500 3949 543 4010; x_wconf 86' lang='lat' dir='ltr'>ad</span> <span class='ocrx_word' id='word_1_271' title='bbox 560 3951 685 4013; x_wconf 82' lang='lat' dir='ltr'>Colida.</span> <span class='ocrx_word' id='word_1_272' title='bbox 713 3973 919 4016; x_wconf 78' lang='lat' dir='ltr'>cinccousvr.</span> <span class='ocrx_word' id='word_1_273' title='bbox 972 3955 1066 4018; x_wconf 84' lang='lat' dir='ltr'>Forte</span> <span class='ocrx_word' id='word_1_274' title='bbox 1080 3955 1126 4018; x_wconf 81' lang='lat' dir='ltr'>ad</span> <span class='ocrx_word' id='word_1_275' title='bbox 1141 3957 1258 4018; x_wconf 78' lang='lat' dir='ltr'>Colida</span> <span class='ocrx_word' id='word_1_276' title='bbox 1276 3977 1332 4040; x_wconf 88' lang='lat' dir='ltr'>pro</span> 
     </span>
     <span class='ocr_line' id='line_1_34' title="bbox 310 4049 1397 4138; baseline 0.006 -25"><span class='ocrx_word' id='word_1_277' title='bbox 310 4065 460 4136; x_wconf 83' lang='lat' dir='ltr'>apporta</span> <span class='ocrx_word' id='word_1_278' title='bbox 481 4049 594 4133; x_wconf 78' lang='lat' dir='ltr'>scripsit</span> <span class='ocrx_word' id='word_1_279' title='bbox 616 4051 709 4115; x_wconf 84' lang='lat' dir='ltr'>Mese.</span> <span class='ocrx_word' id='word_1_280' title='bbox 742 4073 918 4116; x_wconf 77' lang='lat' dir='ltr'>senorrvs.</span> <span class='ocrx_word' id='word_1_281' title='bbox 971 4055 1076 4118; x_wconf 88' lang='lat' dir='ltr'>Foede</span> <span class='ocrx_word' id='word_1_282' title='bbox 1097 4058 1150 4118; x_wconf 88' lang='lat' dir='ltr'>hic</span> <span class='ocrx_word' id='word_1_283' title='bbox 1178 4059 1267 4121; x_wconf 84' lang='lat' dir='ltr'>locus</span> <span class='ocrx_word' id='word_1_284' title='bbox 1288 4061 1333 4120; x_wconf 86' lang='lat' dir='ltr'>in·</span> <span class='ocrx_word' id='word_1_285' title='bbox 1396 4073 1397 4138; x_wconf 60' lang='lat' dir='ltr'><strong>J</strong></span> 
     </span>
     <span class='ocr_line' id='line_1_35' title="bbox 308 4151 1397 4242; baseline 0.006 -26"><span class='ocrx_word' id='word_1_286' title='bbox 308 4157 455 4238; x_wconf 84' lang='lat' dir='ltr'>quinetue</span> <span class='ocrx_word' id='word_1_287' title='bbox 470 4151 523 4214; x_wconf 85' lang='lat' dir='ltr'>est.</span> <span class='ocrx_word' id='word_1_288' title='bbox 562 4153 642 4236; x_wconf 85' lang='lat' dir='ltr'>Quis</span> <span class='ocrx_word' id='word_1_289' title='bbox 661 4156 748 4216; x_wconf 88' lang='lat' dir='ltr'>euim</span> <span class='ocrx_word' id='word_1_290' title='bbox 768 4153 870 4218; x_wconf 82' lang='lat' dir='ltr'>sensus</span> <span class='ocrx_word' id='word_1_291' title='bbox 892 4157 928 4216; x_wconf 90' lang='lat' dir='ltr'>in</span> <span class='ocrx_word' id='word_1_292' title='bbox 946 4155 1022 4229; x_wconf 85' lang='lat' dir='ltr'>illis,</span> <span class='ocrx_word' id='word_1_293' title='bbox 1047 4179 1070 4220; x_wconf 83' lang='lat' dir='ltr'>o</span> <span class='ocrx_word' id='word_1_294' title='bbox 1093 4159 1241 4242; x_wconf 69' lang='lat' dir='ltr'>Scythico</span> <span class='ocrx_word' id='word_1_295' title='bbox 1262 4179 1333 4242; x_wconf 81' lang='lat' dir='ltr'>pro·</span> <span class='ocrx_word' id='word_1_296' title='bbox 1396 4229 1397 4242; x_wconf 21' lang='lat' dir='ltr'>q</span> 
     </span>
    </p>
   </div>
   <div class='ocr_carea' id='block_1_5' title="bbox 0 0 1422 4940">
    <p class='ocr_par' dir='ltr' id='par_1_5' title="bbox 0 0 1422 4940">
     <span class='ocr_line' id='line_1_36' title="bbox 0 0 1422 4940; baseline 0 5"><span class='ocrx_word' id='word_1_297' title='bbox 0 0 1422 4940; x_wconf 95' lang='lat' dir='ltr'> </span> 
     </span>
    </p>
   </div>
  </div>
 </body>
</html>
