2826 4936
346 447 437 508 ΗΒ.
466 449 518 504 lll.
562 447 595 506 c.
618 451 667 510 lv·
709 447 734 518 i
759 464 788 505 a.
1032 466 1091 530 rop

47 625 145 688 licere
167 623 222 686 bic
247 635 330 687 recte
359 623 471 708 poted.
534 621 581 683 lta
607 635 714 684 tamen
747 618 809 684 lert
833 621 930 684 etiam
954 621 1006 686 ed.
1033 638 1091 700 13.

48 745 171 810 nempe
192 727 280 807 quod
311 724 528 808 praecedentia
551 735 587 784 ue
611 721 721 784 cedens
745 725 955 804 praeterierat.
1007 725 1093 788 tteh·

50 829 157 912 diger.
189 827 323 890 ridicnle
347 819 491 920 sopiens.
550 825 651 887 Porro
679 823 828 888 Ciarcon.
864 825 974 888 Cibin.
1003 825 1091 890 Gnd.

49 928 240 992 Vindobon.
271 928 361 1014 Prag.
385 930 507 1010 exegit.
545 927 633 1009 quod
657 939 787 1008 propter
810 927 988 988 invitavere
1016 926 1093 990 ferri

51 1034 153 1094 eriam
177 1027 280 1112 pellit,
306 1045 338 1094 et
358 1027 464 1112 posuit
484 1028 535 1092 etl.
556 1037 617 1108 44.
653 1029 750 1090 Vatic.
772 1029 892 1108 exegit.
945 1029 1093 1110 Denique

49 1133 231 1218 Rehdiger.
251 1135 430 1206 tradentes,
454 1127 538 1194 forte
553 1143 591 1192 ut
611 1128 726 1191 melius
738 1129 778 1192 ad
799 1125 950 1192 tabicam
970 1149 1093 1194 accont-

49 1233 250 1298 moderetur.

129 1433 359 1519 latitant)
409 1435 501 1500 Idem
525 1437 578 1499 hie
603 1435 643 1498 ‹le
667 1435 756 1497 librie
782 1433 918 1516 scriptis.
959 1451 1094 1519 ercepto

52 1537 140 1602 Voff.
162 1559 193 1601 t.
216 1539 316 1610 valet,
349 1538 433 1619 qnod
456 1539 565 1622 paullo
583 1537 722 1620 superine
741 1539 773 1596 in
789 1539 887 1599 verbo
909 1549 1015 1598 tenent
1038 1557 1095 1600 no·

52 1642 134 1704 tari.
188 1639 316 1722 Nempe
342 1637 493 1702 habitant
521 1641 638 1702 volunt
670 1638 769 1700 iidem
794 1639 932 1708 codices,
970 1652 1095 1702 tantum

53 1743 144 1825 quod
162 1743 258 1802 verba
272 1731 397 1832 semper
412 1740 518 1834 rostro
533 1737 684 1802 habitant
700 1741 733 1800 in
750 1736 845 1800 Parii.
867 1759 897 1802 r.
921 1739 1095 1802 deliderarr·

55 1859 121 1908 tur.
160 1845 199 1904 ln
217 1843 290 1902 edd.
312 1863 341 1903 r.
358 1857 391 1904 a.
408 1859 442 1921 9.
460 1845 575 1926 legitur
593 1838 756 1911 habitant,
778 1840 811 1900 in
829 1840 941 1902 ceteris
956 1839 1095 1914 habitat,

53 1946 144 2028 quod
165 1945 294 2006 tandem
310 1943 405 2004 etiam
426 1943 480 2004 hic
494 1943 679 2007 Gronovius
696 1941 729 2002 in
749 1941 799 2005 ed.
818 1953 879 2021 45.
901 1943 938 2001 ad
956 1943 1096 2023 priorem

52 2045 195 2110 formant
210 2048 391 2114 revocarit,
415 2063 494 2126 quae
513 2059 546 2108 et
564 2055 733 2126 propagata
747 2041 801 2106 est.
850 2043 897 2104 lta
913 2063 990 2104 vero
1010 2057 1096 2106 recte

54 2169 132 2210 cum
159 2159 266 2208 tenent
288 2143 462 2216 consentit,
504 2161 536 2208 et
563 2145 749 2206 auctoritate
782 2143 936 2206 librorum
969 2146 1096 2210 nititur.

56 2250 162 2312 Multa
180 2248 278 2308 liniue
298 2245 473 2322 συνθέσεως
494 2248 546 2310 rel
568 2241 770 2332 συλλήψεως
790 2245 934 2326 exempla
955 2247 1100 2310 conlecta

58 2353 183 2412 dabunt
207 2349 247 2409 ad
279 2349 410 2410 Livium
443 2347 629 2412 Gronovius
661 2359 694 2410 et
720 2345 965 2412 Drakenborch.
987 2343 1099 2430 pallam

57 2455 156 2515 etiarn
181 2451 301 2512 vitiata.
353 2447 405 2511 Cf.
424 2464 590 2530 ¹praeterea
620 2445 766 2510 Daviliue
788 2439 827 2508 ad
858 2447 917 2510 lul.
945 2447 1032 2511 Caes.
1058 2450 1098 2510 de

59 2555 97 2618 B.
115 2553 156 2618 C.
175 2567 207 2622 α,
224 2552 257 2620 6,
277 2564 309 2630 5.
341 2553 449 2632 quiet
470 2551 522 2612 hic
550 2551 704 2632 pluralem
727 2545 879 2630 praefert,
913 2563 947 2610 et
970 2549 1101 2612 Ouden-

60 2657 153 2737 dorp.
170 2653 209 2714 ed
225 2652 364 2716 eundern
380 2653 419 2712 de
438 2651 473 2714 B.
494 2651 535 2716 G.
554 2665 587 2730 3,
608 2667 662 2724 17,
680 2663 711 2728 3.
764 2649 827 2712 Sed
846 2661 922 2710 nota
937 2651 1014 2712 haec
1027 2649 1101 2712 lunt

61 2777 100 2820 ex
114 2769 284 2817 anctorum
303 2751 372 2818 usu.
405 2753 517 2816 Simile
531 2753 566 2814 in
581 2771 660 2816 voce
676 2771 774 2832 geraus
796 2749 885 2812 dedit
901 2750 991 2835 sopra
1003 2753 1101 2814 etiam

60 2859 167 2922 noster
192 2877 222 2928 r,
248 2857 303 2925 16.
331 2873 361 2918 t.

139 3078 265 3140 nsque
287 3055 349 3136 eo)
380 3055 471 3141 Prag.
495 3075 569 3119 cuna
585 3055 659 3120 edd.
680 3068 734 3136 ¹5·
754 3071 886 3137 πομπῇ.
903 3054 1102 3139 usqueadeo.

61 3163 111 3224 nti
133 3173 167 3223 et
190 3162 225 3220 in
247 3159 402 3222 Vaticanis
420 3156 510 3220 fuiffe
527 3159 666 3222 videtur.
710 3161 799 3220 Tum
825 3159 972 3222 Ciaccon.
993 3155 1103 3222 Cibin.

63 3265 166 3328 varic.
190 3259 363 3345 Rebdiger.
381 3257 461 3322 belia
480 3280 549 3320 eum
566 3261 661 3333 virm
685 3261 777 3346 Prag.
797 3261 894 3322 etiam
911 3257 1003 3324 della.

139 3475 265 3548 atque
295 3461 366 3545 ut)
416 3461 606 3526 Ciacconina
630 3463 721 3524 malit
755 3461 799 3524 nd
823 3483 919 3547 qnae,
957 3463 1043 3546 qnod
1072 3475 1106 3526 et

63 3567 181 3632 nteliue
202 3561 305 3628 censet
327 3563 491 3628 Schottur.
533 3565 660 3626 Poterat
677 3567 719 3626 ita
735 3563 831 3636 lllele,
857 3580 889 3627 at
904 3567 947 3626 ita
961 3563 1105 3643 noluilie‚

65 3670 234 3732 contendit
249 3668 396 3728 codicum
412 3667 518 3728 lectio.
561 3667 666 3728 lmmo
684 3670 782 3752 magia
798 3681 883 3746 amat
899 3665 1000 3728 noller
1011 3666 1106 3728 laxio-

65 3792 133 3834 rem
152 3790 209 3852 per
229 3781 330 3850 partes
344 3765 458 3828 divisae
474 3786 669 3828 connexum.
701 3769 754 3830 Sic
774 3770 920 3850 proxime
936 3767 1005 3850 poli
1023 3765 1106 3837 t'rtde,

65 3873 122 3934 nbi
144 3883 269 3954 poterat
291 3868 385 3933 unde.
423 3870 463 3930 ln
480 3866 564 3950 leqo.
582 3868 696 3930 dextra
712 3868 807 3933 Paris.
823 3869 939 3932 omilit.

143 4071 241 4136 r'rrde
265 4071 395 4152 exped
403 4073 415 4133 i
421 4083 463 4134 ca
482 4099 532 4116 -
541 4071 561 4155 )
611 4071 701 4132 Varie
717 4072 771 4134 hic
788 4071 877 4133 locue
894 4071 1024 4134 iactatur
1039 4089 1107 4132 non

66 4191 170 4242 tama
199 4174 321 4240 MSStia
343 4187 376 4236 et
406 4173 539 4239 retollit
564 4171 778 4248 editionibur,
814 4193 912 4257 quam
935 4192 953 4236 a
976 4171 1109 4258 polierie
