2752 4944
304 423 369 498 ²94·
601 411 848 472 rourouu
889 411 1055 470 notun

384 585 630 668 Calliaros)
681 585 823 650 vindob.
847 585 935 649 Gud.
955 582 1041 668 Lipi.
1061 582 1154 670 Preg.
1181 578 1334 670 Atrguiiin.
1362 615 1363 640 ;

307 695 381 758 edd.
408 713 438 756 ι.
470 705 503 772 3.
525 699 562 770 4.
592 701 626 768 5.
650 707 685 770 9.
716 709 771 752 ιι.
798 688 963 762 Calioror‚·
996 685 1168 772 Rehdiger.
1193 685 1335 769 colyoros.
1362 751 1363 768 p

308 796 393 860 Edd.
412 796 446 858 6.
467 809 501 870 7.
525 805 559 870 8.
587 803 643 870 25.
670 807 727 868 17.
752 805 812 856 2ο.
831 803 889 870 23.
913 789 1086 862 Callicrorr
1122 804 1180 852 ι2.
1204 799 1257 868 ι4.
1287 805 1336 865 ²9·
1362 841 1363 846 ,

312 897 483 962 Godioros.
521 895 622 956 Recte
643 893 695 958 ed.
717 912 772 955 ιο.
794 892 959 954 cumoliie
982 889 1151 963 Calliaros,
1177 892 1225 952 uti
1239 909 1338 951 emen·
1362 955 1363 962 ¹

310 1001 438 1062 devetat
458 1016 497 1059 ex
514 995 659 1056 Homero
681 994 719 1057 lt.
741 1009 773 1066 2,
797 1004 882 1073 531.
916 991 1069 1056 Strabone
1090 1009 1126 1072 9.
1149 1013 1182 1076 p.
1198 1011 1241 1054 m.
1263 1003 1338 1070 293.
1362 1043 1363 1078 7

311 1100 333 1164 f.
356 1101 442 1182 426.
485 1097 593 1160 Plinio
617 1105 651 1179 4,
681 1111 736 1160 ι2.
754 1095 776 1158 i.
796 1111 829 1171 7.
864 1093 983 1178 quib'ue
1013 1093 1126 1158 etalii
1156 1093 1231 1158 eddi
1258 1090 1339 1154 tacite

310 1200 447 1288 poffint,
473 1199 665 1262 Hermolaus
687 1196 853 1260 Barbarus.

386 1399 595 1485 Phocide)
643 1402 737 1488 Prag.
778 1399 936 1475 Phocion·
985 1399 1163 1486 Rehdiger.
1200 1394 1363 1482 phocyde.

242 1559 247 1570 .
311 1507 401 1570 Tum
418 1505 528 1569 Cibin.
550 1503 675 1588 adpty.

389 1695 629 1798 Parnasos)
686 1705 779 1792 Prog.
819 1695 989 1796 pernosos;
1035 1703 1145 1769 Cibin.
1178 1701 1342 1786 Rehdiger.

313 1810 452 1874 Vindob.
473 1809 547 1870 edd.
575 1827 604 1870 ι.
624 1821 656 1888 3.
680 1819 715 1890 4.
740 1819 773 1884 5.
798 1809 831 1871 6.
851 1821 883 1882 7.
901 1819 935 1885 8.
961 1825 994 1886 9.
1024 1827 1079 1868 ιο.
1103 1825 1159 1870 ιι.
1182 1819 1217 1868 et
1236 1805 1344 1886 plerae-

313 1933 375 1994 que
399 1912 476 1972 aliae
500 1928 573 1969 cum
597 1911 745 1970 Vadienie
769 1923 802 1971 et
828 1907 1016 1970 Olirarieuis
1041 1898 1228 1998 Parnasum
1267 1901 1343 1986 Lipi.

315 2013 400 2075 Gud.
425 2011 525 2072 Vetic.
547 2007 654 2093 (puto)
678 2031 751 2070 cum
772 2009 863 2072 editt.
885 2023 944 2088 23.
966 2011 1195 2088 Gronovieuie,
1220 2007 1345 2088 Keppia·

313 2115 366 2176 nio
386 2101 568 2202 Pomososr
611 2113 763 2182 Vinctus.
802 2111 970 2182 Schottur‚
1009 2107 1134 2173 Voffiue
1159 2100 1346 2196 Pornoffirs‚·

314 2213 506 2278 Reiuoidiue
527 2205 710 2300 Pornoffos.
763 2213 962 2275 Terminetio
977 2213 1011 2272 in
1028 2231 1152 2273 oscum
1175 2226 1209 2274 et
1229 2211 1346 2272 codices

315 2312 506 2398 praeierant.
540 2315 725 2395 Pomponio
745 2314 856 2395 utique
880 2313 923 2374 est
950 2313 1232 2375 accommodatior.
1285 2309 1347 2370 Nec

316 2419 419 2500 magio
439 2413 587 2496 scripturo
602 2435 726 2484 eorum,
753 2429 786 2476 et
800 2416 932 2496 quidem
951 2414 1140 2476 constantior
1159 2411 1347 2474 dimittenda

316 2519 464 2586 videtur,
490 2518 545 2597 qui
567 2536 624 2597 per
634 2507 666 2607 s
679 2517 809 2597 simplex
830 2515 978 2578 efferunt.
1031 2515 1178 2576 Eandem
1200 2513 1347 2578 exhibent

189 2647 201 2664 ι
318 2633 352 2680 et
383 2618 459 2680 alibi
493 2618 618 2679 codices
653 2614 851 2679 vetustissimi
885 2617 1085 2699 probantque
1122 2619 1187 2676 viri
1223 2615 1346 2676 eruditi.

316 2719 390 2783 Vid.
419 2717 583 2781 Drakeub.
613 2719 651 2780 ad
679 2719 736 2780 Sil.
764 2718 833 2778 ital.
862 2731 918 2796 15,
943 2731 1026 2797 311.
1072 2717 1284 2798 Oudendorp.
1313 2713 1348 2775 od

318 2821 436 2882 Lucan.
460 2834 490 2898 3.
517 2835 599 2893 172.
642 2817 750 2882 Heius.
767 2821 805 2880 od
830 2817 928 2880 Ouid.
951 2809 1032 2883 Met.
1051 2839 1080 2888 ι,
1103 2820 1192 2898 463.
1233 2818 1350 2879 Pieriur

317 2921 357 2982 ad
373 2923 484 3005 virgil.
501 2921 603 3004 eclog.
625 2939 680 2991 ιο,
714 2941 767 2982 ιι.
795 2933 830 2981 et
849 2939 929 3001 quoe
945 2921 1115 2980 nominant
1134 2919 1298 2980 Drakenb.
1315 2916 1349 2978 ad

319 3022 391 3085 Liv.
413 3033 473 3101 42,
501 3021 556 3085 16.
573 3024 618 3083 in.
652 3036 687 3084 et
711 3007 892 3102 Dauoquiur
913 3022 946 3082 in
969 3020 1122 3105 Orthogr.
1148 3021 1187 3084 P.
1208 3037 1242 3083 2.
1265 3021 1297 3080 h.
1319 3037 1348 3079 r.

319 3122 374 3184 etii
390 3123 443 3184 hic
458 3103 532 3184 'vult
553 3114 739 3211 Parnoffus,
765 3124 814 3183 uti
833 3123 921 3183 dedit
942 3123 976 3182 iu
994 3121 1105 3184 Orofio
1128 3143 1157 3192 ι,
1176 3141 1213 3202 9.
1237 3123 1350 3183 Havet-

318 3241 456 3304 cempus.
502 3222 722 3285 Broukhusrue
743 3225 823 3284 adeo
840 3224 878 3284 ad
896 3223 1041 3304 Propert.
1066 3240 1096 3292 2,
1117 3237 1173 3302 25,
1197 3237 1254 3302 13.
1275 3243 1351 3282 nun·

317 3342 414 3403 quam
435 3341 492 3406 per
509 3315 554 3410 ff
574 3325 706 3386 Latinos
726 3321 868 3406 scripfiiie
889 3325 1071 3394 contendit,
1111 3325 1168 3385 etii
1187 3325 1228 3386 iio
1243 3321 1350 3385 Graeci

318 3423 432 3485 velint.
489 3423 911 3504 secundundum,
942 3427 991 3484 uti
1013 3427 1048 3485 in
1071 3425 1241 3488 Strabonis
1267 3421 1349 3484 librit

318 3521 437 3607 scriptio
457 3536 489 3584 et
507 3525 611 3587 editio.
650 3527 793 3608 Simplex
813 3545 832 3588 σ
851 3521 1054 3607 entiquiffimi
1078 3527 1200 3587 habeut
1220 3527 1352 3590 codices

317 3626 352 3684 in
377 3623 524 3686 Diodoro
548 3627 610 3688 Sic.
633 3647 687 3699 ιι,
713 3637 770 3710 24.
822 3620 993 3714 Παρνησὸς
1023 3625 1227 3688 scribendum
1251 3623 1350 3688 censet

316 3722 427 3785 Brunk
455 3725 495 3786 ed
515 3725 666 3806 Apollon.
696 3729 807 3791 Rhod.
835 3746 866 3800 2,
890 3743 973 3806 725.
1026 3731 1160 3791 Videtur
1193 3725 1350 3811 suffragari

315 3837 470 3896 metrum,
505 3828 592 3889 unde
624 3825 795 3917 Παρνησὸς
824 3849 882 3911 pro
918 3826 1109 3917 Παρνασὸς,
1143 3849 1243 3910 quare
1267 3828 1351 3914 Hop-

315 3923 431 4001 νασσός
451 3929 630 3990 extruditur
645 3933 728 4012 opud
746 3933 879 3993 Homer.
902 3932 936 3992 in
954 3933 1096 4013 Apollin.
1121 3931 1220 4011 Pyth.
1244 3953 1277 3994 v.
1294 3947 1351 4010 91.

317 4027 401 4106 269.
436 4039 473 4086 ιιι
493 4028 612 4090 vitium
636 4031 674 4091 ab
696 4033 830 4117 iigenio,
863 4032 949 4114 quod
967 4034 1031 4094 iam
1046 4047 1137 4095 anteo
1160 4030 1278 4097 iecerat
1298 4031 1351 4091 Er·

316 4127 403 4190 nesti.
442 4127 535 4190 idem
560 4129 595 4191 in
625 4133 692 4195 aliis
723 4153 798 4196 curu
822 4135 1023 4198 dubitatione
1049 4149 1192 4200 notatur.
1248 4123 1352 4222 Nyffa
