2880 4940
404 365 496 423 mn.
527 367 581 422 ιιι.
626 367 659 424 c.
689 368 741 424 ιιι.
784 367 864 438 Μ·
1094 373 1173 444 547*

122 559 179 603 rr.
194 536 217 603 i,
232 539 266 604 6.
308 539 357 602 Ita
371 559 449 604 vero
467 538 554 623 saepe
570 539 698 602 additur
719 542 856 627 negandi
873 543 1039 624 particula,
1067 555 1104 603 nt
1123 545 1160 606 iit

5 705 6 708 ,
115 641 221 712 idem,
247 643 335 724 quod
349 662 418 704 non
433 645 586 726 amplius,
613 645 660 703 uti
675 645 803 726 adparet
817 663 856 706 ex
872 645 930 715 iia,
957 665 1035 727 quae
1051 643 1160 708 Schei·

115 741 204 806 ierne
227 756 260 804 et
279 744 484 807 Burmannus
507 758 660 806 notarunt
680 745 718 806 ad
742 745 924 808 Phaedrum
948 765 977 818 1,
994 759 1027 824 8.
1047 761 1080 826 3.
1108 747 1162 810 hio

115 847 215 908 etiam
231 846 270 906 ad
284 846 493 930 Quinctilian.
516 848 550 910 6.
572 844 669 928 praef.
696 848 788 908 etad
811 847 910 909 Orici.
927 847 966 910 A.
987 849 1024 910 A.
1042 864 1074 918 o.
1099 861 1159 928 93.

114 947 290 1010 Intendere
306 949 404 1010 etiam
420 949 625 1032 negationem
641 949 797 1030 exempiie
809 947 919 1030 postris
934 949 1046 1011 docuit
1065 951 1162 1032 Wop-

115 1047 202 1111 kene
223 1049 256 1110 in
272 1047 403 1112 miscell.
423 1048 548 1112 observ.
570 1051 642 1114 Vol.
666 1069 720 1114 ιο.
743 1071 777 1133 p.
797 1063 853 1126 25.
906 1049 1021 1132 Neque
1040 1061 1160 1124 tamen,

116 1163 226 1212 utrum
245 1151 310 1213 hnc
329 1149 511 1221 transieras.
539 1149 643 1213 ieniue
661 1151 737 1213 inde
758 1151 821 1212 loci
840 1151 953 1212 exirstit
971 1155 1162 1218 commodne

117 1265 153 1314 et
175 1252 265 1316 lenie.
319 1251 406 1314 Cum
429 1255 516 1314 enim
540 1253 617 1316 alioe
637 1253 812 1336 Aethiopea
834 1253 887 1313 hic
909 1251 1067 1324 subiiciat,
1094 1273 1163 1318 eoa·

117 1354 196 1414 dem
217 1354 367 1416 videntur
381 1353 478 1416 rerba
500 1355 579 1416 haec
601 1355 750 1418 indicare.
800 1355 900 1416 Porro
917 1357 1042 1416 cumin
1058 1358 1162 1417 omni·

117 1452 180 1516 bue
196 1454 319 1518 MSStie
333 1467 366 1518 et
378 1457 509 1518 vetustis
521 1455 720 1518 editionibus
734 1455 836 1516 defint
851 1474 947 1518 vocea
963 1468 1001 1516 nc
1015 1457 1058 1528 iri,
1082 1478 1162 1539 quae

116 1557 244 1640 primur
266 1555 400 1619 inseruit
413 1558 580 1627 Vadianrra,
600 1570 633 1620 et
648 1557 725 1640 hinc
740 1557 912 1626 Oiirariue.
935 1570 1070 1638 uterque
1087 1579 1163 1620 curn
1278 1618 1281 1624 ,

117 1655 200 1728 [uie.
230 1672 263 1720 et
284 1658 354 1742 post
370 1659 424 1720 alii
444 1663 667 1730 retinuerunt,
699 1659 799 1720 aliena
818 1657 911 1740 pierre
931 1657 1004 1720 innt
1025 1673 1057 1721 et
1080 1657 1163 1732 falia,

118 1779 199 1840 quae
214 1757 397 1841 sequuntur,
424 1780 505 1845 qnos
525 1761 676 1830 diximus,
702 1760 757 1820 etii
774 1759 963 1822 Ciacconiue
986 1775 1018 1822 et
1038 1761 1100 1831 iila,
1124 1773 1164 1824 art

117 1862 170 1930 ht,
197 1861 373 1924 redundare
396 1875 497 1944 putat.
550 1863 657 1923 lmrno
679 1862 951 1942 comparationem
973 1880 1049 1923 curn
1073 1861 1164 1944 iupe-

118 1963 260 2026 rioribua
275 1963 488 2046 Aethiopibus
510 1962 673 2024 instituere
695 1960 844 2031 voluiffe.
875 1977 981 2044 aperte
1004 1963 1164 2025 declarant

118 2063 256 2134 adiecta.
283 2085 339 2125 nec
357 2065 406 2126 ita
429 2061 615 2144 corporibus
626 2061 762 2154 flmiies.
816 2064 902 2124 Hinc
919 2083 996 2126 vero
1015 2065 1163 2149 intelligi·

119 2179 175 2226 tur
199 2165 343 2228 excidiiie
369 2166 572 2248 particulam,
605 2185 684 2246 qnae
708 2167 980 2248 comparationem
1007 2163 1162 2230 sustineat.

118 2267 165 2330 Vt
181 2268 279 2351 igitur
294 2267 373 2328 haec
388 2281 464 2350 apto
478 2285 563 2330 nexu
583 2267 737 2335 constent,
758 2267 931 2350 legendum
949 2267 1058 2347 ntique
1077 2269 1166 2330 vide·

119 2381 193 2429 tur:
227 2387 282 2428 nec
303 2379 371 2428 tom
393 2367 492 2439 dites,
516 2388 612 2450 quam
631 2387 709 2451 qnos
725 2367 877 2430 diximus.
930 2369 972 2427 Vt
992 2369 1079 2428 enim
1099 2371 1164 2430 iam

119 2481 155 2532 et
179 2483 248 2530 tem
271 2469 305 2530 in
330 2467 488 2532 librorum
515 2467 693 2530 nostrorum
725 2465 875 2551 [criptura
905 2465 996 2529 facile
1023 2469 1165 2531 invicem

119 2573 297 2656 permutari
325 2570 470 2652 poliunt,
509 2571 552 2630 ita
580 2571 676 2632 etiam
706 2567 794 2652 saepe
819 2582 861 2630 et
886 2588 961 2630 vere
993 2571 1167 2649 permutari

121 2674 237 2738 docuit
265 2685 388 2755 praeter
417 2673 495 2734 alioe
519 2669 762 2732 Drakenborch.
783 2669 823 2730 ad
846 2669 918 2732 Liv.
938 2685 996 2738 or.
1025 2689 1080 2738 rr.
1109 2688 1164 2736 12.

124 2771 233 2868 Quam
256 2791 333 2834 vero
356 2770 446 2834 facile
468 2791 507 2834 ex
528 2771 721 2854 compendio
740 2769 895 2832 scribendi
915 2783 948 2830 et
970 2784 1100 2852 propter
1125 2771 1167 2834 ie·

123 2894 228 2956 qnena
247 2895 326 2957 qnos
343 2871 499 2936 absorberi
515 2875 567 2935 vel
583 2873 727 2934 excidere
751 2873 867 2954 potuit.
913 2873 960 2932 lta
978 2871 1077 2955 igitur
1093 2874 1166 2936 date

121 2973 230 3038 visunt
246 2973 300 3038 est.
334 2975 434 3059 Quod
447 2995 515 3038 non
530 2986 599 3038 tom
615 2973 789 3046 subiicitur,
806 2971 859 3037 ieri
873 2973 934 3045 ita,
952 2973 987 3034 in
1003 2991 1043 3036 eo
1057 2993 1168 3046 nemo.

120 3092 221 3163 puto,
248 3075 403 3142 haerebit.

196 3275 422 3368 ‘Eerepirov
432 3278 452 3362 )
500 3281 593 3344 Varie
615 3279 755 3344 effertur.
795 3277 879 3362 Lipi.
900 3269 1046 3370 besprim·
1074 3279 1168 3366 Prag.

126 3372 284 3473 hisperim·
315 3382 469 3466 plerique,
496 3383 605 3446 Cihin.
627 3384 736 3452 etiarn,
761 3373 911 3472 hesperie,
937 3381 985 3440 nti
1008 3379 1170 3445 editiones

128 3503 243 3550 omnes
265 3483 303 3543 ad
323 3479 482 3558 Voss'rum5
509 3496 635 3545 tanturn
655 3493 713 3566 54.
733 3475 900 3574 Hesperii‚·
925 3478 1048 3542 Voffiue
1068 3493 1101 3543 et
1122 3501 1172 3544 ce·

130 3587 191 3646 teri
215 3581 402 3672 Ἑσπερὶων.
440 3603 646 3648 azecravcrta.
719 3583 832 3648 Scribo
866 3573 1023 3672 Hesperii.
1077 3581 1170 3644 Nihil

129 3675 293 3776 Hesperiis
315 3684 522 3768 Aethiopibus
546 3687 630 3770 apud
659 3699 790 3748 cunctor
817 3681 1026 3768 Geographoa
1049 3683 1170 3748 notine.

132 3805 334 3848 errt'rranve.
383 3787 486 3858 Bene,
510 3785 560 3850 ied
582 3788 697 3848 melior
713 3783 858 3848 Voffiarra
872 3785 980 3854 lectio,
1008 3786 1079 3864 quia
1099 3803 1172 3866 pro·

128 3890 202 3971 pina
219 3889 340 3950 accedit
359 3889 397 3950 nd
416 3889 533 3957 libros.
565 3903 598 3950 et
612 3889 645 3948 in
664 3886 758 3949 Parii.
778 3903 811 3950 o.
827 3899 859 3948 et
876 3899 909 3965 5.
933 3885 1012 3946 adeo
1027 3884 1172 3948 exstitiffe

129 3990 276 4060 videtur,
310 4007 384 4052 curn
410 3991 580 4073 exprimo
607 3987 707 4050 [olum
733 3977 887 4078 Hesperio
909 3999 1055 4048 notatum
1082 3989 1172 4050 inve·

128 4091 246 4155 nerim.
296 4089 371 4154 Post
393 4111 452 4178 pro
468 4082 554 4184 fons
579 4089 671 4178 Prag.
695 4093 805 4173 inepte
827 4109 928 4154 mons.
980 4087 1172 4152 Ceteroma
