2836 4940
336 389 426 448 Lm.
455 391 509 446 m.
559 389 598 447 c.·
615 389 680 448 vn.
723 390 749 461 t
774 402 803 461 7.
1031 405 1091 468 25¹

67 562 245 645 Hipparcho
267 561 405 636 dicitnrr
434 577 466 624 at
482 561 594 624 omisso
611 562 784 646 Hipparchi
803 567 937 628 nomine
959 577 1013 644 15.
1037 587 1093 650 ¹7·

71 687 123 730 oo.
147 681 203 744 23.
226 685 300 726 cum
325 667 396 726 cod.
419 666 541 726 Veneto
564 677 669 726 totnm
691 667 797 728 locum
819 667 859 729 fic
882 669 1025 752 fingunt:
1058 683 1096 731 ut

68 770 161 850 primo
186 787 265 848 parc
282 764 368 828 orbis
389 765 518 827 alterins
543 787 565 825 a
584 765 737 848 plerisque
762 759 821 856 cffc
842 769 1009 842 creciacum
1034 763 1096 863 sed

70 872 141 952 qnia
159 897 207 911 -
237 865 331 930 Paris.
353 887 384 930 a.
407 869 521 928 etiam:
551 879 588 927 uc
611 869 716 946 prima
738 889 816 948 pars
838 899 887 912 -
914 885 1033 940 cetera.
1060 885 1097 932 ut

71 983 206 1032 notamm
229 967 328 1053 supra.
379 970 466 1030 Tum
484 966 577 1030 Paris.
598 986 628 1030 ι.
653 969 714 1030 Sed
732 971 809 1052 quia
834 991 897 1032 non
919 971 1094 1036 habitatin.

73 1090 263 1134 amcavcae.
276 1105 280 1114 ,
294 1069 402 1134 Scribe
412 1069 613 1152 Hipparcho,
633 1070 664 1130 id
676 1071 727 1142 eil,
743 1069 783 1132 ab
794 1071 992 1152 Hipparcho.
1016 1094 1097 1136 aaa·

21 1225 22 1234 ,
71 1192 177 1235 atara.
232 1173 325 1236 Forte
346 1187 460 1233 uacant
476 1165 521 1234 τὰ
538 1170 729 1250 Hipparcho
746 1172 873 1244 dicitur,
891 1163 963 1264 sed,
990 1195 1096 1240 errore

21 1305 23 1336 a
69 1277 99 1334 in
127 1287 311 1336 contextum
339 1273 443 1334 Melae
476 1269 593 1356 illapso.
634 1291 846 1338 crocconrva.
910 1277 1097 1340 Perizonius

69 1391 206 1458 paternae
229 1377 365 1436 editioni
387 1372 601 1456 adscripscrat:
635 1375 737 1460 Lege,
768 1387 800 1434 ct
821 1376 897 1457 qnia
920 1375 1097 1442 habitatin.

71 1497 98 1538 a,
116 1495 319 1540 oaonovrva.
371 1477 476 1538 Locus
491 1473 573 1538 sorte
588 1477 622 1536 in
639 1479 759 1537 mendo
777 1477 881 1540 cubat.
910 1477 992 1538 llllale
1009 1481 1098 1541 euim

69 1579 128 1640 duo
151 1579 228 1640 haec
251 1578 439 1639 narrationis
456 1577 598 1638 membra
622 1577 721 1639 verbo
740 1577 866 1648 dicitnr,
892 1581 978 1660 quod
994 1601 1098 1642 unum

69 1680 161 1748 adest.
184 1680 354 1742 adhaerere
368 1693 400 1741 et
414 1679 451 1740 ad
468 1678 684 1760 Hipparchum
699 1675 805 1740 reserri
823 1681 983 1751 videntur,
1010 1683 1098 1762 quod

69 1801 122 1842 nec
134 1781 277 1842 historiae
297 1781 373 1842 fider
392 1781 521 1863 patitur.
564 1780 617 1839 Vti
633 1781 720 1840 enim
736 1780 861 1842 Pliniut
872 1783 904 1852 6.
924 1793 980 1862 24.
1000 1780 1020 1844 s.
1040 1799 1098 1846 22.

69 1896 173 1952 narrat,
201 1883 282 1944 olim
295 1883 429 1943 alterum
445 1895 599 1942 terrarum
617 1881 727 1942 orbem
746 1879 805 1943 elle
823 1882 1031 1944 existimatum
1046 1883 1099 1954 eil,

68 1984 131 2064 poll
147 1983 317 2044 Alexandri
334 1983 380 2044 M.
397 1997 496 2044 aetate
516 1979 650 2042 insulam
669 1984 846 2066 cognitum.
899 1985 1001 2064 Atque
1024 1985 1100 2045 hinc

70 2099 285 2146 memorantur
314 2085 428 2155 etiam,
464 2085 520 2166 qui
546 2081 756 2165 Taprobanen
790 2082 902 2146 diserte
930 2087 963 2146 in
991 2084 1098 2148 insulis

21 2225 23 2256 z
68 2183 255 2266 posuerunt,
293 2187 423 2266 eiusque
452 2185 608 2247 ambitum
639 2183 881 2266 descripserunt.
916 2189 949 2247 in
983 2188 1100 2269 quibua

71 2285 272 2355 Onesicritus.
299 2285 528 2371 Megasthenes,
552 2285 786 2349 Eratosthenes.
826 2285 877 2350 Cs.
891 2289 1016 2350 l’linina
1032 2309 1058 2351 c.
1075 2290 1098 2351 l.

21 2435 23 2466 :
69 2401 98 2448 et
125 2387 240 2451 Strabo
271 2387 328 2450 lib.
355 2399 410 2464 ι5.
438 2409 470 2470 p.
493 2399 579 2468 475.
605 2385 795 2468 s.69o.sq.
844 2389 895 2450 Sic
922 2389 1100 2452 Aristotelea

21 2515 22 2522 ι
71 2489 118 2549 ilie
137 2492 176 2550 de
198 2491 325 2551 mundo
345 2509 372 2552 c.
390 2502 421 2568 5,
447 2509 482 2568 9.
535 2490 710 2550 Alexandro
729 2501 835 2550 eutem
863 2489 1015 2570 posterior
1039 2487 1101 2550 snit

21 2641 22 2646 ,
67 2591 284 2672 Hipparchus.
309 2592 364 2671 qui
386 2591 437 2651 ille
458 2591 540 2652 bene
561 2589 647 2652 nolle
670 2601 810 2672 poterat,
837 2591 939 2651 immo
956 2589 1100 2661 debebat.

71 2709 160 2772 acque
178 2711 215 2753 ac
233 2691 328 2752 Mela.
368 2689 481 2772 Neque
503 2703 610 2752 tamen
630 2690 804 2771 Hipparchi
827 2710 948 2752 nomen
972 2711 988 2751 a
1011 2690 1101 2752 libra·

70 2795 119 2854 riis
133 2795 363 2877 excogitatum,
386 2806 439 2854 aut
456 2791 524 2852 casu
541 2791 679 2874 elapsum
696 2791 755 2852 else
777 2791 888 2873 potest.
929 2793 1041 2876 Igitur,
1068 2794 1103 2853 ni

71 2895 144 2956 velie
161 2895 270 2956 Vineti
287 2895 457 2955 lectionem
476 2893 577 2974 sequi,
601 2894 654 2954 vel
674 2895 819 2954 codicum
835 2895 1013 2954 reverentia
1036 2891 1103 2954 scri·

21 3025 22 3054 ;
70 2993 156 3067 bere,
183 3007 223 3056 ut
239 2993 445 3074 Hipparchus
465 2993 560 3066 dicit,
587 2995 747 3076 duplicem
768 2995 821 3055 hic
841 2994 1014 3076 Hipparchi
1037 2995 1104 3076 opl-

70 3097 198 3160 nionem
219 3093 316 3158 resert
336 3095 456 3165 noster.
484 3098 580 3157 'cuiue
605 3095 808 3178 posteriorem
824 3097 1042 3178 amplectitur,
1068 3109 1105 3156 ut

71 3218 144 3259 vero
169 3198 367 3292 inutiliorem.
418 3197 460 3258 At
481 3199 523 3259 ita
537 3189 599 3288 scd
621 3197 695 3259 [lare
716 3197 838 3280 nequit,
864 3195 914 3258 led
931 3217 1004 3258 cnm
1019 3197 1105 3258 Peri·

70 3302 162 3361 zonio
178 3302 214 3360 in
231 3313 262 3360 ct
282 3299 397 3360 mutari
417 3298 522 3370 debet,
547 3299 633 3380 quod
648 3319 704 3380 per
719 3298 862 3360 usitatam
879 3299 976 3360 etiam
992 3299 1105 3363 ntriut·

69 3421 126 3482 que
139 3415 172 3464 et
190 3415 353 3484 praeterea
368 3397 494 3462 facilem
509 3397 728 3463 coahrsmnem
744 3418 843 3464 nemo
858 3399 1033 3462 mirabitur.

21 3675 22 3682 ἵ
141 3591 479 3695 circummeasse)
530 3597 654 3666 Volhua
676 3621 714 3665 cx
735 3601 795 3664 suia
812 3599 913 3664 adfert
933 3602 1047 3662 circum
1067 3621 1106 3662 ea

70 3695 141 3792 ψ,
167 3705 255 3788 quod
272 3705 370 3766 ctiam
386 3725 425 3764 ex
441 3705 521 3766 meio
536 3703 855 3795 hahct'Clbinicnsrm
887 3704 986 3765 llatic.
1009 3704 1105 3766 Vind.

71 3807 174 3868 Haeo.
206 3809 317 3868 Venet.
350 3803 434 3888 Lips.
457 3805 550 3868 ‚Gnd
581 3805 671 3890 Prag.
698 3805 871 3890 llehdigcr.
902 3802 997 3867 Paris.
1016 3819 1048 3867 a.
1072 3819 1106 3882 5.

71 3911 182 3970 circam
199 3929 267 3967 earn
283 3897 361 3996 cffir
386 3904 481 3970 Paris.
502 3927 530 3970 ι.
554 3907 679 3990 opinor,
703 3895 939 3995 circnmmmffc.
973 3906 1055 3968 Edd.
1076 3926 1106 3968 t.

75 4025 105 4070 a.
124 4019 208 4090 M.
227 4021 259 4084 5.
278 4009 312 4070 s).
332 4019 463 4086 7.8.9.
484 4007 1029 4092 11.12.t3.14.t5.16.17.25.
1051 4024 1108 4068 tro.

71 4112 136 4193 pull
160 4111 318 4173 vadianae
341 4123 375 4172 et
399 4109 598 4173 Olivarianae
620 4111 738 4172 circum
762 4129 830 4170 cam
850 4099 926 4198 ‘ff‘i
965 4127 1019 4170 ιο.
1050 4125 1108 4188 19.
