2880 4940
374 439 465 498 tra.
496 441 550 500 nr.
595 439 627 496 e.
649 439 727 499 vtrr.
770 439 796 509 t.
818 449 848 510 ὃ.
1071 451 1131 520 299

93 631 301 676 reseravere,
353 615 460 698 Lego:
499 612 587 683 Hos,
618 614 694 696 aptio
720 603 920 704 serpentibus
952 605 1132 706 vescuntur.

95 713 326 794 Opiu'opirugor
358 715 541 792 appellarim
587 716 708 795 reliqua
742 713 947 796 superfluunt.
1011 717 1133 778 Eadem

93 815 251 876 brevitate
274 815 346 876 uiua
362 817 405 878 est
427 817 549 878 Plinius
564 819 597 877 in
623 815 719 886 iexto,
744 811 831 904 [cap.
852 827 910 898 54.
928 815 948 880 i.
968 813 1050 904 αφ]
1078 819 1135 880 ubi
1213 883 1216 890 ,

95 919 136 977 Aa
153 915 375 1000 Ophiophagia
389 918 543 998 loquitur.
582 936 783 979 rturtanrs.
837 921 883 979 Ad
902 919 1041 980 Pintiani
1060 941 1133 982 con·

96 1020 249 1080 iacturam
273 1019 336 1103 legi
357 1019 457 1101 poiiet
479 1020 683 1081 concinnius:
717 1017 889 1092 habituum
914 1041 992 1102 qnos
1015 1021 1136 1100 Ophio-

95 1121 221 1202 phagos
241 1133 373 1184 vocant.
409 1139 587 1183 renotare.
641 1119 807 1190 Barthine.
840 1136 972 1184 notante
996 1125 1032 1190 A.
1057 1125 1137 1186 Gro-

95 1224 210 1290 novio.
238 1220 401 1285 Ativeriar.
421 1235 475 1300 ¹5·
500 1225 534 1286 6.
559 1222 672 1285 verba:
698 1223 775 1304 quio
788 1213 988 1314 serpentibus
1009 1217 1137 1316 crescun-

95 1337 166 1392 tur.
200 1343 301 1384 merae
323 1323 432 1406 gluffae
456 1323 532 1394 eliu.
564 1325 702 1406 ideoque
723 1324 856 1385 delenda
874 1325 1085 1400 existimabam
1120 1349 1137 1390 a

97 1427 164 1506 quo
187 1443 255 1486 non
281 1425 434 1506 discrepat
460 1425 659 1490 ciacconius.
721 1427 760 1487 At
784 1441 899 1487 uotum
924 1427 982 1498 est,
1017 1429 1138 1492 Melam

99 1527 217 1587 Graeca
232 1527 362 1587 nomina
378 1529 420 1587 ita
438 1524 525 1609 saepe
544 1527 708 1610 explicare.
751 1527 823 1590 Sola
838 1529 954 1589 vocula
973 1529 1007 1589 tt
1028 1532 1060 1591 in
1077 1532 1138 1594 hoc

95 1629 171 1689 loco
193 1622 289 1709 poisat
313 1628 494 1698 offendere.
521 1649 597 1698 nec.
623 1649 680 1690 cur
699 1627 798 1710 posita
823 1628 874 1700 stt.
901 1630 992 1690 aliam
1017 1631 1139 1694 causant

97 1731 252 1798 invenio,
297 1750 391 1811 quam
428 1731 516 1813 quod
554 1729 639 1792 Mela
672 1729 711 1790 stc
746 1750 763 1790 a
792 1733 980 1814 cognomini
1016 1735 1137 1816 populo

99 1831 295 1914 distinguere
314 1832 432 1894 voluit.
471 1833 559 1894 Tum
574 1850 653 1894 vero
671 1833 768 1892 etiam
785 1829 858 1891 salvi
881 1831 951 1892 sunt
966 1834 1138 1906 Puncirnei.

97 1953 158 2014 pro
174 1931 288 2013 quibua
303 1931 472 2015 aliqnando
487 1933 521 1993 in
535 1947 678 1994 mentem
695 1946 849 1994 venerant
863 1935 991 1994 Pechitri
1012 1957 1050 1998 ex
1067 1937 1139 2000 cod.

98 2033 241 2094 Vindob.
266 2035 403 2096 lectione
431 2035 580 2098 Pocirini.
631 2033 775 2116 Nempe,
806 2035 846 2098 iic
868 2053 995 2096 naccum
1016 2051 1141 2119 reputa·

98 2135 194 2195 bam:
221 2135 375 2220 Pygmaei
396 2135 467 2197 sunt
489 2137 523 2196 in
540 2137 728 2216 Aethiopia,
755 2149 788 2198 et
805 2133 886 2198 iorte
903 2135 1017 2198 Nubae
1037 2139 1143 2200 Ptole·

99 2239 186 2299 maei
205 2245 239 2315 4.
264 2249 298 2314 8.
324 2239 395 2320 quia
415 2239 449 2298 in
466 2235 629 2317 Hesychia
650 2235 771 2313 Νῶβαι
792 2237 959 2326 Πυγμαῖοι
979 2241 1141 2304 dicuntur.

102 2337 207 2400 Grnea
234 2357 329 2420 porro
358 2340 562 2421 Aethiopiam
592 2359 632 2401 ex
660 2352 807 2400 veterum
834 2341 1065 2403 narrationibus
1089 2361 1142 2424 pe·

102 2453 199 2514 tunt;
232 2438 273 2501 cf.
298 2440 454 2503 Aristotel.
477 2441 520 2502 H.
544 2439 606 2502 An.
631 2451 664 2516 8,
692 2452 748 2516 18.
811 2443 898 2501 Tum
920 2461 997 2502 vero
1021 2425 1142 2504 nomen

103 2539 275 2630 Πυγμαῖοι
311 2543 468 2604 deducere
493 2543 622 2602 videtur
646 2542 684 2602 ad
710 2541 883 2611 Pechinos,
927 2561 1006 2622 quos
1037 2544 1143 2604 Ptole·

103 2643 299 2706 macconi.
321 2643 356 2703 in
375 2644 430 2705 itto
453 2655 552 2704 tractu
574 2655 814 2704 commemorat.
868 2641 936 2704 Nec
952 2645 1058 2704 minus
1081 2645 1144 2706 He·
1260 2679 1264 2686 .

103 2747 239 2808 rodotue
264 2761 296 2812 a.
322 2759 380 2824 32.
405 2743 524 2815 scribit.
559 2741 753 2805 Nasamones
776 2745 1000 2824 promontorio
1025 2743 1143 2806 Africae

106 2847 308 2914 occidentali,
334 2847 495 2914 Soloente.
522 2847 555 2905 in
574 2845 724 2906 interiora
748 2835 842 2932 (ὑπὲρ
863 2839 1048 2929 θαλάσσης)
1073 2865 1144 2926 pro·

106 2947 234 3034 gratioe,
260 2947 328 3007 ioca
348 2944 421 3008 ferie
445 2945 563 3015 inscita.
590 2947 682 3029 piane
699 2957 735 3004 ut
755 2947 858 3008 noster
874 2946 1024 3030 designat.
1050 2961 1082 3007 et
1099 2947 1145 3006 ibi

106 3050 259 3112 bominac
284 3041 421 3137 μικροὺς
451 3045 588 3137 μετρίων
615 3040 792 3118 ἐλάσσονας
820 3043 942 3135 ἀνδρῶν
970 3048 1145 3130 deprehen·

106 3151 196 3219 ottte.
219 3169 297 3230 quae
314 3151 420 3210 omnia
438 3147 557 3210 iaciunt
571 3150 608 3210 ati
626 3148 727 3208 Melae
742 3149 966 3210 narrationem.
998 3151 1146 3210 Attamen

107 3252 245 3315 Pechini
265 3251 309 3310 iili
336 3247 459 3313 diverso
484 3247 555 3310 sunt
576 3251 634 3312 iitu
656 3269 672 3309 a
693 3249 867 3313 Panchaeis
889 3251 1010 3322 Melae,
1042 3251 1147 3312 etalii
1233 3241 1238 3250 ’

108 3355 236 3418 codices
255 3370 314 3434 pro
329 3353 499 3416 Panchaeis
517 3363 731 3437 propugnant.

188 3555 408 3639 Pygmaei)
457 3555 574 3618 Vtitato
598 3575 688 3618 more
716 3555 844 3636 quidam
878 3553 1018 3624 corticea,
1051 3554 1149 3616 etiam

111 3659 220 3724 Cibin.
246 3671 279 3720 et
301 3659 374 3726 edd.
395 3658 543 3740 antiquae
571 3654 709 3740 adspersa
736 3657 805 3718 labe
831 3653 971 3716 icribunt
1000 3657 1150 3738 Pygmeif

110 3760 253 3823 vindob.
277 3762 420 3844 prigmet'.
456 3760 647 3822 Sicexedd.
664 3759 811 3819 Vediania
832 3755 985 3837 quaedam
1000 3757 1152 3838 Pygntet'5

117 3884 150 3926 a.
176 3877 207 3924 tt.
231 3879 263 3941 9.
286 3863 433 3942 pigmaei.
476 3862 538 3923 Sed
560 3860 636 3922 haec
659 3875 746 3922 nota.
786 3857 865 3919 Mox
893 3877 1005 3919 omnes
1025 3857 1151 3920 corticea

110 3965 151 4032 A.
175 3963 334 4025 Gronovii
357 3977 480 4047 praeter
498 3961 579 4024 Vott.
601 3975 632 4040 3.
659 3961 692 4020 in
713 3977 777 4041 quo
797 3949 931 4048 defecit.
959 3958 1076 4018 habant
1098 3959 1152 4018 cie·

106 4066 195 4161 ficit,
215 4083 274 4126 nec
290 4065 379 4127 aliter
394 4065 469 4126 mei.
505 4063 674 4124 Editionea
688 4063 724 4122 ad
742 4071 801 4139 42.
818 4057 999 4142 praeierunt
1014 4051 1134 4148 defecit
1141 4081 1154 4132 ‚·

112 4181 240 4232 tantum
265 4177 298 4246 8.
326 4185 381 4230 ao.
405 4162 530 4260 deficit,
556 4163 645 4248 quod
664 4183 703 4227 ert
726 4161 851 4227 MSStir
871 4161 999 4224 reduxit
1020 4161 1151 4225 Reinoi·
