2814 4946
314 433 406 490 ΗΒ.
435 435 474 490 Π.
519 433 553 492 C·
581 435 646 496 vtt-
690 431 716 504 s·
742 431 791 492 ²⁶·
1018 443 1080 512 677

45 609 248 671 adnectuntur
263 609 304 670 de
319 609 442 674 Cereris
457 609 595 692 templo.
622 611 661 672 ad
676 629 747 672 eam
766 605 874 672 referri
894 623 1072 693 nequeunt.

46 713 129 771 Nossa
151 715 250 795 igitur
268 713 307 770 de
327 711 428 774 nostra
443 711 522 774 urbe
538 711 698 772 dubitatio
723 711 782 772 esse
806 711 916 792 potest.
959 715 996 772 tit
1013 711 1072 776 esse

45 814 135 894 potest
160 815 201 876 de
230 811 393 894 scriptura,
427 827 538 874 utrum
566 815 681 882 Eorta,
716 831 755 874 an
783 811 901 873 Henna
925 811 1074 894 praeferri

47 917 166 982 debeat.
201 915 235 976 in
254 935 317 996 quo
335 914 525 976 dissentiunt
542 917 687 977 uirorum
710 917 880 976 doctorum
902 912 1074 980 sententiae

45 1033 265 1096 auctorumque
288 1019 461 1085 editiones,
496 1019 530 1076 in
553 1019 669 1098 quibus
692 1029 829 1096 utraque
851 1017 931 1076 ratio
958 1017 1073 1080 variata

46 1117 126 1198 saepe
149 1121 325 1179 invenitur.
369 1121 518 1180 Tuentur
543 1133 701 1200 praetereo
728 1119 857 1198 quidam
884 1118 991 1188 Enna,
1017 1117 1073 1180 etfi

45 1223 220 1300 pauciores,
256 1221 289 1280 in
311 1221 427 1300 quibus
443 1221 640 1300 Daurqrreiue
659 1221 692 1278 iu
710 1219 853 1300 orthogr.
873 1217 910 1281 P.
929 1235 960 1284 2.
983 1220 1016 1282 h.
1040 1241 1072 1282 vr

47 1321 183 1385 Gronov.
202 1325 236 1382 in
261 1322 394 1382 diatribe
419 1323 453 1381 in
476 1323 614 1383 Statium
631 1341 658 1382 c.
686 1343 714 1384 ι.
749 1321 925 1382 Scriverius
942 1335 973 1382 et
990 1323 1075 1383 Teu·

45 1426 144 1484 nuliue
158 1425 196 1484 ad
215 1423 361 1500 Frontin.
379 1432 412 1504 4,
430 1439 463 1494 7,
486 1437 544 1486 ae.
567 1435 601 1484 et
621 1423 752 1504 quidam
771 1421 835 1484 alii.
887 1420 1077 1502 Adspiratio·

45 1545 114 1584 nem
130 1539 237 1586 tamen
255 1524 389 1604 probant
409 1525 570 1604 plerique,
597 1525 697 1586 veluti
717 1521 867 1583 Dukerue
883 1523 923 1582 ad
945 1524 1075 1585 Florum

46 1640 77 1702 5,
101 1645 152 1706 ¹9·
169 1639 205 1705 8.
233 1627 380 1686 Heinsius
395 1629 434 1686 ad
444 1623 608 1688 Claudian.
625 1627 665 1685 de
679 1639 771 1706 raptu
784 1621 926 1705 Proserp.
944 1643 971 1695 ι,
994 1643 1073 1690 122.

44 1729 124 1788 idem
145 1744 177 1789 et
204 1727 377 1790 Burmann.
394 1727 432 1788 ad
451 1725 549 1788 Orid.
576 1727 707 1788 Metam.
725 1739 757 1802 5,
781 1737 865 1803 385.
900 1725 956 1786 ubi
978 1727 1076 1789 edam

44 1847 127 1890 eruca
143 1845 209 1890 erat
228 1829 390 1897 Aetnaeis.
418 1827 662 1890 Drakenborch.
680 1827 718 1888 ad
736 1827 792 1888 Sis.
813 1827 880 1888 tut.
906 1847 935 1898 1,
957 1843 1017 1907 93.
1043 1841 1075 1890 et

43 1931 168 1990 Liuium
188 1943 246 2010 etp.
271 1945 329 1992 Μ.
349 1931 395 1991 in.
431 1929 640 2012 Oudendorp.
667 1931 704 1990 ad
730 1929 874 1990 Frontin.
898 1939 934 2008 4,
958 1945 990 2004 7.
1014 1945 1073 1994 22.

43 2047 73 2092 et
90 2034 206 2092 Lucan.
226 2033 259 2100 6,
278 2041 361 2107 740.
396 2030 571 2093 Burmann.
591 2033 629 2092 ad
650 2031 798 2092 Dorvislii
816 2031 920 2092 Sicula
945 2053 974 2112 p.
991 2033 1073 2110 363.

44 2135 122 2194 etad
142 2133 273 2194 Anthol.
296 2133 397 2196 Latin.
421 2135 450 2194 Τ
452 2153 518 2196 οιιι.
541 2149 571 2196 2.
594 2155 626 2216 p.
647 2145 727 2208 550.
757 2133 906 2194 Garatom
928 2134 965 2192 ad
986 2133 1076 2196 Cice·

45 2255 108 2296 ron.
128 2237 216 2296 Verr.
237 2251 267 2301 2.
290 2235 346 2308 65.
364 2235 408 2296 in.
437 2252 469 2312 3,
495 2247 548 2312 ιθ.
582 2235 716 2317 Ruperti
733 2233 769 2294 ad
792 2235 847 2296 Sil.
865 2235 932 2296 ltat.
951 2253 977 2296 c.
995 2235 1015 2296 l.
1044 2247 1076 2296 et

45 2357 117 2417 quor
148 2349 339 2397 memorant.
393 2337 485 2418 Quae
513 2337 642 2417 quidem
668 2337 748 2398 ratio
776 2333 818 2396 sat
850 2337 962 2398 validis
987 2357 1077 2420 argu·

46 2443 155 2499 meotis
178 2439 304 2498 nititur.
357 2437 403 2498 lta
421 2439 509 2498 enim
527 2439 561 2498 in
579 2437 759 2498 auctoribus
776 2435 914 2498 efferunt
937 2438 1076 2500 coustan-

48 2539 172 2600 tersere
195 2540 361 2599 veterrimi
382 2539 515 2602 codicea.
566 2541 654 2600 Tum
673 2541 835 2619 antiquam
857 2557 926 2598 eum
949 2537 1077 2620 scriptu·

49 2659 106 2698 rum
122 2645 216 2702 docet
234 2641 357 2700 Plinius
375 2653 406 2718 3,
426 2650 482 2722 14.
499 2639 519 2703 s.
534 2651 567 2718 9.
591 2639 647 2700 ubi
663 2637 786 2704 Siciliae
802 2641 946 2700 civitatee
962 2642 1075 2702 ordine

46 2741 238 2823 alphabetico
266 2739 414 2803 recenset.
469 2743 615 2823 Denique
641 2753 849 2803 monumenta
872 2739 967 2824 prisca
987 2743 1076 2802 evin·

45 2859 130 2914 cunt,
158 2847 193 2903 in
213 2841 330 2924 quibus
348 2843 438 2902 numi
459 2843 576 2904 Henna
591 2843 756 2904 exhibent.
809 2843 880 2902 Vid.
902 2843 1074 2923 Spanbem.

44 2945 79 3004 de
94 2943 151 3004 usu
166 2974 216 2988 —
232 2941 380 3006 numism.
397 2945 437 3007 T.
453 2963 481 3006 ι.
498 2965 530 3026 p.
546 2962 627 3024 199.
653 2945 866 3006 Torremuzza
882 2945 913 3002 iu
933 2941 1076 3024 opuscoli

43 3047 71 3104 di
89 3047 195 3107 autori
214 3046 355 3106 siciliani
371 3046 410 3108 T.
431 3055 485 3124 ¹4.
502 3067 534 3128 p.
550 3063 606 3108 co.
635 3045 756 3106 Eckhel
775 3047 807 3106 in
824 3045 967 3105 doctrina
984 3065 1074 3108 uum.

41 3147 75 3210 P.
96 3169 125 3209 ι.
148 3149 186 3210 V.
210 3167 239 3209 ι.
263 3167 295 3229 p.
320 3161 404 3223 207.
430 3163 463 3208 et
480 3147 565 3209 unde
587 3145 636 3208 sua
657 3147 794 3232 conlegit
812 3143 930 3208 Busche
946 3147 977 3206 iu
998 3149 1073 3208 Lex.

41 3271 126 3310 uum.
145 3249 188 3310 T.
215 3263 245 3310 a.
271 3249 307 3310 P.
327 3269 357 3310 ι.
381 3269 412 3330 p.
431 3247 502 3326 623
519 3247 561 3330 sq.
616 3249 722 3311 Nemo
747 3251 833 3310 enim
857 3247 944 3308 focile
966 3250 1076 3310 audiet

41 3351 264 3416 lindoinum,
288 3347 348 3432 (cf.
365 3353 403 3410 ars
420 3349 503 3412 Ptin.
526 3369 553 3410 c.
572 3345 614 3432 l.)
639 3353 694 3430 qui
716 3352 812 3412 Μιιιι.
830 3349 963 3410 Hennae
983 3350 1076 3410 aliur·

41 3451 103 3512 sum
136 3455 312 3530 intorquet.
366 3451 414 3511 Ex
436 3449 698 3533 inscriptionibus
725 3450 860 3514 refertur
881 3451 978 3513 buca
1003 3453 1075 3512 ttet-

41 3555 121 3616 uefio
144 3555 179 3613 in
204 3549 398 3634 syntagmate
422 3551 527 3615 iuscrr.
555 3555 589 3622 6,
612 3571 672 3632 99.
704 3554 755 3615 M.
782 3553 938 3616 Claudius
960 3553 1010 3614 M.
1036 3553 1073 3614 F.

42 3649 145 3744 coujol
176 3651 312 3714 Iiirruad
334 3657 435 3730 cepit‚·
475 3653 498 3712 d
526 3657 612 3715 euim
642 3655 799 3716 adiectum
828 3653 887 3716 esse
911 3675 950 3715 ox
975 3655 1077 3716 veteri

42 3756 260 3816 Puuuanorum
283 3755 524 3838 orthographia.
557 3775 649 3836 porro
672 3777 687 3814 e
713 3772 745 3818 et
767 3759 778 3815 ι’
800 3760 931 3826 mutari,
967 3757 1077 3818 mustis

42 3859 192 3940 exemplis
214 3857 280 3916 sieri
296 3858 389 3918 docet
411 3859 442 3916 in
462 3858 557 3919 indic.
577 3877 642 3938 cap.
666 3876 720 3942 ιι).
772 3861 797 3918 tt
817 3859 923 3920 verbie
943 3859 1077 3920 farriam

43 3957 129 4022 habet
156 3959 287 4018 initium
310 3979 376 4041 cap.
400 3961 458 4023 62.
478 3960 514 4021 iu
532 3959 639 4022 Vineti
658 3961 811 4023 editione.

86 4177 186 4252 comp.
209 4175 304 4232 Mau.
334 4177 372 4232 ι.
391 4177 429 4232 ιι.
687 4163 748 4224 οο
