2826 4936
385 482 556 540 araur.
608 481 641 538 u
663 482 714 542 rr.
756 481 782 550 ι.
807 491 838 549 ι.
1075 487 1134 556 ²⁷3

92 653 212 715 Latino
231 655 365 716 numine
388 655 473 716 nihil
492 655 617 717 adiecit.
669 654 782 716 Edidit
796 654 893 717 etiam
912 654 952 716 de
973 653 1024 714 illa
1047 671 1133 715 eum·

93 755 322 817 menteriulum
350 755 450 820 Heur.
476 757 677 826 Croluchiue‚
716 755 769 820 led
794 775 949 838 nusquam
972 755 1026 815 ille
1056 755 1134 815 dicit

93 857 217 916 vitrum
242 859 349 919 vocari
372 859 517 920 locurum
539 859 742 938 corruptione
770 871 888 920 motus.
941 857 1012 917 Vid.
1036 857 1133 916 etiam

94 957 261 1019 Pomanus
286 960 320 1018 in
345 959 493 1043 chorogr.
517 961 638 1022 Durriae
660 958 756 1020 delcr.
779 979 811 1041 p.
828 961 913 1038 679.
958 957 1047 1042 Quin
1065 957 1133 1037 gla-

87 1055 177 1148 slum
197 1059 283 1120 idem
300 1073 448 1121 vocaturn
465 1061 520 1133 fit,
553 1080 620 1122 uon
640 1059 784 1122 dubitare
803 1059 908 1120 fluunt
923 1059 1038 1122 Graeca
1057 1058 1134 1120 Cae·

94 1157 177 1221 sarie.
223 1159 428 1224 Casubdenue
450 1182 528 1224 vero
549 1181 576 1222 a.
601 1163 621 1224 l.
657 1163 766 1246 anglie
791 1162 822 1222 id
848 1159 907 1222 elle
932 1161 1010 1220 dicit
1035 1160 1133 1220 hodie

96 1259 224 1331 Waat.
247 1263 389 1324 colorem
409 1263 498 1335 Glas,
518 1263 605 1324 uude
620 1265 736 1324 vitnau
754 1261 854 1344 potest
870 1261 1016 1345 intelligi.
1044 1261 1132 1322 Aliae

94 1363 336 1424 emendationes
359 1363 429 1426 latis
451 1368 514 1426 iam
538 1363 680 1446 explosae
707 1361 786 1425 lunt.
839 1363 889 1426 Ad
911 1363 1003 1424 aliam
1026 1375 1134 1423 tamen

94 1463 268 1524 lectionem
284 1465 440 1526 deducere
455 1466 583 1527 videtur
598 1466 771 1527 lornandes
788 1485 854 1546 cap.
873 1479 906 1526 a.
930 1463 986 1524 ubi
1002 1457 1132 1544 prell'tue

95 1563 215 1624 Melam
236 1561 384 1646 sequitur.
450 1569 496 1628 lta
521 1587 616 1638 vero,
642 1563 681 1628 ob
703 1565 850 1634 decoreris.
878 1566 992 1646 iuquit.
1019 1555 1131 1654 seleseia,

92 1685 138 1724 au
159 1665 257 1726 aliam
280 1664 319 1726 ub
343 1689 405 1727 rem
419 1659 513 1756 ferro
532 1669 670 1750 piugrust
690 1687 839 1745 corpora,
866 1668 913 1726 uti
935 1667 1048 1734 etiam.
1075 1683 1132 1725 rut·

92 1779 182 1826 tante
203 1769 308 1838 Satrio,
335 1769 451 1852 legitur
472 1771 506 1828 in
527 1771 597 1832 cod.
618 1767 761 1830 Ambrul.
813 1768 1002 1850 Lugendum
1025 1779 1132 1826 tamen

92 1869 203 1949 potine
225 1869 371 1928 videatur
396 1883 559 1950 pungunt,
600 1871 639 1930 su:
664 1883 700 1928 ut
725 1871 787 1930 alio
813 1888 881 1930 rem
910 1866 1074 1928 traduxille
1099 1881 1132 1928 et

90 1968 235 2052 stigmata
253 1970 305 2028 illa
321 1968 478 2032 notill'una
495 1969 678 2032 intellexille
696 1972 839 2034 videatur
846 1989 857 2043 ι
882 1985 965 2032 certe
981 1989 1020 2030 ex
1035 1969 1132 2031 Pom·

91 2071 233 2152 portiana
251 2070 388 2134 lectione
401 2063 497 2162 serso
515 2073 569 2134 vix
591 2073 720 2135 exfiliat.

176 2264 333 2364 Causas
360 2285 493 2335 tamea
519 2273 741 2358 bellorum)
791 2275 905 2336 Multis
930 2273 1007 2334 haec
1028 2271 1133 2334 modia

93 2389 279 2436 vertuntur.
333 2377 443 2438 Venet.
469 2375 552 2460 Lips.
577 2378 660 2439 Gud.
684 2377 822 2440 Viutlob.
850 2375 946 2440 Parii.
970 2395 997 2437 ι.
1024 2372 1132 2436 Cibin.

96 2475 250 2537 Ciaeeou.
279 2477 452 2560 Rehdiger.
479 2491 511 2537 et
539 2479 681 2558 plerique
706 2479 851 2540 Gronov.
884 2467 996 2564 causas
1027 2489 1132 2534 taurea

94 2573 245 2638 bellorum
266 2589 298 2638 et
320 2607 369 2622 --
395 2597 453 2639 nec
475 2580 565 2640 aliter
589 2581 686 2640 Vatic.
706 2593 738 2657 3.
763 2576 856 2640 Puris.
879 2593 910 2638 a.
936 2577 1042 2636 Havn.
1067 2589 1133 2634 tau·

95 2694 169 2740 tum
193 2677 336 2739 bellansm
356 2701 413 2750 ac,·
444 2679 534 2764 Prag.
558 2679 635 2740 bellu
658 2701 697 2740 ac
718 2678 798 2739 bella
816 2680 969 2748 tralrrrut,·
997 2675 1078 2738 Voll.
1098 2689 1132 2752 3.

96 2779 190 2840 Leid.
214 2771 329 2870 caussas
348 2791 454 2840 autem
475 2777 633 2852 bellorum,
656 2794 705 2852 et,·
740 2782 837 2842 Vatia.
860 2801 885 2842 ι.
911 2799 985 2839 eum
1002 2779 1052 2838 ed.
1073 2792 1131 2856 25.
1257 2811 1262 2819 ⁵

94 2878 193 2942 Paris.
214 2893 246 2959 3.
268 2899 341 2940 cum
357 2881 408 2942 ed.
428 2877 524 2942 Voffit
543 2881 723 2944 corrlensslle
745 2883 907 2942 videntur.
959 2881 985 2940 1.
1009 2879 1135 2938 Grono-

96 2983 174 3042 vius
191 2995 296 3041 aarum
317 2983 351 3042 in
375 2995 409 3058 5.
435 2979 494 3044 luit
516 2981 604 3044 luille
628 2983 752 3044 testatus
774 2982 833 3054 ell;
867 2981 907 3041 sle
932 2977 1134 3060 sequentibus

95 3083 184 3144 nihil
207 3083 332 3144 adtulit.
384 3083 467 3146 Edd.
499 3105 526 3146 ι.
552 3101 584 3148 a.
611 3099 644 3163 3.
674 3097 709 3162 4.
736 3096 770 3161 5.
795 3085 829 3146 6.
856 3083 991 3162 reliquae
1013 3082 1051 3140 ad
1073 3091 1134 3162 42.

101 3174 229 3273 Causas
250 3195 354 3244 autem
372 3195 402 3242 et
424 3181 502 3244 bella
522 3187 629 3266 paucis
648 3189 797 3266 exeeptis.
851 3183 977 3266 Nempe
1000 3197 1053 3260 15.
1080 3199 1133 3256 17.

98 3301 161 3348 Ωιι.
187 3297 244 3360 25.
267 3277 380 3374 causas
396 3298 500 3344 autem
516 3284 660 3348 bellarum
676 3301 706 3348 et
713 3309 725 3360 ,·
750 3289 883 3347 Vinctus
897 3276 1012 3375 caussas
1029 3299 1135 3344 tamar

96 3385 247 3446 bellarum
262 3399 291 3446 et
299 3408 312 3457 ‚·
337 3385 428 3447 Prius
441 3389 588 3467 praetulit
603 3389 801 3456 lleinultliue.
823 3387 976 3469 pullarius
992 3387 1063 3447 edd.
1074 3395 1135 3462 44.

98 3499 161 3567 45.
185 3507 259 3548 cum
283 3489 419 3570 Kappio.
470 3489 564 3550 Solus
581 3489 730 3552 Schottut
748 3489 851 3551 dedit:
884 3479 1007 3577 Causas
1030 3499 1135 3546 erstem

99 3587 248 3650 bellarum
266 3609 305 3648 ex
320 3587 458 3650 libidine.
486 3607 691 3653 tzscuvcua.
732 3583 857 3680 Causas
872 3601 976 3648 autem
993 3601 1025 3647 et
1040 3583 1134 3669 bella)

100 3692 217 3754 Aldus:
245 3681 367 3780 Causas
384 3703 488 3750 autem
500 3689 645 3752 hellurum
659 3705 690 3752 et
705 3689 784 3752 bella
801 3690 1001 3752 cururaluutt.
1031 3689 1132 3770 Lego:

104 3783 233 3882 Causas
248 3805 352 3852 autem
371 3789 516 3852 bellorum
533 3815 571 3852 ex
590 3791 720 3854 libidine
734 3794 937 3858 cururultuut.
963 3780 1048 3880 acse
1070 3781 1136 3878 sre-

100 3907 304 3975 praesularem.
331 3892 467 3974 utsupra
486 3895 518 3954 lu
537 3895 722 3956 Germania:
749 3889 804 3980 [a.
827 3908 859 3968 5,
879 3885 934 3976 2.]
962 3891 1136 3951 Bellunum

96 3995 248 4088 finitimis
277 4009 400 4074 geruut.
456 3987 580 4085 Causas
605 4017 709 4056 eorum
740 4017 778 4055 ex
810 3993 936 4055 libidine
961 3982 1135 4081 accersunt.

104 4117 303 4160 tuu'rrauve.
355 4097 529 4160 Suffecillet
551 4099 670 4166 dicere,
701 4093 779 4156 della
804 4097 1011 4156 currtralruut.
1061 4097 1135 4166 Sed,

101 4203 186 4282 quod
205 4203 268 4262 iam
286 4199 373 4283 l'eepe
390 4203 586 4270 messuimus.
611 4200 742 4284 scriptor
758 4199 811 4260 hie
829 4199 862 4258 in
882 4211 965 4258 tauta
985 4197 1138 4261 brevitate
