2894 4948
275 404 338 483 526
402 427 411 446 =
573 407 821 466 rourorrrr
858 409 1022 464 uerte

281 583 433 646 Proxime
460 583 498 644 ad
522 583 621 646 libror
651 583 777 646 accedat
803 581 1072 664 Trngobamorrer,
1106 569 1332 669 ‘spopossdpu

284 707 350 758 νες,
373 683 434 768 (cf.
458 687 564 750 Schol.
592 685 749 768 Aristoph.
772 686 811 747 ad
837 688 939 748 Ranae
964 708 996 747 r.
1022 684 1130 767 232.)
1168 699 1207 744 ar
1231 696 1334 742 neutra

287 788 512 855 advotatum.
540 789 618 850 haec
637 791 734 850 etiam
758 801 884 850 tantum
905 789 942 848 erl
964 789 1061 869 pedee
1085 786 1235 870 spectat.
1268 805 1337 846 cnm
1416 821 1417 824 =

287 903 395 952 tamen
419 889 531 952 rlilerte
554 911 671 952 cornrre
693 903 1003 959 commemorentur,
1036 909 1118 972 quoe
1137 903 1174 950 et
1197 889 1340 951 Pintieni

291 991 536 1072 Tragopngorres
557 1013 623 1054 non
640 990 755 1054 ierunt.
794 991 928 1054 Praestet
943 993 1039 1077 igitur
1060 994 1095 1052 in
1112 991 1179 1052 hac
1204 989 1342 1052 obscuri·

289 1106 353 1154 tare
373 1097 503 1154 alteram
526 1113 639 1156 rocem
662 1095 820 1176 adripere,
852 1114 947 1176 quam
975 1095 1072 1156 etiam
1093 1090 1251 1154 Plinieni
1274 1093 1343 1152 libri
1423 1095 1424 1098 ’

290 1191 451 1267 sustinent.
503 1193 691 1260 Monstroier
713 1193 830 1260 lormee
852 1217 869 1259 a
889 1197 975 1260 Pone
998 1193 1101 1259 [olent
1123 1195 1172 1257 ite
1196 1209 1342 1280 repetere

290 1309 323 1360 et
345 1297 516 1384 deliguare.

369 1514 407 1564 et
435 1500 624 1586 equinis)
672 1503 765 1567 Prior
781 1523 846 1568 vox
867 1503 950 1566 abest
970 1524 987 1566 e
1004 1501 1206 1586 quibuerlem
1230 1501 1345 1565 oodid·

292 1600 371 1674 bru,
396 1606 497 1666 veluti
516 1602 598 1686 Lipl.
615 1603 722 1668 Cibin.
738 1609 828 1692 Preg.
852 1605 990 1668 Vindob.
1012 1605 1108 1668 Parii.
1125 1625 1159 1669 t.
1184 1619 1219 1685 3.
1246 1607 1342 1664 Vetic.

293 1723 355 1768 nec
375 1709 533 1788 reperitur
553 1709 587 1766 in
611 1707 684 1770 edd.
707 1731 735 1772 r.
762 1724 796 1772 α.
820 1723 851 1789 3.
874 1719 910 1789 4.
933 1721 967 1786 5.
992 1727 1026 1789 9.
1049 1728 1105 1770 ιι.
1129 1709 1217 1769 aliae
1239 1720 1343 1767 temen

222 1835 251 1913 Ἰ
294 1807 399 1889 pollea
425 1827 499 1870 cum
525 1809 594 1870 aliie
622 1809 744 1872 Mssrts
770 1812 990 1895 interponunt.
1053 1809 1185 1874 Contra
1212 1810 1269 1892 qui
1294 1809 1342 1867 lrir

297 1910 472 1982 omittunt,
505 1925 579 1973 ante
599 1909 711 2003 Pegasi
734 1913 871 1983 addunt,
905 1913 960 1974 etlr
985 1913 1144 1994 quaedam
1171 1913 1341 1974 editiones.

296 2023 333 2068 ut
355 2011 389 2074 6.
410 2027 442 2090 7.
462 2023 495 2089 8.
519 2029 573 2077 12.
597 2021 650 2091 ¹4·
671 2027 789 2076 certem
810 2016 967 2078 rationem
988 2015 1125 2076 minime
1151 2012 1340 2095 lequuntur.

298 2112 345 2172 lta
361 2133 437 2174 vero
453 2113 525 2173 libri
540 2115 671 2195 quidam
689 2117 823 2187 volunt,
846 2135 941 2200 preve
957 2119 1054 2178 etiam
1068 2113 1150 2176 lacte
1169 2115 1343 2177 distinctio·

297 2233 356 2283 ne,
385 2217 424 2276 de
440 2217 548 2296 quain
567 2213 721 2298 superiori
737 2231 812 2282 nota
828 2219 957 2281 monuit
974 2218 1195 2279 Hermolaus:
1229 2217 1343 2297 Traga·
1423 2295 1424 2304 ἵ

298 2334 444 2394 pomeues
458 2318 580 2400 equinis
592 2317 722 2380 auribus
736 2333 767 2382 et
781 2316 904 2410 Pegofi.
934 2321 996 2382 Sed
1012 2339 1050 2382 err
1066 2319 1215 2380 notione
1229 2317 1341 2404 Pegasi

299 2435 379 2496 quae
396 2415 465 2481 latis
482 2417 600 2480 conllat
614 2438 653 2481 ex
666 2421 771 2483 Plinio
792 2441 846 2493 ro,
864 2437 922 2496 70.
941 2420 961 2485 l.
977 2433 1036 2502 49.
1057 2434 1090 2483 et
1106 2421 1232 2483 Solino
1248 2439 1277 2482 c.
1290 2431 1342 2499 53.

301 2518 322 2580 l.
342 2531 401 2596 30.
428 2521 505 2600 quid
523 2519 558 2581 lu
577 2519 834 2604 praeferendum,
860 2521 950 2600 facile
968 2525 1105 2604 adparet.
1147 2523 1211 2583 llle
1227 2539 1343 2602 nempe

301 2623 380 2682 dicit
400 2615 459 2712 ff
477 2624 581 2703 capite
601 2626 712 2706 equino
736 2626 892 2695 volucres.
919 2625 970 2686 hic
989 2625 1113 2694 alitem,
1146 2644 1237 2707 quae
1256 2644 1344 2700 pree·

302 2735 350 2783 ter
365 2745 455 2786 aures
470 2725 613 2806 equinum
630 2725 708 2786 rrr'lrr'l
723 2726 850 2792 lrabeat.
889 2727 952 2789 Pro
969 2722 1085 2818 Pegnsr
1100 2724 1190 2789 Gud.
1207 2719 1347 2816 pagssfil

302 2827 400 2889 vatic.
420 2840 454 2908 3.
475 2823 624 2919 Pegafir'r
649 2828 740 2914 Preg.
760 2820 892 2921 pesagii.

470 3033 499 3110 §.
529 3043 563 3106 3.
615 3029 758 3112 oros)
816 3031 967 3096 Ciaccon.
998 3044 1031 3096 et
1059 3031 1181 3113 aliquot
1215 3029 1350 3092 codices
1423 3087 1424 3108 p

304 3131 378 3194 dbr.
398 3131 557 3194 Gronovii
577 3132 651 3202 oris,
681 3133 729 3194 uti
750 3146 783 3195 et
801 3133 983 3196 Pariliensee
1007 3133 1148 3195 hebuiiie
1168 3132 1352 3200 videntum

303 3234 410 3297 Cibin.
427 3235 555 3305 domis,-
578 3234 691 3315 reliqui
707 3253 780 3296 oras
794 3255 867 3296 cum
884 3235 1097 3309 editionibue;
1122 3247 1251 3295 tantum
1270 3229 1350 3294 Vol·

305 3335 364 3398 lius
383 3338 456 3402 oris,
483 3335 578 3416 quod,
603 3350 734 3397 notante
752 3338 789 3400 Δ.
805 3337 983 3407 Gronovio,
1005 3339 1084 3398 vitio
1103 3349 1217 3397 notum
1231 3331 1349 3394 adscri-
1423 3323 1424 3338 ¹

303 3437 404 3521 plorat
422 3439 459 3499 ad
478 3439 547 3500 eiue
567 3437 744 3499 editionem
761 3440 948 3501 Perizoniue
968 3459 1026 3522 pro
1047 3457 1129 3508 oras,
1155 3436 1246 3518 quod
1271 3453 1347 3518 pro·

303 3541 406 3603 lubet.
458 3541 588 3602 Secutae
606 3550 713 3602 tamen
736 3537 808 3600 lunt
824 3540 1063 3602 Gronoriorurn
1084 3541 1207 3622 prioree
1227 3536 1345 3598 editio·
1423 3575 1424 3582 κ

304 3662 377 3711 nee.
410 3654 443 3703 et
465 3641 504 3702 fic
525 3639 629 3722 postea
650 3641 748 3702 etiarn
769 3643 999 3704 lleinoldianee
1022 3640 1244 3722 praetulerunt
1265 3639 1344 3700 orir.

304 3747 345 3805 dr
364 3745 489 3828 vulgata
506 3740 607 3802 forme
629 3743 743 3804 melior
758 3757 790 3804 et
807 3743 1001 3827 Geographie
1017 3743 1086 3804 aliie
1102 3742 1210 3810 etiam,
1240 3739 1345 3800 veluti

302 3846 465 3915 Straboni,
504 3847 539 3904 in
555 3839 781 3928 ,progress'rone
807 3844 933 3916 uirtute,
967 3857 1005 3905 ut
1034 3844 1179 3904 locorum
1202 3839 1343 3922 speciem

302 3947 498 4016 lrominibur‚
523 3959 600 4007 terra
617 3947 757 4027 marique
776 3945 836 4006 iter
855 3943 1059 4014 facientibus.
1084 3945 1251 4006 obiiciant.
1290 3939 1340 4005 Cf.

306 4065 338 4117 2.
364 4072 390 4110 r.
409 4051 454 4112 in.
480 4063 512 4116 n.
531 4059 564 4125 8.
590 4061 622 4124 3,
640 4045 672 4111 6.
711 4048 784 4111 Oris
798 4047 908 4108 durius
926 4047 977 4107 hic
989 4045 1088 4128 elliplr
1104 4047 1136 4106 iu
1152 4045 1341 4129 explicetur.

303 4151 377 4214 Pou
399 4169 456 4234 pro
475 4149 609 4220 Eurum,
635 4149 721 4232 quod
743 4162 873 4212 tuentur
891 4166 1004 4214 omnes
1020 4148 1105 4219 libri,
1127 4167 1212 4210 unus
1231 4147 1343 4211 Schot-
1376 4163 1379 4167 ·
