2788 4942
345 449 434 506 nro.
462 451 515 506 m.
565 449 599 507 c.
626 451 664 504 n.
706 447 785 524 Μ
1045 463 1086 524 7.

52 619 86 682 ed
110 632 229 682 certum
258 621 363 706 legem
386 623 638 686 constituendam
664 641 775 704 parurn
801 622 904 683 valent
927 620 1084 684 librorum

52 721 270 790 inconstantia,
295 721 487 786 consulenda
508 725 643 786 omnino
662 721 733 784 iunt
752 721 850 806 prisca
872 737 1083 788 monumento

52 823 215 906 integriori
238 823 299 884 fide
327 822 453 889 servata.
521 826 624 906 Atque
647 825 723 886 haec
750 825 871 886 Treveri
888 823 1081 907 praeferunt,

52 925 97 982 uti
112 925 247 1002 docent.
278 945 356 1006 quae
378 927 587 1012 conlegerunt
604 926 757 988 Gruterus
781 947 813 1009 p.
831 935 915 1006 482,
938 941 971 1004 5.
1008 927 1082 988 Rei·

51 1025 149 1086 nesure
171 1045 201 1096 r,
218 1023 300 1104 264.
336 1029 463 1090 Douiut
478 1028 542 1113 (ed.
562 1025 666 1110 Gorii)
681 1048 713 1110 p.
731 1041 812 1100 227.
832 1041 889 1124 ⁸17.
922 1029 1083 1112 Altiuginu

52 1127 83 1185 in
105 1129 219 1188 notitia
243 1127 350 1192 Germ.
375 1126 470 1191 infer.
495 1129 531 1192 P.
553 1150 581 1191 ι.
606 1150 637 1210 p.
662 1137 722 1210 4ο.
763 1125 864 1188 Mutet
893 1129 1081 1191 Veronensu

52 1227 151 1288 editor
169 1248 204 1308 p.
222 1237 305 1309 999,
327 1247 356 1292 t.
407 1232 549 1294 Tantum
568 1233 601 1290 in
625 1230 795 1291 Muratorii
816 1228 958 1292 thesauro
974 1227 1080 1294 inicrr.

53 1329 146 1389 modo
164 1349 223 1412 per
242 1351 267 1400 e,
293 1331 392 1394 modo
408 1351 464 1414 per
479 1333 491 1392 i
509 1333 672 1413 reperitur.
698 1331 867 1412 liquidem
883 1345 969 1392 recte
988 1331 1015 1392 ie
1034 1349 1082 1392 re·

54 1431 132 1490 tulit.
186 1431 235 1490 Ex
251 1431 366 1511 quibus
380 1431 530 1504 efficitur,
556 1434 726 1494 eomuino
745 1431 804 1494 effe
824 1431 1079 1514 praeferendum.

52 1545 81 1590 ut
95 1531 214 1612 duplici
231 1529 378 1615 scripturn
392 1534 534 1596 Treviros
547 1535 669 1596 Rornae
685 1547 718 1595 et
736 1534 890 1602 Treveros.
912 1533 1079 1616 populum.

52 1630 206 1694 distinctor
225 1631 328 1704 mitre,
362 1655 422 1696 nec
441 1635 500 1696 nist
523 1637 584 1696 ioci
607 1633 782 1722 effingendi
810 1631 897 1696 causa
918 1635 999 1696 hanc
1018 1631 1081 1698 for·

52 1751 129 1795 mem
145 1754 163 1796 a
180 1733 338 1800 Cicerone
354 1733 442 1800 tuine
460 1734 628 1802 inversam.

116 1935 341 2022 urbesque)
389 1939 451 2002 Ed.
475 1953 530 2020 15.
552 1935 641 2002 urbes
663 1959 760 2022 qrtae,
786 1937 911 2003 vitiose.
948 1931 998 2004 Τὸ
1021 1959 1081 2026 qut

54 2036 136 2098 eiecit
151 2041 313 2103 Vedinnuo
330 2061 404 2104 cnm
421 2039 494 2114 iuis,
520 2043 599 2106 item
621 2039 783 2104 Vurstisrue
801 2053 833 2102 et
849 2041 900 2104 ed.
917 2057 976 2124 29.

119 2240 323 2336 Augusta)
372 2243 510 2308 Vindob.
534 2241 697 2336 Angusta,
723 2243 771 2304 uti
792 2243 942 2326 deinceps
961 2242 1081 2306 aberra·

55 2357 97 2404 tnr
116 2347 148 2406 in
167 2342 441 2436 Augustodunum.
469 2363 669 2408 rzecuvorrn.
722 2343 808 2410 Puto
825 2343 991 2407 defiderari
1013 2365 1083 2408 ver·

55 2441 122 2506 burn
150 2447 366 2516 Trevirorum,
399 2447 634 2532 legendumque
662 2465 702 2509 ex
727 2447 914 2508 Ptolemaeo
940 2439 994 2532 [2.
1021 2439 1080 2532 9.]

57 2549 134 2626 Augu
164 2567 186 2607 n
210 2546 423 2620 Trevirorum,
450 2562 486 2608 ut
502 2547 626 2610 differet
641 2547 679 2608 ab
697 2547 765 2609 aliis
783 2547 915 2608 urbibus
932 2547 1080 2610 eiusdem

57 2651 197 2710 nominit.
238 2647 323 2711 Nam
337 2663 370 2710 et
383 2641 564 2740 Ausciorum
584 2648 727 2740 Augusta
742 2648 795 2710 eii.
836 2647 977 2710 Proinde
992 2647 1080 2728 quod

58 2743 194 2828 [equitur.
231 2768 431 2814 rtu'tttttvt.
491 2749 568 2812 Non
594 2770 675 2832 oput
696 2747 739 2811 est
761 2749 822 2811 hoc
848 2747 1079 2819 additamento.

58 2867 119 2909 curn
134 2871 189 2932 per
206 2848 235 2911 ie
251 2865 365 2932 pateat,
387 2871 481 2936 quarn
491 2849 664 2946 Augustam
680 2850 846 2936 intelligat,
869 2869 886 2911 u
900 2867 966 2932 qno
982 2867 1081 2912 nemo

56 2947 182 3014 aberrare
202 2947 310 3034 poffit.

122 3155 161 3215 in
188 3154 380 3238 Heduis)
430 3155 515 3219 Gud.
534 3159 566 3218 in
585 3157 691 3230 heiust
721 3153 816 3218 Parii.
838 3173 868 3219 t.
890 3152 1082 3228 t'uErduis3

58 3253 158 3336 reliqui
177 3253 243 3318 fere
259 3259 291 3318 in
306 3257 441 3326 Herluis.
465 3277 539 3320 cunt
556 3257 751 3320 editionibus
772 3258 941 3342 pleritque.
993 3255 1080 3318 Dedi

59 3368 86 3412 et
97 3355 145 3417 hic
161 3359 192 3420 iu
208 3357 336 3430 Aeduis,
361 3359 452 3422 cuiue
467 3357 588 3422 causam
603 3373 693 3423 antea
707 3357 847 3444 exposui.

125 3557 475 3652 Augustodunum)
525 3563 624 3626 Vatic.
643 3581 671 3626 ι.
693 3559 975 3654 Augustudunum,-
996 3559 1082 3622 iteh-

63 3654 149 3740 diger.
176 3659 457 3753 Augustodunum
505 3663 614 3727 Cibin.
641 3663 913 3754 Augufiudinumt
956 3662 1080 3744 reliqui,

63 3759 110 3818 uili
123 3764 175 3842 qui
191 3783 264 3824 curn
280 3763 353 3828 edd.
372 3777 404 3842 5.
420 3777 453 3826 et
468 3781 501 3843 5.
520 3765 637 3826 conlati
653 3763 791 3832 inerunt,
809 3759 1079 3856 Augustodunum.

63 3854 155 3944 Magio
177 3867 298 3925 variant
320 3865 489 3930 editiones.
539 3865 664 3950 Nempe
686 3887 715 3930 r.
741 3883 772 3928 9.
798 3878 830 3944 5.
854 3876 890 3943 4.
916 3875 949 3942 5.
973 3882 1005 3944 9.
1026 3883 1082 3926 ro.

70 3975 116 4023 ¹2.
139 3975 270 4047 1514.
298 3967 353 4030 ro.
380 3979 436 4044 18.
457 3985 514 4047 ¹9·
540 3985 596 4030 or.
623 3985 679 4030 99.
702 3981 760 4046 93.
786 3975 843 4048 94.
862 3975 921 4043 na.
945 3979 1003 4046 30.
1023 3977 1083 4044 32.

68 4071 115 4135 δ’).
137 4067 291 4130 Variiauae
310 4067 592 4160 Augustudunum
618 4069 651 4132 6.
673 4083 705 4143 7.
730 4079 764 4146 8.
787 4079 841 4144 15.
866 4081 920 4142 17.
941 4084 997 4128 9ο.
1019 4065 1084 4128 An·

66 4161 279 4254 custudierunt,-
309 4167 623 4265 11.Augustnnum,·
648 4185 708 4254 97.
732 4183 791 4250 99.
810 4163 1085 4261 Augufliduuumr
