2848 4942
410 429 813 508 crunontp„
1092 443 1134 507 ot
1206 425 1216 442 ·

104 625 179 677 mua,
207 605 260 688 qui
278 623 382 688 penes
404 625 459 668 me
480 605 594 676 exstat,
628 605 819 668 vocabulum
844 601 922 668 illuri
948 607 1133 688 interpreta-

104 723 163 770 tur:
191 707 264 779 πᾶν,
289 691 398 788 ἐφ’ᾦ
424 729 471 780 τις
496 703 685 792 ἀγάλλεται
708 705 762 770 uel
783 711 912 794 χαίρει.
940 701 1039 790 aliare
1062 701 1135 790 ἱμά-

103 833 163 874 rtur
180 795 217 892 ᾖ,
243 802 346 895 adura
371 803 479 874 εἰκών.
518 813 608 872 Licet
625 829 701 872 vero
725 813 765 870 ita
782 813 878 892 accipi
903 807 1017 892 pull'tut
1038 811 1132 874 verba

104 913 264 982 Herodoti.
298 913 394 974 aliter
425 925 531 976 tamen
565 913 700 972 arbitror
724 913 784 974 elle
811 915 979 994 capierrd23
1016 931 1133 994 nempe

103 1013 255 1076 Ellcdonee
273 1016 379 1095 capita
400 1029 570 1095 parentum
590 1012 716 1074 lrronrm
735 1017 878 1075 deaurata
902 1017 933 1074 in
952 1013 1059 1074 sacello
1079 1027 1133 1076 arat

104 1117 199 1177 larario
219 1115 399 1186 collocalle.
428 1117 530 1198 iisque
551 1131 710 1196 tamqararn
735 1116 901 1177 lluurlacria
922 1117 1059 1178 lruuotea
1079 1137 1132 1178 an·

102 1237 175 1278 nuos
199 1217 386 1280 exhibuilIe.
453 1219 523 1279 Hoc
546 1215 649 1300 ipsum
674 1217 823 1284 Pauebia.
859 1219 976 1296 Libyae
1000 1219 1131 1300 populo,

100 1321 204 1380 tribuit
228 1319 447 1381 Damalceuue
470 1315 547 1407 [tub
569 1319 602 1380 lr.
628 1313 680 1406 aa]
715 1315 865 1402 Πάνηβοι
887 1317 1024 1396 Λίβυες,
1051 1313 1132 1384 ὅταν

101 1411 205 1496 αὐτοῖς
230 1415 387 1496 βασιλεὺς
415 1417 587 1506 druidae.
613 1415 652 1483 τὸ
678 1419 735 1508 μὲν
758 1420 852 1502 σῶμα
881 1411 1132 1504 κατορύττουσι,

99 1519 189 1606 niara
217 1519 370 1610 κεφαλὴν
401 1517 641 1607 ἀποκόψαντες
671 1517 726 1584 aul
760 1517 993 1606 χρυσῶσαντες
1026 1519 1134 1584 dvert-

101 1619 256 1688 Sinonia
281 1624 372 1712 ἱερῷ.
428 1645 572 1687 rosetus.
645 1625 821 1686 lrnnurdice
853 1627 983 1686 doctum
1017 1622 1045 1685 le
1079 1625 1133 1686 laic

101 1727 240 1788 ostentare
258 1741 398 1788 conatur
417 1723 558 1794 volitur,
585 1727 662 1786 duur
689 1725 819 1787 illustrat
841 1745 955 1787 rocem
979 1717 1132 1812 ἄγαλμα,

101 1844 129 1890 et
147 1830 272 1910 quidem
286 1849 329 1890 ex
351 1827 410 1890 luo
429 1829 645 1888 Grammatico
661 1847 844 1908 ιιιουγηιο,
870 1829 924 1909 qui
946 1827 1025 1888 nillil
1042 1829 1132 1900 dicit,

102 1931 177 2010 quod
200 1949 266 1990 non
295 1945 381 1991 tunc
409 1928 478 1990 latis
504 1945 569 1988 erat
595 1943 720 1991 notum.
783 1931 824 1990 Et
857 1931 986 1990 interim
1015 1931 1047 1990 iu
1076 1930 1133 1992 hac

104 2031 224 2093 lectione
239 2031 475 2092 maculandum
497 2045 562 2092 erat
583 2051 703 2092 uoruen
725 2031 885 2100 Pintiani‚·
918 2033 990 2114 quia
1014 2031 1045 2092 in
1067 2031 1132 2094 Sal-

108 2135 264 2194 matutam
280 2135 375 2195 nulla
392 2147 561 2202 erratuum,
588 2153 686 2214 ultrum
704 2147 809 2194 tamen
828 2133 991 2196 Salmasius
1014 2135 1135 2216 priurue

106 2233 181 2296 bunc
203 2235 311 2298 locum
342 2235 528 2296 stabiliverit
558 2235 595 2294 ad
628 2235 713 2294 huuc
741 2237 876 2296 niodum
908 2239 940 2296 io
978 2237 1062 2296 notia
1094 2234 1135 2294 ad

102 2337 311 2418 lampridium
329 2357 365 2419 p.
383 2352 461 2416 179.
482 2337 535 2416 [ad
547 2337 719 2420 Lanrpridii
738 2335 934 2422 Heliogabal.
949 2357 976 2399 c.
987 2339 1020 2400 6.
1038 2338 1135 2418 extu]

100 2459 120 2500 r.
147 2457 363 2502 oaouovrva.
428 2439 623 2522 Diligentius
655 2441 741 2498 idem
773 2439 939 2500 Salurallue
965 2439 1001 2498 ad
1030 2439 1133 2500 buliu.

99 2561 121 2601 c.
141 2553 191 2617 15.
209 2539 229 2602 L
254 2561 315 2621 29.
338 2561 372 2622 p.
390 2560 434 2602 m.
458 2553 537 2618 135.
566 2541 605 2601 de
623 2561 700 2602 auce
719 2540 775 2598 lrac
794 2540 974 2602 Herodotea
992 2531 1136 2624 ἄγαλμα

98 2640 245 2712 disseruit,
283 2643 345 2702 ubi
371 2641 456 2702 hunc
481 2640 584 2702 Melae
607 2643 713 2702 locum
736 2639 877 2704 excuffit.
931 2641 1001 2702 virt.
1028 2643 1136 2712 etiarn,

97 2765 165 2824 quae
181 2745 249 2826 post
272 2745 317 2806 de
333 2745 404 2804 eius
422 2745 510 2804 vocir
530 2743 678 2825 potellate
699 2745 839 2804 contulit
861 2741 1078 2806 llulrnlreuiua
1099 2741 1137 2801 ad

96 2848 213 2908 Timaei
231 2847 313 2908 Lex.
340 2865 374 2926 p.
392 2865 435 2905 m.
456 2859 476 2924 3
495 2843 537 2925 sq.
589 2847 622 2908 Si
644 2845 845 2906 Herodotum
865 2845 1006 2908 reddidit
1024 2843 1137 2914 noller,

96 2943 236 3010 latillrme
259 2967 344 3008 eum
370 2945 408 3006 stc
426 2949 649 3028 interpretatur
670 2947 723 3008 eil.
779 2947 871 3008 Nihil
892 2961 997 3006 tamen
1016 2959 1138 3006 ulutan-

96 3053 186 3120 dum,
219 3051 367 3111 clamant
389 3069 456 3108 uon
480 3047 578 3108 solum
602 3049 754 3118 Codices.
788 3047 838 3110 led
862 3061 895 3110 et
917 3049 1045 3110 Solinus
1068 3067 1094 3106 c.
1117 3045 1138 3110 l.

96 3153 208 3232 quiex
243 3151 337 3212 Mela
371 3147 421 3210 lua
448 3149 560 3210 harrlit.
613 3149 737 3210 Nicolai
771 3147 954 3212 Damasceni
986 3149 1073 3210 locus
1099 3149 1139 3209 ‹le

97 3253 228 3314 Panebie
259 3253 367 3313 alium
402 3251 540 3332 capitum
571 3249 662 3312 ulum
689 3265 803 3315 narrat.
866 3253 1000 3312 Videtur
1031 3265 1140 3311 auctor

97 3355 195 3416 noller
209 3367 379 3416 contracta
397 3371 435 3413 ex
451 3353 577 3438 lingulis
598 3355 677 3416 locis
695 3373 899 3436 componere.
942 3351 1024 3413 Nam
1042 3353 1142 3412 liern-

99 3457 189 3518 dotus
211 3467 248 3537 4,
275 3457 339 3532 65.
363 3451 484 3526 scribit,
518 3457 651 3534 Scythae
672 3457 789 3517 divites
811 3455 937 3537 poculia
960 3451 1032 3515 uloa
1054 3451 1141 3513 luille

100 3557 275 3636 deauratis,
311 3575 392 3636 quae
416 3577 454 3617 ex
480 3553 769 3618 ininricill'rmorum
794 3555 950 3640 capitibus
978 3555 1144 3636 adparere·

99 3659 169 3732 rint,
195 3659 296 3742 quod
317 3659 357 3718 de
375 3657 579 3720 interioribur
596 3659 725 3742 populia
741 3656 821 3719 inlra
838 3669 1117 3720 commerrruratur.

170 3883 239 3924 eor
274 3851 416 3953 ipsos)
469 3861 603 3924 Melior:
646 3863 724 3923 haec
747 3851 828 3954 sunt
856 3857 945 3942 uprrd
968 3881 1020 3922 eos
1044 3855 1144 3950 ipfirur

104 3963 232 4044 pietatis
261 3963 377 4024 ultinra
409 3955 525 4056 officia.
564 3983 765 4027 rru'rrauva.
828 3963 981 4024 Particula
1016 3983 1066 4022 eos
1096 3979 1144 4020 re-

106 4067 245 4128 dundare
267 4065 406 4128 videtur.
440 4085 644 4129 cruccortrvs.
697 4063 880 4128 Ourilerunt
906 4067 1002 4126 etiarn
1021 4057 1146 4128 Volliue

23 4239 24 4260 χ
107 4183 135 4229 et
157 4171 183 4234 l.
208 4169 400 4232 Gronovius
428 4171 462 4230 in
488 4171 538 4231 ed.
567 4169 679 4254 prima.
737 4169 778 4232 tt
804 4167 942 4232 Codices
970 4165 1148 4230 constanter
