2752 4944
326 403 386 464 226
637 403 881 463 POMPONII
916 405 1078 464 MELAE

282 655 288 672 ¹
328 579 450 642 scribit:
484 575 558 642 Hoc
575 575 665 651 loeo,¹
692 581 815 662 inquit,
842 599 891 642 res
913 581 1053 642 Scironis
1067 591 1098 642 et
1112 579 1328 664 Pityoeoptae
1351 607 1358 643 t

327 683 439 754 Poetis
458 693 680 751 memorantur,
707 683 762 764 neri
784 693 907 761 portem
923 703 990 743 earn
1012 683 1158 764 regionis,
1183 703 1265 768 qnae
1280 705 1358 745 mon

328 799 410 848 tono
441 782 574 854 dicitur,
616 781 906 862 depopulabantur,
944 804 1025 868 qnos
1060 775 1193 876 Theseus
1212 763 1358 865 'peremit

329 885 377 949 Ab
397 887 447 948 sris
469 885 554 966 iugis
574 883 729 962 procellas
748 886 878 972 cierrtenr
900 906 923 946 a
947 886 1041 954 saeva
1061 885 1226 979 Argesten,
1266 887 1358 952 Scire

329 1009 398 1049 nem
413 975 616 1078 Athenienses
637 988 912 1067 cognominarunt.
955 985 1033 1076 1³0st
1052 999 1162 1068 petras
1182 987 1357 1049 Scironida

327 1083 575 1170 p‘rornontorinnr
606 1089 748 1150 imminet
769 1089 896 1151 Minoe.
960 1089 1047 1152 Haec
1075 1089 1239 1151 Strabonie
1271 1091 1355 1152 verb

328 1191 464 1262 adduxi,
493 1203 531 1252 ut
552 1189 768 1252 laborantibus
784 1191 852 1252 eine
874 1190 1037 1254 codicibue
1055 1192 1175 1254 Latinio
1192 1209 1292 1274 opem
1316 1191 1358 1253 ser

328 1313 414 1366 rem,
446 1295 478 1352 in
500 1291 617 1374 quibui
639 1293 755 1373 partim
776 1294 958 1374 interpretis
983 1293 1090 1376 culpa,
1122 1293 1238 1374 partim
1261 1293 1358 1354 Libra

329 1396 471 1463 riorum.
502 1395 584 1455 male
607 1391 716 1474 scripta
739 1407 838 1455 erant.
889 1393 978 1478 Quin
1001 1407 1033 1456 et
1050 1393 1209 1454 Nicander
1230 1396 1266 1454 in
1283 1395 1358 1456 The

329 1499 419 1558 riacie
441 1490 490 1582 [v.
512 1488 614 1580 214]
639 1509 670 1556 et
688 1495 755 1556 eius
773 1496 977 1557 Enarratoree
992 1495 1150 1566 Scironern
1166 1516 1240 1558 curn
1256 1499 1358 1558 eaden

330 1597 536 1680 diphthongo
558 1593 709 1658 scribunt.
762 1595 1031 1680 Orthographiaru
1054 1596 1135 1658 hauc
1157 1611 1222 1658 tam
1243 1597 1358 1659 moros

330 1711 451 1781 praeter
472 1695 736 1758 consuetudinem
760 1717 865 1758 meam
890 1696 1072 1779 prosecutue
1091 1695 1177 1769 sum,
1212 1701 1307 1780 quod
1329 1719 1358 1760 re

330 1801 487 1862 centioree
505 1798 720 1868 Litteratores,
746 1799 835 1860 velut
857 1800 1076 1860 coniuratione
1093 1797 1181 1869 sacta,
1207 1801 1247 1860 ad
1265 1821 1358 1862 unuu

331 1921 444 1962 omnes
472 1899 505 1959 in
533 1897 594 1960 suis
622 1899 745 1959 Lexieis
772 1920 828 1980 per
853 1921 874 1982 y
899 1898 1049 1962 scribunt.
1103 1885 1312 1982 ‘Praeterque
1342 1905 1358 1962 it

330 2003 452 2062 cunctis
472 1997 537 2061 sere
556 1999 676 2060 Latinis
697 1999 878 2062 auctoribus
895 2020 962 2062 uon
982 2003 1072 2062 aliter
1094 2002 1258 2073 invenias,
1286 2004 1358 2064 into

329 2121 409 2184 quoe
429 2100 471 2162 dst
490 2101 588 2160 otiam
605 2102 740 2171 Seneca,
764 2115 989 2164 conterraneus
1012 2102 1132 2173 noster,
1157 2117 1194 2164 ut
1212 2123 1275 2187 ego
1295 2123 1358 2186 quo

330 2222 391 2284 que
422 2201 560 2262 castrensi
586 2201 684 2262 verbo
712 2215 797 2272 utar,
838 2205 951 2284 quintu
982 2203 1180 2264 Naturalium
1205 2205 1358 2287 Quaestio

329 2323 420 2366 num.
456 2295 607 2388 [c.17.]
648 2321 847 2366 ernrrnnva.
908 2306 948 2366 Vt
971 2325 1009 2366 ex
1026 2305 1088 2366 hoc
1107 2308 1241 2368 nomine
1262 2307 1358 2390 expes

329 2407 408 2466 leret
421 2425 456 2486 γ,
479 2403 547 2466 satio
562 2403 681 2484 prolixa
695 2391 913 2487 disputatione
929 2405 1034 2466 effecit
1049 2407 1226 2470 Pintiauue.
1263 2410 1357 2469 Varia

328 2520 381 2565 tur
396 2519 503 2566 auteur
520 2507 553 2566 in
574 2506 677 2587 prima
699 2528 723 2568 er
738 2519 795 2567 etr
817 2526 883 2568 non
901 2504 1021 2578 solnm,
1049 2504 1100 2568 sed
1115 2521 1149 2568 et
1165 2511 1198 2568 in
1219 2513 1357 2590 proxim

327 2605 441 2686 syllaba
465 2631 489 2668 ω
513 2619 545 2668 et
566 2625 599 2676 o,
636 2607 670 2664 in
691 2607 817 2668 Graecia
846 2607 995 2688 quidem,
1029 2608 1068 2668 de
1097 2609 1214 2689 quibue
1237 2611 1314 2674 vid.
1336 2633 1357 2672 a

328 2709 464 2770 Diodor.
481 2709 541 2770 Sic.
556 2717 591 2785 4,
610 2718 669 2786 59.
706 2708 863 2770 Herodot.
883 2719 916 2786 8,
937 2725 996 2786 71.
1020 2722 1052 2770 et
1066 2711 1100 2769 in
1118 2713 1228 2791 primic
1245 2712 1353 2791 Heyu

327 2811 368 2870 ad
385 2810 572 2890 apollodor.
599 2823 631 2878 a,
654 2819 688 2884 8.
715 2829 743 2870 ι.
770 2829 802 2890 p.
821 2821 906 2888 497.
959 2811 1021 2872 Sed
1038 2812 1196 2892 duplex‘r
1217 2832 1286 2872 nnn
1315 2817 1357 2874 ni

326 2911 361 2970 iu
388 2910 553 2972 codicibus
582 2908 773 2990 quibuedaur
802 2906 913 2991 passim
935 2913 1110 2992 reperitur,
1151 2913 1254 2972 veluti
1276 2933 1357 2996 aput

324 3011 535 3071 Plutarchum
563 3029 590 3072 c.
618 3011 640 3073 l.
676 3023 710 3072 et
741 3011 869 3093 probari
901 3013 1022 3094 nequit.
1086 3012 1162 3075 Post
1186 3013 1357 3101 Rehdiger

324 3102 470 3201 infremit.

340 3293 345 3305 ¹
398 3309 610 3402 Isthmon)
660 3313 801 3376 vindob.
831 3311 1037 3407 ussirnon055
1075 3315 1158 3398 Lips.
1181 3315 1356 3409 hystmons

322 3409 412 3494 Prag.
437 3403 635 3501 sscsu'mons,·
668 3413 777 3477 Cibin.
802 3409 944 3506 srijnron,·
978 3417 1062 3480 Gud.
1084 3417 1253 3508 lnflsrmon.
1315 3424 1356 3484 Cs

321 3509 400 3572 insra
422 3515 450 3589 §.
473 3529 508 3592 9.
560 3513 648 3574 Turn
669 3515 721 3577 ed.
743 3535 777 3594 9.
801 3517 923 3596 attigit.

395 3711 578 3794 Dialeo)
615 3711 755 3778 Voffiani
778 3737 900 3788 omnes.
923 3720 1075 3791 Vaticani,
1099 3720 1248 3784 Cieccon.
1273 3723 1356 3806 Lips

264 3845 267 3856 ·
316 3809 414 3875 Paris.
437 3833 467 3876 1.
494 3833 525 3878 a.
548 3813 656 3878 Cibin.
678 3819 791 3880 Venet.
814 3819 987 3905 liehdiger.
1009 3821 1096 3883 Gud.
1120 3824 1210 3907 Prag.
1230 3823 1271 3882 de
1287 3827 1352 3888 isso

318 3911 458 3976 vindob.
480 3915 519 3975 de
538 3916 592 3975 islo
612 3917 672 3978 boe
694 3919 758 3991 issi;
790 3919 884 3982 Paris.
905 3937 937 4000 3.
957 3923 1018 3982 hoc
1039 3921 1101 3996 itti,
1125 3927 1173 3984 uti
1194 3925 1356 3990 editione:

314 4032 427 4076 ornnes
453 4017 489 4076 ad
518 4011 661 4078 Voffiurn
685 4038 802 4100 utque,
837 4025 908 4104 qui.
943 4020 1147 4104 sequentihus
1175 4026 1356 4092 Gronoviit

312 4127 345 4174 et
369 4117 516 4200 reliquie,
543 4117 683 4201 reposuit
709 4119 840 4186 Diale-0.
877 4143 1084 4189 rzecavcrrc.
1136 4128 1356 4211 Temporibus
