2826 4936
350 409 438 466 ΜΒ.
467 411 520 466 111.
569 410 680 472 CVI·
723 408 803 484 §.4-
870 385 895 440 ς
1041 405 1108 486 ιόγ

60 582 162 644 utitur
178 581 307 644 Soiinue
323 601 350 646 e.
367 595 426 658 25.
442 581 464 646 i.
484 601 539 646 ee.
567 583 748 646 dummodo
764 581 943 646 addixerint
962 583 1099 650 codicer.

60 686 151 745 Tum
176 704 253 744 vern
279 684 362 746 Mela
387 685 567 766 sunpliciter
587 685 680 744 iitunr
706 685 839 754 indicat,
871 685 1099 758 extensrouenr,

61 788 158 848 cuiue
180 787 349 847 notionem
372 785 513 848 involvit
535 780 574 850 τὸ
593 789 766 866 porrigere,
791 787 955 870 adtingere
982 789 1099 852 noluit.

60 887 127 950 sed
145 887 268 948 ridde
289 887 351 948 hoc
367 891 533 970 utriunque
554 887 643 950 verbi
665 889 846 950 dinarimine
871 889 1035 950 Bentleiue
1059 889 1100 950 ad

61 989 178 1050 Horat.
196 1001 228 1066 3.
253 990 307 1052 od.
328 1009 382 1058 ιο.
406 1003 440 1068 3.
467 1004 499 1050 et
520 991 552 1050 in
570 991 683 1072 primis
697 990 736 1050 ad
752 991 846 1071 epod.
869 1009 922 1056 ιο.
943 1009 999 1052 oo.
1035 991 1101 1052 Ou-

60 1090 219 1172 dendorp.
247 1091 283 1150 ad
308 1091 425 1154 Lucan.
447 1108 481 1170 9,
504 1100 590 1173 432.
633 1089 808 1152 Burmann.
831 1091 869 1152 ed
894 1091 1039 1174 Propert.
1069 1109 1100 1162 2.

63 1205 96 1266 7.
123 1207 180 1256 22.
215 1193 270 1272 qui
293 1194 391 1254 etiam
412 1194 576 1275 utriusque
599 1193 692 1256 verbi
710 1195 745 1254 in
764 1193 852 1256 libris
873 1195 1101 1256 commutatio·

58 1311 139 1354 nem
158 1293 294 1356 notavit.

135 1494 275 1579 dein)
327 1499 532 1562 Fluctuamur
564 1519 603 1562 err
629 1517 720 1562 more
751 1497 824 1560 libri
858 1501 942 1560 inter
970 1497 1041 1560 dein
1068 1511 1102 1560 et

59 1597 194 1672 deinde;
230 1598 293 1661 hoc
314 1601 429 1684 iegitur
457 1603 491 1662 in
513 1599 596 1682 Lipi.
625 1601 798 1684 Reirdiger.
829 1600 967 1662 Vindob.
993 1629 1041 1644 -
1067 1613 1101 1662 et

58 1699 259 1762 editionibus
276 1703 314 1762 ad
332 1702 557 1764 lieinoldianae
573 1703 811 1763 Gronovionom
827 1713 887 1782 44.
909 1716 941 1764 et
956 1703 1100 1783 reliquae,

57 1802 93 1862 in
113 1801 230 1884 quibuo
252 1805 380 1886 adparet
401 1801 491 1876 dein,
517 1805 604 1884 quod
625 1823 685 1864 nec
701 1803 866 1872 codicum,
895 1804 995 1864 veluti
1014 1803 1099 1868 Gud.

58 1903 234 1984 exemplis,
265 1905 455 1967 destituitur.
506 1905 579 1968 Post
610 1905 783 1988 Rehdiger.
810 1901 951 1987 obiiqrre‚·
990 1903 1098 1968 Cibiu.

57 2005 169 2076 litora,
193 2006 278 2086 quod
297 2020 329 2067 et
345 2019 436 2066 notat
450 2025 558 2092 margo
576 2007 649 2068 edd.
667 2021 723 2080 27.
746 2023 803 2084 29.
825 2025 884 2088 pro
902 2025 943 2068 eo
962 2019 1019 2084 50.
1040 2019 1099 2084 32.

57 2105 176 2168 vitiose
196 2105 304 2174 intere.
354 2107 441 2168 Turn
459 2106 596 2170 Vindob.
617 2106 681 2168 alio
705 2107 840 2178 Goliam,
864 2107 939 2168 hinc
956 2109 988 2168 in
1008 2107 1099 2192 Prog-

58 2207 146 2272 deest
164 2207 265 2270 auno
284 2209 497 2279 Germaniam,
523 2229 617 2292 quam
633 2208 837 2290 posteriorem
856 2229 970 2270 vocem
986 2209 1100 2271 Schot-

58 2323 111 2374 tur
132 2312 250 2372 mutari
267 2310 395 2372 volebat
417 2311 450 2370 iu
467 2312 656 2380 Iuvernam,
682 2324 715 2372 et
730 2329 788 2392 pro
809 2323 957 2390 perpetuo
973 2311 1005 2371 iu
1023 2309 1098 2376 edd.

62 2415 95 2476 6.
123 2427 156 2486 7.
185 2421 219 2488 8.
249 2433 304 2475 rn.
338 2431 393 2474 ιι.
423 2427 477 2487 15.
508 2426 563 2486 17.
599 2433 654 2474 20.
688 2413 825 2492 posrtunr
860 2412 902 2473 est
933 2423 1099 2492 perpetuo.

59 2515 149 2576 Aliae
173 2515 330 2576 editiones
351 2513 468 2596 (etiam
494 2515 572 2590 23.)
594 2533 667 2574 curn
690 2513 812 2574 iussus
833 2510 1014 2594 praeferunt
1033 2531 1102 2590 peo-

58 2629 169 2694 petuo.
201 2615 316 2676 Maiori
331 2633 466 2676 numero
481 2615 604 2676 varient
618 2613 701 2700 libri.
723 2615 821 2676 etiam
837 2613 951 2698 scripu,
975 2627 1007 2692 3,
1023 2633 1052 2685 ι,
1063 2627 1098 2698 7.

59 2718 116 2778 ubi
138 2713 181 2778 cf.
204 2731 324 2782 notata.

137 2918 325 3002 tergore)
375 2921 422 2982 lte
440 2917 533 2982 MSS.
554 2917 589 2982 d.
606 2917 774 2988 Gronovii‚
799 2937 837 2980 ex
851 2919 931 2979 meir
948 2915 1046 2979 Varie.
1069 2935 1100 2984 ι.
1208 2945 1218 2958 ·

59 3021 205 3084 Vindob.
227 3019 319 3084 Parii.
345 3035 377 3102 3.
405 3019 487 3102 Lipi.
518 3021 628 3083 Cibiu.
658 3021 769 3082 Vener.
802 3019 887 3080 Gud.
913 3021 1002 3102 Prag.
1024 3037 1100 3080 cum

59 3123 261 3188 editionibut
284 3123 435 3185 omnibus
456 3123 495 3182 ad
515 3117 669 3190 Voffruur,
692 3123 745 3202 qui
767 3121 912 3202 praetulit
932 3135 1028 3200 tergo,
1057 3119 1100 3184 ie·

60 3226 239 3310 quentibue
256 3225 431 3286 Gronoviie
453 3237 485 3286 et
504 3225 693 3294 Iieinoidio;
721 3223 861 3304 Koppiur
877 3223 913 3282 ad
931 3224 1018 3303 priue
1040 3233 1102 3284 ter·

60 3349 139 3410 gore
162 3327 277 3400 rediit;
312 3339 400 3406 tergo
427 3323 574 3406 probavit
600 3325 704 3386 editor
729 3323 1020 3408 Nurimbergenire,
1050 3326 1100 3386 uti

60 3431 196 3512 quideut
215 3429 373 3489 dederunt
394 3427 493 3489 Vario.
511 3440 545 3503 3.
573 3425 666 3510 Prag.
686 3426 792 3486 Harn.
818 3422 898 3486 inrte
923 3426 1020 3486 etiam
1043 3425 1100 3486 Pn-

60 3529 113 3593 ris.
138 3551 167 3592 r.
195 3549 226 3592 a.
265 3529 337 3590 Post
358 3529 486 3608 quidam
510 3529 643 3596 codices,
669 3527 771 3587 veluti
795 3525 902 3588 Cibiu.
926 3525 1099 3608 Rehdiger.

61 3630 149 3714 Lipi'.
174 3631 265 3714 Prag.
287 3630 402 3712 quibue
421 3629 494 3690 addi
518 3627 604 3711 podo
627 3643 706 3711 puto
729 3629 825 3688 Vatia.
851 3629 961 3687 Venet.
993 3627 1100 3690 Horu.

62 3729 265 3802 Pandantes.
291 3729 450 3804 abdrrcta,·
484 3730 570 3790 (iud.
598 3727 748 3794 obducta.
799 3727 889 3788 Prius
912 3727 1039 3808 adparet
1065 3729 1101 3792 iu

62 3833 264 3898 editionibus
286 3847 359 3894 ente
381 3831 589 3894 Reinoldium
614 3845 647 3892 et
669 3830 907 3892 Gronorianam
930 3839 991 3908 44.
1016 3831 1102 3893 unde

62 3937 217 4020 posteriue
235 3929 384 4004 iueress‘rt,
408 3933 496 4014 quod
513 3947 618 3994 umen
635 3933 697 4014 legi
716 3933 749 3992 in
765 3932 816 3992 ed.
833 3945 867 4007 7·
893 3949 1100 3994 rzscuvcua.

63 4033 247 4118 Abducta.)
299 4035 394 4098 Forte
407 4033 555 4102 obducta.
584 4047 621 4094 ut
641 4033 695 4094 iib.
713 4053 826 4114 rocap.
844 4047 901 4096 αι.
932 4031 1006 4128 Qua
1023 4033 1104 4096 mari

64 4139 197 4222 propior
211 4135 266 4234 esi,
286 4133 363 4230 (uisa
377 4135 430 4200 ubi
446 4133 615 4220 aperitur.)
635 4135 762 4218 aeqrrair'
779 4133 920 4215 margine
936 4131 1101 4202 obductus.
