2814 4946
365 467 454 524 Ltts.
483 471 520 523 ll.
564 469 597 526 C.
618 469 683 531 Vll.
726 469 750 538 i.
778 483 824 537 ¹5·
1052 481 1115 546 555

72 635 143 724 ipl'e
164 639 289 703 incidit.
339 639 451 702 Nollra
472 639 585 704 diierte
608 639 661 702 inb
684 641 815 706 nomine
830 627 952 706 Kassida
975 661 1115 705 comme·

72 757 226 804 moratur
251 761 268 803 a
289 742 402 812 suida,
440 757 473 804 et
501 761 600 825 prope
633 743 760 806 Cretam
791 745 935 826 ponitur.
993 745 1116 806 Eadem

72 844 177 904 etiam
203 843 409 928 intelligenda
430 845 514 928 apud
538 845 656 906 Lucam
677 845 712 906 in
734 857 794 910 act.
816 845 955 929 Apollol.
976 859 1036 920 27.
1057 847 1114 910 26.

74 946 135 1004 ubi
156 947 255 1006 codex
275 947 373 1006 Vatia.
395 944 490 1006 habet
509 941 642 1016 Kelida,
670 945 785 1008 {lauda
801 947 955 1028 interpres
972 945 1115 1020 Latinos,

75 1047 132 1106 alii
152 1045 269 1106 inlecto
286 1041 308 1108 λ
327 1045 394 1128 post
408 1065 428 1106 rt
446 1047 632 1128 plerumque
649 1037 814 1132 Klarion.
840 1047 999 1109 versiones
1017 1049 1115 1110 etiam

78 1147 218 1209 Gaudere
235 1159 267 1208 et
285 1146 431 1210 Caudex.
465 1141 619 1212 Kleides
637 1162 752 1208 vocant
768 1149 967 1210 Ptolemaeus
984 1161 1016 1228 3.
1033 1163 1113 1212 extr.

75 1267 182 1331 prope
206 1247 332 1310 Cretam
354 1261 387 1308 et
405 1247 567 1312 Hierocles
586 1249 619 1308 in
639 1249 839 1328 Synerdemo
858 1271 891 1332 p.
906 1251 990 1326 651.
1029 1249 1114 1312 Cum

74 1353 109 1410 in
134 1347 237 1414 Suida
259 1369 315 1432 per
336 1349 496 1412 literarum
520 1347 629 1412 seriem
652 1343 691 1412 rit
714 1345 736 1412 λ
758 1351 901 1412 exciditis
924 1369 990 1410 non
1010 1347 1115 1432 poiltt.

75 1450 135 1512 nist
160 1451 241 1512 velis
264 1453 298 1511 in
320 1449 389 1513 aliis
415 1448 588 1521 intrusum,
629 1449 745 1532 duplex
776 1451 852 1512 haec
876 1449 974 1511 insula
997 1471 1115 1512 nornen
1161 1517 1167 1530 ,

76 1551 224 1613 habuille
240 1553 377 1620 videtur.
400 1552 517 1612 variata
535 1553 631 1614 etiam
646 1552 880 1622 terminatione,
904 1551 1044 1613 Claudos
1063 1553 1116 1616 vel

80 1652 211 1716 Claude
231 1666 264 1712 et
288 1652 427 1715 Candor.
477 1655 518 1714 At
535 1671 647 1714 omnes
669 1653 722 1712 alii
742 1667 883 1716 auctores
907 1654 1020 1714 maiori
1041 1672 1117 1714 con·

78 1752 173 1814 lenio
196 1767 230 1814 et
244 1755 316 1826 lide,
339 1765 375 1814 ut
390 1753 442 1815 hic
458 1755 599 1826 codices,
625 1767 755 1816 tuentur
771 1756 801 1832 ll
816 1767 850 1817 et
863 1753 907 1826 C,
932 1773 1025 1836 quare
1041 1753 1117 1816 dedi

78 1855 224 1920 Gaudos·

157 2049 439 2150 Musagorus)
490 2059 542 2122 Sic
559 2059 699 2140 plerique
721 2075 885 2132 msomm;
912 2055 1059 2120 Ciaccon.
1083 2069 1117 2119 et

81 2159 176 2222 Gttd.
199 2175 304 2220 tamen
324 2159 538 2252 Mtfiigonts3
565 2159 647 2242 Lipt.
666 2151 870 2252 Illusogoris;
898 2159 1034 2221 Vintlob.
1057 2159 1116 2228 uli,

82 2261 222 2342 opinor,
255 2259 348 2323 Paris.
369 2281 399 2324 t.
426 2275 458 2341 3.
476 2252 687 2349 stusagor0s3
723 2265 760 2326 Δ.
785 2262 971 2324 Gronovius
994 2279 1033 2321 ex
1056 2258 1117 2322 iuis

80 2363 214 2423 notavit
241 2353 436 2452 Musagorus
458 2377 492 2422 st
518 2361 725 2456 Mustigorus.
777 2361 859 2424 Erld.
885 2354 1117 2442 antiquill'tmas

83 2483 161 2522 cum
192 2461 331 2525 Camers.
364 2463 436 2526 did.
469 2465 555 2525 lunt.
582 2465 713 2532 Vineto,
751 2463 886 2525 Schotto
913 2451 1117 2550 Musagorus,

83 2585 141 2648 pto
167 2583 233 2644 quo
254 2565 383 2645 antiqua
401 2583 514 2626 manua
535 2565 569 2624 in
588 2565 638 2626 ed.
659 2577 692 2644 5.
714 2575 888 2625 correxerat
908 2553 1117 2650 Mrtsagorest

88 2679 145 2742 15.
171 2679 205 2725 et
222 2665 289 2745 poll
306 2665 476 2734 vadianus,
500 2663 660 2726 Olivarius
680 2685 753 2725 cum
772 2661 846 2732 luis,
873 2656 1013 2730 Vollius,
1039 2661 1121 2750 Gro-¹

83 2767 181 2827 novii
202 2765 241 2826 ad
266 2765 441 2828 editionem
464 2775 524 2844 44.
555 2767 712 2826 dederunt
733 2755 937 2854 allusagoros.
989 2763 1119 2824 Reinol·

82 2869 160 2928 dius
193 2869 358 2930 revocarit
388 2881 530 2929 veterem
567 2867 738 2928 lectionem
771 2856 982 2954 Musagorus,
1023 2881 1119 2945 quant

83 2967 155 3049 post
180 2967 255 3028 inde
277 2968 315 3028 ab
332 2967 409 3032 edit.
427 2979 487 3050 45.
508 2967 683 3049 probarunt
705 2967 768 3028 alii.
805 2963 1007 3026 rzs'ctsvcxa.
1057 2963 1120 3024 Pli-

83 3071 161 3130 nius
179 3068 275 3128 etiam
290 3089 363 3129 curn
379 3071 562 3150 Pomponio
584 3069 640 3130 lib.
658 3079 694 3147 4.
717 3087 744 3130 c.
766 3081 821 3129 ια.
843 3061 886 3154 [s.
906 3059 984 3152 sm]
1007 3054 1120 3156 Musa·

84 3189 185 3250 garos
206 3170 351 3251 appellat.
404 3173 448 3232 dt
477 3171 511 3229 in
535 3167 748 3250 antiquilltmo
769 3167 926 3228 Toletano
948 3167 1121 3248 exemplari

83 3291 155 3332 non
180 3261 374 3362 Musagoros
395 3269 545 3340 habetur.
580 3269 630 3332 led
656 3260 864 3361 Musagonss.
896 3267 1120 3330 terminatione

85 3373 219 3433 Graeca.
271 3373 375 3454 Quare
392 3385 424 3434 et
443 3372 477 3432 in
494 3371 692 3452 Pomponio,
718 3371 804 3432 uncle
823 3381 986 3430 mutuatus
1000 3367 1043 3430 est
1059 3367 1121 3429 Pli-

84 3475 180 3542 nins‚
207 3463 418 3562 sllnsagorus‚
445 3473 640 3542 annaliter,
669 3470 870 3532 scribendum
890 3466 1012 3532 censeo.
1048 3485 1122 3530 attt-

86 3593 230 3634 arants.
283 3574 372 3634 Idem
396 3575 491 3636 etiam
506 3573 545 3634 ds
564 3573 662 3634 Plinii
683 3573 821 3634 lectione
844 3591 881 3632 ex
903 3565 1121 3651 antiquill'tmo

86 3675 200 3736 codice
233 3685 322 3734 notat
351 3674 404 3736 hia
430 3673 627 3738 Ciacconius.
680 3673 864 3734 lietduinus
898 3685 1005 3732 tamen
1034 3671 1122 3732 evul-

88 3777 180 3860 gavit
201 3764 411 3864 Musogores3
438 3777 477 3837 de
493 3775 658 3836 codicibus
674 3775 755 3834 nihil
775 3785 898 3834 monet.
934 3769 1017 3834 Cum
1040 3769 1122 3834 solos

89 3877 179 3938 Mela
200 3889 234 3936 et
262 3895 301 3935 ex
326 3895 364 3938 eo
386 3877 509 3937 Plinius
537 3877 593 3938 has
620 3873 734 3936 insulae
760 3885 1032 3941 commemorent.
1063 3891 1123 3933 nee

90 3977 212 4059 aliquid
250 3975 378 4038 aliunde
418 3979 553 4059 liqueat.
599 3977 756 4060 plerisque
797 3972 919 4037 Msstta
960 3973 1124 4035 inhaeren-

90 4079 172 4139 dum
195 4077 308 4158 utique
330 4078 467 4147 videtur,
492 4079 546 4138 stit
565 4077 604 4139 stc
624 4078 730 4140 malim
748 4075 873 4136 Graecis
889 4075 987 4134 literis
1008 4073 1123 4138 efferri.

90 4179 166 4242 Pott
203 4197 262 4260 pro
298 4191 404 4242 tamen
443 4179 614 4264 Rehdiger.
650 4191 794 4250 tostinum
843 4175 1002 4244 Vaticani,
1040 4175 1122 4256 quast
