2814 4946
350 403 415 486 64⁶
649 401 897 462 acuaoun
940 401 1101 460 uacca

354 579 535 644 ostendunt.
567 575 640 640 vie.
656 576 777 640 Ralcho
786 577 863 642 Lex.
881 597 1008 640 numer.
1022 579 1064 642 T.
1078 597 1107 642 ι.
1122 579 1162 644 P.
1174 595 1205 644 2.
1221 599 1252 660 p.
1262 574 1328 659 649
1338 576 1371 658 lq.

354 681 480 745 Eckbel
503 683 536 741 in
557 681 699 742 doctrina
722 698 850 742 numor.
875 679 913 742 P.
933 699 964 743 1.
983 680 1053 742 Vol.
1073 695 1105 744 9.
1126 701 1160 762 p.
1180 695 1250 758 307
1266 679 1324 760 sqq.
1347 691 1372 738 et

354 801 435 866 quoa
454 783 600 844 nominat
621 781 823 843 Burmannus
842 782 880 842 ad
897 781 1041 862 Propert.
1064 799 1091 844 c.
1110 781 1134 844 l.
1185 781 1280 865 Quod
1297 781 1372 841 enim

354 885 496 969 Regerua
526 885 561 943 in
594 879 691 944 Thes.
724 881 906 944 Brandenb.
936 883 1033 944 Tum.
1062 899 1092 944 ι.
1119 903 1153 964 p.
1177 893 1260 964 401.
1291 877 1372 942 refert

354 987 504 1050 Γνωσιων
526 987 560 1045 in
577 1002 677 1045 numo
693 983 841 1064 antiquo,
873 982 1021 1044 aberrailo
1037 981 1129 1044 illum
1150 1003 1207 1066 per
1228 983 1372 1066 negligen-

296 1110 302 1121 ·
357 1089 434 1149 tiam
451 1107 490 1148 ex
508 1085 562 1147 luo
578 1086 673 1166 iplluo
687 1082 834 1166 adspectu
850 1083 943 1146 docet
958 1085 1172 1147 Burmannus.
1198 1087 1261 1146 Suo
1279 1098 1370 1143 tamen

356 1203 502 1269 tempore
523 1187 624 1268 perG
645 1187 679 1246 in
697 1183 753 1245 usu
775 1183 863 1246 fuiffe
885 1185 1011 1246 testatur
1024 1187 1236 1247 Terentianus
1259 1185 1372 1246 Manna

355 1291 396 1352 de
422 1287 546 1368 syllabis
568 1308 600 1370 p.
622 1297 729 1366 9409.
760 1287 793 1346 in
823 1285 997 1348 Grammat.
1020 1285 1163 1348 Putlchii
1189 1287 1238 1348 hie
1265 1285 1371 1346 verbio:

357 1389 405 1452 N.
427 1389 535 1450 Tertia
554 1387 618 1448 udo
631 1384 825 1478 ficvidetur
843 1379 930 1476 poffe
953 1387 983 1449 G
1004 1399 1126 1449 mrrtanr
1143 1379 1237 1478 sequi
1244 1431 1252 1457 ‚
1288 1387 1371 1448 Graio

356 1487 454 1554 verba
479 1487 610 1572 quondo
640 1491 674 1548 iu
703 1477 791 1576 usum
812 1479 917 1578 sermo
940 1485 1043 1580 nrrstrr
1056 1480 1218 1579 suscipit,
1255 1481 1370 1576 Gnofior

346 1587 383 1686 fi
404 1591 503 1652 dicere
521 1609 628 1660 arcus,
654 1579 788 1680 insulam
808 1599 868 1648 orit
886 1588 1023 1652 Gnidum
1043 1591 1134 1652 velis.
1188 1591 1369 1672 Quapropter

356 1694 455 1756 etiam
476 1691 604 1752 Livium
625 1689 755 1774 Augulli
771 1701 914 1770 tempore
938 1683 1081 1782 Gnoffios
1103 1689 1235 1753 scribere
1257 1685 1369 1772 porcille

356 1791 461 1856 censet
477 1789 716 1852 Drakenborch.
732 1791 769 1850 ad
788 1805 846 1867 37,
864 1792 921 1860 60.
942 1805 973 1869 3.
1010 1790 1132 1854 Contra
1148 1795 1182 1854 in
1199 1790 1368 1872 Palaephalo

357 1915 424 1976 cap.
445 1893 499 1956 16.
524 1885 666 1966 Κνώσιος
687 1891 799 1973 probat
817 1893 911 1953 unice
925 1889 1099 1955 Fischerue.
1155 1884 1260 1984 Gnoso
1280 1907 1368 1951 lamen

354 1993 451 2056 babet
474 1993 577 2054 tabula
600 1993 750 2075 Peuting.
773 1989 869 2077 segm.
894 2003 928 2071 3.
959 1990 1012 2054 sed
1035 1985 1161 2084 Gnosos
1184 1991 1368 2078 Geograpbua

354 2097 524 2158 Ravennae
548 2104 581 2170 5,
607 2109 665 2157 21.
715 2093 777 2154 Per
801 2095 829 2154 G
849 2095 960 2175 ulique
980 2093 1023 2155 cll
1045 2091 1195 2174 scriptura
1218 2093 1364 2174 antiquior,

354 2215 412 2279 per
429 2195 459 2256 G
474 2195 639 2264 recentior,
662 2213 755 2274 quam
772 2195 846 2255 tulit
861 2193 964 2256 Melae
980 2208 1072 2258 aclea.
1108 2196 1234 2258 Literae
1250 2209 1365 2255 umens

355 2296 491 2358 dubium
515 2291 603 2356 inille
624 2292 733 2366 ulum.
765 2293 923 2377 superiora
942 2295 1109 2358 declarant.
1164 2299 1257 2360 Plura
1277 2307 1364 2354 ariteru

354 2397 413 2459 alia
441 2397 573 2458 nomina
600 2397 643 2456 ila
670 2397 705 2456 in
732 2397 911 2458 auctoribus
939 2397 1065 2481 agitari,
1103 2398 1146 2458 lic
1167 2412 1205 2459 ut
1233 2397 1318 2457 modo
1343 2389 1365 2450 G

353 2499 455 2561 ruodo
484 2497 513 2560 G
539 2499 736 2568 inveniatur,
777 2509 846 2558 tum
867 2499 989 2558 literam
1010 2520 1027 2560 s
1051 2499 1154 2562 modo
1179 2497 1271 2562 semel
1290 2493 1362 2578 poni.

353 2601 453 2662 modo
470 2598 639 2682 geminari,
666 2599 782 2661 docent
797 2617 862 2660 non
878 2617 974 2680 pauca
991 2617 1104 2661 eorum
1121 2599 1262 2680 exempla
1281 2593 1363 2656 veluti

353 2691 536 2792 Pomosus,
571 2689 729 2791 Pamisos,
756 2732 805 2746 -
834 2698 957 2760 Gelidus
981 2715 1014 2762 et
1047 2715 1172 2782 praeter
1195 2701 1253 2762 alia
1281 2689 1360 2758 lubic·

344 2821 455 2885 ¹quens
482 2799 637 2882 Gortyna.
689 2797 740 2864 cf.
764 2801 861 2863 etiarn
881 2800 921 2862 ad
941 2818 971 2872 1,
994 2801 1047 2872 16.
1068 2817 1100 2864 9.

433 2999 648 3085 Gortyna)
696 3001 878 3064 vindobon.
913 3001 1076 3075 Grodino,·
1111 3003 1205 3090 Prag.
1231 2997 1361 3064 Corliuot

352 3101 525 3186 Rebdiger.
549 3103 692 3184 Gortyna
700 3123 713 3174 ‚·
738 3101 821 3185 Lipl.
844 3103 1007 3174 Goritina,
1034 3101 1086 3165 sed
1107 3119 1218 3166 notato
1238 3099 1325 3184 priori
1343 3095 1358 3160 τ’.

352 3215 391 3263 ut
410 3205 485 3264 indo
507 3202 658 3265 exsisteret
684 3201 836 3273 Gortina,
868 3205 917 3263 uli
937 3203 1032 3264 estin
1054 3205 1142 3267 Gud.
1195 3201 1312 3282 Reliqui
1330 3212 1360 3255 cx

352 3305 433 3364 meis
459 3303 619 3385 Gortyna,
653 3305 739 3386 quod
763 3305 889 3366 aliunde
912 3301 981 3366 latia
1002 3305 1165 3387 probatur.
1215 3303 1291 3366 Edd.
1314 3311 1358 3374 19·

353 3417 413 3482 95.
438 3403 592 3476 Gortiua‚·
622 3423 676 3467 ιο.
696 3417 753 3483 5ο.
770 3419 828 3483 59.
845 3419 903 3485 57.
923 3419 955 3466 et
971 3409 1123 3486 quaedam
1139 3408 1216 3468 aliae
1229 3405 1359 3479 cortyna.

352 3519 389 3564 ut
405 3523 462 3586 per
480 3505 554 3570 Cet
574 3507 586 3566 i
605 3505 679 3566 alibl
696 3507 792 3567 etiam
809 3509 843 3567 in
859 3506 946 3568 libris
960 3507 1121 3570 obiicitur.
1164 3507 1232 3567 vid.
1249 3499 1359 3564 Ouden-

352 3603 443 3687 dorp.
461 3605 498 3666 ad
516 3606 629 3668 Lucan.
645 3619 676 3686 3,
699 3619 778 3684 135.
806 3605 1043 3669 Drakenborch.
1059 3609 1096 3668 ad
1112 3609 1184 3670 Liv.
1197 3619 1252 3685 37,
1269 3601 1319 3668 6⁰·
1332 3609 1358 3670 7·

352 3705 469 3780 Heyna
491 3707 530 3767 ad
551 3708 661 3790 Virgil.
677 3707 756 3771 Aen.
776 3727 832 3780 ιι,
852 3723 935 3787 775.
962 3706 1160 3771 Wernedori.
1181 3711 1214 3767 in
1232 3707 1307 3764 Varr.
1326 3694 1358 3756 ad

351 3807 467 3868 Avien.
485 3807 579 3870 deser.
601 3808 686 3868 orbiu
705 3829 738 3872 v.
760 3823 841 3887 132.
885 3805 936 3872 'so‘
957 3809 1137 3872 Glervavit
1156 3809 1234 3870 adeo
1249 3796 1359 3868 Schnei-

352 3908 419 3970 dor.
442 3927 481 3969 ex
496 3912 623 3990 antiqua
639 3906 785 3990 scripturn
802 3913 835 3970 in
853 3911 989 3972 Varrone
1004 3913 1044 3971 de
1059 3911 1099 3972 Ρι.
1116 3911 1156 3972 ll.
1178 3930 1204 3978 r,
1221 3923 1251 3982 7.
1276 3915 1357 3983 quam

350 4019 457 4068 tamen
488 4023 609 4091 praetor
638 4010 780 4072 librarios
805 4011 925 4090 aliquos
950 4031 992 4071 ne
1015 4024 1220 4073 monumenta
1246 4001 1357 4086 quidem

350 4109 446 4194 prisca
475 4111 641 4183 testantur,
677 4131 736 4174 uec
760 4111 875 4198 adtigit
903 4111 1055 4178 lllleuriiuo
1079 4114 1114 4174 in
1136 4113 1225 4176 Creta
1248 4103 1309 4167 Lib.
1329 4115 1353 4160 ι.
