2810 4944
357 441 448 501 tro.
477 445 516 500 rr.
562 444 595 502 c.
624 445 675 508 vt·
718 443 798 520 io·
1039 443 1101 526 467

58 635 186 680 rumor.
205 615 245 678 P.
269 637 299 680 ι.
324 617 362 679 V.
384 637 413 682 t.
437 639 468 700 p.
490 631 549 697 30.
584 617 687 702 Magia
710 632 854 681 contorta
875 618 919 681 eli
940 619 1101 682 ilarduioi

59 721 93 776 ad
116 719 264 780 Plinium
287 739 315 780 c.
337 719 359 781 l.
382 721 569 800 explicatio,
603 740 662 800 qua
686 719 857 782 Claudiurn
883 723 998 783 incolae
1025 725 1101 784 'sra-

61 819 170 880 ductae
203 818 390 900 Hispanicae
422 821 454 880 in
483 823 582 881 avitae
611 819 696 882 sedet
719 823 835 884 additia
859 823 952 884 nevit
975 823 1101 888 colonie

61 919 215 980 reduxisse
236 937 271 980 et
300 923 489 982 Traductam
514 921 626 982 lusiam
653 922 815 1002 adpellalse
846 925 952 1007 lingit,
985 923 1040 984 etii
1065 927 1100 988 in

61 1021 257 1104 cognomine
293 1021 378 1082 Iulis:
418 1023 548 1084 laborat.
611 1023 811 1084 llarduiuum
846 1037 952 1086 tamen
988 1027 1101 1106 probat

61 1121 170 1190 florez
197 1126 231 1182 iu
258 1121 379 1205 Espa'oa
402 1123 533 1207 Sagrada
558 1121 597 1182 T.
622 1143 675 1184 to.
698 1145 730 1205 p.
748 1137 806 1202 54.
858 1127 919 1188 Sed
944 1145 1003 1186 nec
1028 1147 1100 1209 pro·

62 1221 146 1292 sont,
179 1243 266 1304 quae
288 1225 451 1286 Salmasius
473 1231 512 1286 de
540 1221 595 1284 usu
621 1225 706 1286 vocis
729 1225 831 1286 astera
859 1227 990 1294 adtulit,
1021 1248 1101 1308 quae

60 1326 309 1384 similitudinem
341 1338 467 1386 tanturn
499 1325 632 1394 indicat,
672 1341 726 1386 aut
761 1325 847 1388 idem
883 1327 1100 1409 praecedentia

60 1426 147 1489 nrltie
171 1445 296 1486 nomen
324 1425 438 1488 reddit.
496 1427 542 1486 lta
567 1445 683 1508 nempe
709 1426 798 1488 facile
824 1429 989 1510 probatur,
1025 1449 1101 1492 cum

61 1527 171 1589 Cicero
191 1527 337 1608 Capuam
359 1528 489 1587 alteram
509 1529 646 1588 Romam
665 1541 757 1588 vocat
778 1531 818 1590 de
834 1529 903 1613 lege
926 1551 989 1614 agr.
1012 1551 1040 1601 t,
1063 1544 1098 1608 8.

62 1643 92 1688 et
116 1627 194 1688 alibi
218 1642 252 1688 et
280 1627 381 1690 noster
404 1643 435 1707 5,
460 1639 493 1704 8.
518 1628 618 1688 astera
641 1629 802 1698 Berenice,
829 1645 862 1690 et
886 1633 1005 1692 ltntilia.
1060 1633 1101 1694 dt

62 1731 141 1789 nihil
163 1729 219 1788 hic
238 1730 396 1790 eiusmodi
419 1732 587 1811 praecedit,
615 1731 666 1790 vel
682 1733 852 1812 excogitari
874 1733 984 1812 potesl.
1011 1733 1101 1812 quod

61 1832 307 1892 stmilitudinern
331 1829 458 1900 inserat,
491 1851 550 1892 uec
567 1833 652 1890 idern
672 1851 791 1892 nornen
813 1835 985 1912 repetitum
1007 1832 1100 1916 respi-

60 1935 150 1994 citur.
206 1931 349 2001 Accedit,
374 1933 459 2012 quod
475 1947 601 1994 auctore
615 1933 771 1994 Strabone
787 1933 840 1994 lib.
863 1947 895 2012 3.
919 1953 951 2015 p.
969 1955 1002 1994 m
1037 1937 1099 2014 96.

62 2031 184 2112 [140.
219 2033 286 2092 Zeli
312 2031 333 2094 s.
357 2033 415 2094 Zili
439 2035 563 2115 potius,
596 2053 691 2114 quatu
714 2035 811 2117 Tingi
835 2035 939 2096 coloni
969 2035 1102 2099 deducti

64 2132 133 2194 sunt
164 2134 378 2204 Traductaut,
417 2155 511 2215 «piram
541 2135 661 2218 Tingiu
688 2135 816 2196 alteram
844 2137 1100 2218 interpretantur.

64 2237 223 2317 Denique.
250 2235 274 2296 si
295 2236 409 2318 Tingit
432 2237 494 2302 illa,
521 2255 617 2316 quam
632 2237 821 2297 Traductam
842 2237 954 2296 luliant
978 2237 1103 2302 Plinius

64 2357 89 2398 c.
108 2339 130 2400 l.
162 2337 271 2418 possea
291 2351 434 2398 vocatam
457 2337 517 2398 else
541 2335 654 2405 scribit,
686 2339 719 2396 in
740 2319 933 2398 Mauretonia
956 2341 1103 2419 ponenda

64 2439 119 2506 est,
146 2416 328 2498 uticenset
348 2435 485 2506 Ecltbel,
511 2441 610 2520 patria
632 2437 708 2498 haec
732 2439 849 2506 Melae,
877 2437 1016 2520 Hispani,
1042 2439 1103 2504 else

66 2541 201 2600 minime
223 2537 335 2619 potest.
388 2541 453 2598 lvit
472 2539 625 2600 tamenin
646 2539 787 2601 Salmatii
807 2553 908 2621 partes
926 2541 1103 2603 Bochartue

67 2643 97 2698 io
121 2641 228 2702 Chao.
260 2659 288 2710 1,
315 2649 371 2716 24.
425 2639 536 2720 Neque
559 2641 659 2723 magia
681 2639 782 2722 placet
804 2637 898 2702 voffit
919 2641 1102 2704 emendatio

68 2739 134 2802 satie
155 2739 271 2802 acerbe
293 2760 310 2800 a
333 2741 498 2802 Gronorio
521 2739 633 2822 explos
648 2785 656 2802 .
709 2742 827 2801 Teneri
847 2756 952 2802 tamen
969 2740 1049 2802 sorte
1071 2755 1105 2804 et

66 2841 141 2904 haec
156 2841 300 2924 possunt.
355 2843 522 2904 Caetrart‘a
543 2844 620 2921 (per
635 2862 672 2902 ae
691 2843 777 2902 enim
800 2839 980 2924 praeierunt
996 2855 1105 2904 caetra

65 2946 125 3004 riri
152 2943 265 3018 docti)
291 2962 356 3004 vox
381 2942 424 3004 est
447 2963 464 3004 a
489 2937 595 3004 Voll'to
621 2939 733 3004 efficta.
787 2942 952 3024 Nueqnant
976 2943 1104 3026 legitur,

66 3047 212 3106 caetratis
235 3043 420 3104 cohortibus
439 3064 552 3126 agrum
568 3043 763 3126 adsignatum
789 3041 895 3112 luisse,
928 3057 964 3105 ut
986 3045 1023 3104 ad
1048 3045 1106 3106 du·

64 3144 150 3206 biam
185 3145 357 3206 lectionem
392 3145 639 3206 cousinuandarn
672 3145 841 3226 excogitari
879 3158 911 3206 et
945 3142 1106 3207 transserri

64 3243 172 3328 possit.
216 3245 316 3305 Porro
331 3260 480 3307 caetratae
497 3247 645 3307 cohorter
662 3247 825 3306 merebant
843 3247 875 3305 in
894 3247 994 3308 casirit
1011 3247 1107 3308 Poro·

64 3347 201 3429 peianie,
227 3365 294 3408 non
315 3345 513 3417 Caesarianie,
539 3349 623 3426 quod
648 3347 774 3428 adparet
795 3367 834 3408 ex
856 3347 936 3408 lulio
953 3346 1039 3410 Caes.
1064 3348 1105 3410 de

65 3450 103 3510 B.
126 3449 166 3510 C.
196 3467 225 3516 ι,
250 3461 309 3526 59.
334 3449 435 3528 iisque
451 3448 489 3508 ad
514 3449 712 3508 deditionem
734 3449 899 3528 compulsit
921 3449 978 3511 hac
999 3451 1109 3510 condi·

67 3553 159 3612 tione
183 3549 312 3608 veniam
331 3549 435 3618 dedit,
462 3561 500 3608 ut
521 3551 560 3616 ii.
584 3551 639 3630 qui
662 3549 813 3609 habereut
834 3551 1035 3610 domicilium
1052 3561 1109 3610 aut

69 3645 276 3734 possessiones
294 3650 326 3708 iu
347 3648 506 3730 Hispania,
532 3649 643 3720 slatiot,
670 3651 783 3730 reliqui
800 3651 837 3712 ad
856 3651 971 3712 Varum
988 3651 1110 3711 llunteo

70 3751 324 3812 dimitterentur.
352 3749 422 3834 (Cs.
441 3751 484 3812 ib.
507 3772 535 3819 r,
552 3749 634 3836 86.)
689 3753 757 3834 Qui
779 3751 875 3834 igitur
892 3753 926 3812 in
949 3752 1109 3812 coloniam

71 3873 86 3912 a
106 3851 239 3914 Caesare
261 3851 389 3912 deducti
409 3851 468 3912 else
492 3851 641 3932 possunt?
692 3852 779 3912 tlliue
797 3871 892 3933 porro
913 3873 997 3914 error
1019 3853 1051 3912 in
1069 3871 1109 3914 eo

71 3955 270 4024 admittitur,
296 3953 381 4032 quod
404 3971 421 4014 a
441 3952 524 4014 lulio
542 3951 685 4022 Caesare,
714 3951 733 4010 st
755 3954 824 4035 quis
845 3967 950 4016 tanten
972 3973 1044 4014 cunt
1069 3969 1109 4014 eo

71 4055 166 4121 velit,
201 4053 333 4114 deducti
356 4073 395 4133 ep
418 4055 558 4116 caetrarii
583 4057 749 4124 dicuntur,
785 4073 857 4114 cum
882 4055 947 4116 Zeli
972 4055 1035 4114 huc
1058 4053 1113 4114 de·

72 4157 185 4220 ductor
220 4153 280 4218 esse
312 4151 433 4218 disertis
469 4153 576 4218 verbis
603 4156 749 4218 adfirmet
781 4155 893 4218 Strabo
914 4175 942 4218 c.
965 4156 987 4218 l.
1025 4153 1113 4238 quod

669 4255 781 4344 oga
