2788 4942
361 493 452 548 trs.
481 496 532 549 111.
578 495 611 550 o
644 497 667 549 1.
710 493 790 565 aa.
1056 507 1098 570 35

51 684 121 726 non
137 665 255 726 reddit.
290 665 443 748 Pleraque
461 667 650 748 exemplaria
668 661 756 754 [viti.
773 661 881 754 supra]
904 667 942 728 lic
958 666 1096 730 babent:

51 767 183 826 Iernmn
211 779 242 827 et
266 767 353 828 illam
378 781 519 848 partem,
557 789 638 850 qnae
661 769 816 846 prominet
842 783 901 830 etc.
942 783 978 829 ut
1005 767 1095 852 snpra

51 867 157 928 dictos
180 867 296 930 lltrvios
324 869 443 930 flexum
471 869 575 952 ipsum
602 871 741 952 recipere
766 870 997 954 intelligamm3
1033 873 1095 933 ler-

50 989 127 1028 nam
149 983 256 1029 autern
278 985 425 1048 montem
441 985 472 1032 et
488 972 620 1052 reliqua,
652 991 731 1052 quae
753 971 786 1030 in
803 970 959 1032 Celticum
977 975 1094 1053 prorni-

49 1085 149 1140 neut,
186 1069 414 1133 Praesamarcos
438 1085 555 1134 tenere.
610 1072 700 1132 Nilril
725 1071 838 1144 statum
871 1071 1018 1134 censendi
1042 1077 1093 1138 ins

49 1173 122 1232 aliis
148 1171 225 1234 esto.
261 1193 446 1236 vasianae.
504 1175 604 1236 Aldus
638 1175 765 1234 Laeron
797 1167 920 1258 [immo
952 1171 1091 1264 Locros]

49 1295 118 1333 non
142 1275 269 1334 lernam
296 1275 383 1358 legit.
444 1275 571 1336 Hierna
600 1295 697 1358 porro
720 1295 794 1336 cum
823 1274 1031 1356 adspiratione
1057 1279 1092 1338 in

48 1377 156 1456 prima
176 1379 435 1456 promontorium
453 1377 505 1446 est,
532 1399 597 1436 non
616 1377 744 1444 fluvius,
770 1377 916 1436 Straboni
939 1379 971 1436 in
988 1379 1093 1442 tertio.

50 1471 105 1561 [p.
124 1487 185 1559 94.
204 1475 223 1536 s.
243 1471 340 1561 μη]
369 1479 430 1539 Sed
448 1476 618 1547 sciendum,
644 1499 712 1538 earn
729 1479 916 1548 dictionem,
940 1493 976 1538 ut
996 1479 1092 1560 plera·

48 1599 112 1657 que
131 1579 191 1636 alia
216 1579 247 1637 iu
270 1577 440 1648 Strabone,
474 1581 674 1660 depravatam
697 1579 772 1646 else,
799 1581 1035 1662 legendumque
1057 1584 1092 1642 irt

47 1699 89 1738 eo
107 1678 327 1750 nou'Hierna,
350 1679 399 1742 sod
415 1683 556 1751 A'erinm,
580 1683 727 1761 quamvis
745 1681 935 1742 Hermolaus
952 1681 1091 1745 diversae

49 1779 85 1838 sn
105 1780 280 1859 opinionis.
332 1781 422 1842 Patet
443 1783 475 1842 id
497 1803 536 1844 ex
553 1785 615 1844 alio
638 1783 708 1843 loco
726 1783 870 1844 eiusdem
890 1783 1034 1844 Auctoris
1055 1785 1090 1844 in

46 1882 168 1941 sotlem
194 1879 260 1962 ipso
283 1883 380 1944 libro:
409 1881 462 1972 [p.
490 1895 569 1960 105.
595 1877 741 1967 s.153.]
774 1883 938 1952 Extremi,
975 1887 1089 1965 inquit,

46 1979 184 2044 Artabri
206 1983 346 2044 incolorat
364 1985 447 2044 circa
464 1985 595 2046 Nerium
617 1987 874 2064 promontorium,
903 1985 988 2066 qnod
1010 1987 1091 2046 ocri·

47 2083 192 2143 dentalis
213 2097 242 2142 et
257 2075 576 2178 septentrionalisfi
596 2087 717 2148 soteris.
754 2085 866 2166 Neque
883 2087 912 2144 id
936 2105 1090 2167 promon-

47 2188 173 2246 torium
190 2186 309 2244 dictum
334 2187 376 2246 est
397 2189 459 2246 alio
477 2190 612 2248 nomine
627 2185 776 2254 Arrabm.
804 2200 838 2246 ut
858 2187 1022 2248 Strabonis
1045 2190 1090 2248 vi·

46 2285 127 2346 tiosa
154 2287 278 2346 tralatio
301 2287 445 2368 persuasit
469 2291 605 2350 credulis
624 2289 819 2358 Lectorilms,
848 2284 901 2374 [in
924 2289 962 2350 iis
982 2289 1089 2351 l'atlia·

45 2383 114 2473 no]
145 2387 195 2448 sed
221 2388 423 2449 rlrtabronun
453 2391 647 2470 populorum
677 2391 935 2470 promontorium
958 2389 1000 2450 ost
1026 2391 1090 2451 ale·

46 2493 139 2550 rium.
198 2491 343 2569 Denique
366 2493 404 2551 de
426 2491 548 2550 Hieron
567 2495 789 2572 promontorio
812 2505 866 2550 aut
892 2491 993 2550 fluvio
1016 2513 1089 2553 nus·

47 2611 144 2670 quam
170 2593 312 2657 mentio:
341 2591 476 2651 Nerium
501 2595 759 2672 promontorium
784 2612 896 2652 onnes
923 2591 986 2652 sere
1011 2601 1089 2653 cute·

49 2691 158 2760 braot,
187 2689 310 2760 Strabo,
335 2687 381 2778 [c.
405 2685 447 2777 l.]
475 2691 689 2764 Ptolemaeus,
713 2689 725 2780 [
739 2713 768 2762 a,
793 2687 847 2778 si]
876 2693 1007 2760 Plinius,
1031 2687 1087 2778 [4,

49 2807 109 2870 34.
130 2793 151 2854 s.
174 2809 230 2855 20.
251 2809 281 2854 et
306 2789 410 2881 serpo]
443 2795 654 2875 Pomponius.
711 2797 772 2856 Setl
794 2793 904 2854 Strabo
928 2809 958 2854 et
985 2795 1088 2855 Ptole·

48 2915 160 2955 marus
171 2895 301 2954 Nerium
320 2897 505 2968 nominant3
529 2897 651 2956 Plinius
666 2911 697 2956 et
711 2897 910 2975 Pomponius
924 2893 1086 2959 Celticum.

45 2995 145 3058 Causa
170 2997 356 3056 <liverlitatis
380 3000 411 3056 in
436 2999 568 3058 nomine
592 2997 643 3066 est,
672 2997 809 3059 Celticos
833 2997 967 3076 populos
987 3011 1087 3057 extre·

43 3105 140 3158 muni
167 3097 259 3156 illurn
286 3099 438 3181 angulum
465 3099 642 3160 habitantes
669 3101 770 3158 dictos
804 3097 863 3158 elle
893 3099 1087 3178 cognomine

41 3201 185 3266 Nericrr,
211 3213 339 3260 astatore
361 3201 479 3283 Plinio.
511 3197 566 3286 [4,
587 3213 644 3279 34.
668 3199 688 3261 s.
710 3195 787 3284 sm]
840 3199 935 3280 Quod
963 3197 981 3254 li
1007 3199 1087 3260 divi·

42 3301 196 3360 nantlutn
218 3299 277 3368 ett,
312 3301 446 3360 limium
468 3300 527 3363 else
554 3303 585 3360 iu
612 3303 666 3360 illo
691 3313 805 3368 tractu,
838 3299 944 3358 monti
966 3319 1085 3383 cogno·

41 3407 185 3468 minem,
211 3399 338 3460 Orbium
356 3403 507 3462 libentius
526 3401 694 3482 scripserim
713 3421 751 3462 ex
769 3402 963 3462 Ptolemaeo
989 3397 999 3486 [
1010 3399 1030 3462 s.
1054 3419 1085 3474 2,

43 3505 77 3566 6.
116 3495 325 3586 ubi'slppa
350 3515 456 3562 tamen
484 3505 535 3564 vel
568 3496 723 3588 Tipasa]
760 3521 958 3563 rrn'rtanvs.
1010 3502 1087 3562 Pro·

43 3605 268 3670 montorium,
301 3605 385 3683 quoti
409 3605 451 3664 est
475 3625 648 3666 commune
665 3606 829 3684 utriusque
853 3605 955 3664 lateris
979 3601 1086 3684 Hispa·

43 3709 130 3770 niae.
161 3706 365 3765 occidentalis
383 3719 415 3766 et
438 3703 696 3786 septentrionalis,
723 3707 789 3765 dixi
806 3705 954 3786 appellari
971 3723 987 3764 a
1004 3707 1087 3766 Stra·

46 3808 133 3868 boue
152 3821 186 3866 et
210 3807 393 3866 Ptolemaeo
413 3807 554 3876 Nerium,
581 3829 597 3868 a
616 3809 722 3868 Plinio
740 3819 771 3866 et
788 3807 970 3886 Pomponio
990 3805 1087 3866 Cetri-

44 3929 127 3974 cum,
157 3927 228 3974 nec,
256 3921 290 3966 ut
309 3905 446 3968 sentiunt
467 3909 574 3989 aliqui,
601 3929 616 3968 a
640 3909 794 3970 Strabone
816 3909 880 3966 clici
903 3904 1086 3969 Artabrnm.

44 4008 154 4070 Postea
177 4009 398 4078 animadverti,
425 4011 503 4070 tradi
521 4031 536 4070 :t
554 4011 658 4070 Plinio
681 4023 715 4088 4.
741 4027 797 4070 st.
824 4005 866 4096 [s.
882 4001 961 4090 πμ]
985 4027 1000 4066 a
1018 4007 1086 4086 qut·

43 4107 181 4172 busdam
198 4111 346 4190 appellari
363 4111 394 4170 irl
418 4113 675 4192 promontorium
695 4105 875 4172 Artabrum.
928 4107 989 4169 Setl
1015 4107 1085 4168 loco

42 4213 86 4273 ita
103 4215 277 4294 depravato
297 4225 390 4294 atque
408 4213 528 4282 alieno,
556 4225 594 4274 ut
610 4210 870 4294 promontorium
888 4209 919 4268 id
937 4207 1087 4269 statuatur

675 4315 751 4377 Ca
