2810 4944
417 369 507 426 ΗΒ.
536 369 573 424 11.
617 367 723 428 ovt.
765 366 844 440 §.6-
1092 375 1155 448 439

110 557 238 600 meeum
274 539 309 600 in
340 541 438 604 altero
472 541 606 604 flumine
637 541 779 612 saetabi,
823 541 932 604 omnia
965 540 1152 608 conturbata

110 645 229 710 rideas,
256 655 304 712 ut,
331 663 424 724 qtiam
441 645 599 706 rationem
621 645 653 704 in
674 645 758 706 Mela
780 641 924 724 ieqttarie.
949 645 1004 704 rix
1027 645 1150 710 habear.

108 743 149 804 At
167 742 249 804 salva
270 743 342 804 sunt
364 747 488 814 omma.
522 765 581 808 nec
599 745 683 808 Mela
701 745 740 807 ab
756 747 895 806 aliorum
910 747 1023 806 ordine
1045 747 1076 805 in
1100 745 1151 810 hle

108 845 245 912 recedit.
281 847 337 926 qni
358 867 454 908 verna
484 847 543 908 elle
574 847 716 918 ridetur,
753 847 957 916 Miremur,
989 847 1149 910 Saetabim

108 965 275 1006 eumcum
296 948 403 1008 Plinio
427 949 630 1028 praeteriille.
657 961 689 1012 et
705 949 787 1010 bene
806 949 921 1010 habere
943 945 1097 1019 Sorobim,
1126 947 1148 1008 li

107 1049 159 1108 rel
173 1047 343 1128 depravata
358 1051 498 1130 panllnm
513 1051 548 1110 lit
564 1049 679 1120 forma,
707 1071 801 1132 qnam
817 1050 1004 1112 conilituere
1019 1051 1051 1110 in
1071 1051 1148 1112 alio·

107 1169 181 1208 rum
208 1151 333 1210 lilentio
358 1173 422 1214 oon
447 1153 533 1214 licet.
592 1153 639 1212 lta
669 1165 752 1214 certe
784 1151 921 1212 fluvium
950 1169 990 1212 eo
1014 1153 1147 1214 nomine

105 1248 250 1333 agnoscit
264 1255 360 1312 etiam
377 1253 542 1314 lloccatiua
563 1253 596 1314 h.
617 1275 648 1316 r.
674 1245 805 1316 Sorohin
823 1241 1006 1342 Hifimnt'ae
1017 1245 1147 1338 siunins

105 1350 167 1444 ss.
211 1354 244 1412 t'n
267 1351 382 1414 debeant
400 1344 462 1443 fin
486 1355 517 1414 t'tr
539 1345 710 1444 snpronem
734 1343 794 1444 sen
818 1353 952 1414 etiterum
982 1373 1022 1412 ex
1048 1353 1147 1414 alveo

105 1455 172 1514 eins
195 1457 356 1534 mergitur.
412 1457 499 1516 ldem
522 1475 611 1526 vero.
638 1455 694 1516 ubi
716 1449 847 1538 preffioe
868 1453 987 1514 Melam
1007 1451 1146 1534 seqnitur

36 1574 39 1638 l
106 1551 129 1616 i'.
155 1575 188 1615 r.
217 1557 421 1618 Sucronensis
445 1555 526 1618 stoue
548 1557 664 1618 eodem
687 1557 800 1618 ordine
823 1555 964 1616 recenset
992 1553 1144 1626 Soborim,

105 1651 189 1738 (stc)
216 1659 344 1726 loriam,
368 1671 398 1718 et
413 1649 579 1748 sucronem
591 1653 748 1744 flumina.
784 1659 873 1718 Tum
889 1659 1016 1718 videtur
1033 1655 1144 1728 laede.

103 1759 157 1836 qni
185 1757 395 1842 Segobrigam
428 1759 529 1824 adluit
555 1759 588 1822 h.
615 1757 804 1830 Morvedrm
845 1759 920 1818 licet
946 1779 1020 1818 eum
1048 1757 1145 1820 Plinii

102 1859 252 1918 i'dubatn
273 1873 365 1940 putet
382 1861 563 1922 Harduinoe
578 1859 616 1922 ad
640 1875 672 1940 5,
690 1871 725 1940 4.
741 1857 760 1922 i.
777 1873 810 1938 3.
847 1859 997 1920 Eundem
1013 1859 1145 1940 quidem

101 1961 200 2020 etiam
225 1962 344 2022 iudicat
365 1961 467 2022 lilarce
486 1981 513 2024 e.
535 1963 555 2026 l.
580 1979 611 2032 2.
629 1977 661 2034 7,
681 1979 712 2028 2.
733 1981 766 2043 p.
783 1981 828 2022 m.
852 1976 929 2025 122.
957 1961 1004 2020 nti
1022 1975 1094 2022 ante
1113 1957 1143 2022 le

101 2061 164 2120 iam
190 2061 349 2122 Didacnm
372 2063 526 2124 monuiffe
549 2065 663 2132 docet,
697 2060 746 2123 led
769 2063 802 2122 io
825 2059 931 2124 Plinio
951 2060 1052 2124 adfert
1073 2061 1142 2122 vni·

100 2177 210 2248 galam
229 2164 308 2225 olim
325 2163 494 2224 lectionem
511 2161 663 2234 lelabebo,
686 2177 718 2226 et
737 2183 823 2224 nunc
837 2161 1023 2246 respondere
1040 2163 1142 2226 florio

100 2265 220 2326 dldlas
238 2261 259 2326 l.
273 2265 411 2350 olijares
431 2265 527 2328 addit.
565 2263 616 2328 Cf.
635 2265 746 2326 Florez
762 2261 883 2346 Elptioa
897 2265 1029 2348 sagrada
1050 2265 1087 2324 Τ.
1108 2275 1142 2340 5.

99 2387 130 2447 p.
153 2377 219 2446 43.
274 2367 357 2428 Com
385 2380 491 2426 tameo
519 2365 603 2430 Mela
628 2365 769 2428 Saetabis
796 2365 998 2427 mentionem
1025 2363 1143 2447 {obpri-

99 2489 190 2528 mere
208 2467 265 2528 vix
285 2469 446 2548 potuerit.
471 2479 503 2528 et
519 2469 558 2528 nd
573 2487 650 2529 eum
671 2469 820 2528 codicum
839 2467 991 2528 lectionee
1014 2467 1142 2538 ducant,

99 2588 237 2630 movere
261 2569 294 2628 id
317 2587 437 2629 nomen
456 2569 611 2641 dubitari,
636 2569 692 2632 etli
708 2567 747 2630 lic
761 2587 780 2632 a
793 2567 981 2631 Ptolomaeo
1000 2569 1141 2632 maxime

96 2671 302 2753 aliquantum
319 2669 485 2754 discrepat.

180 2871 378 2956 Turiam)
428 2873 520 2958 Prag.
546 2875 705 2948 Totidem,⁸
725 2875 840 2940 Vener.
866 2873 1029 2946 Turriemr
1053 2871 1139 2936 Reh-

99 2975 202 3062 tiiger.
232 2975 392 3048 lintrium
427 2975 573 3040 Parii.1.
602 2977 740 3050 Toriorr,·
777 2973 871 3038 Parii.
893 2992 925 3040 2.
947 2975 1053 3038 Cibin.
1081 2973 1140 3034 Tu·

97 3079 204 3148 rinm,·
240 3077 353 3157 reliqui
373 3077 572 3139 Gronoviani
592 3091 625 3140 et
647 3079 713 3139 nrei
735 3077 882 3150 Turiam
911 3078 959 3138 nti
981 3077 1141 3138 editiones

97 3181 243 3260 priorem
282 3177 349 3258 poll
378 3179 545 3261 pleraeque
576 3182 610 3240 in
639 3180 755 3260 qoibne
778 3177 813 3242 6.
837 3197 869 3252 7.
897 3191 931 3257 8.
954 3179 1025 3242 did.
1051 3179 1137 3239 lunt.

98 3279 325 3350 Camertinae,
360 3281 532 3350 Vedianae.
566 3279 780 3350 Olirarianae.
809 3281 956 3350 vinetus,
988 3281 1141 3342 Schottue

99 3381 272 3452 Dnrt'am3
318 3400 374 3442 ro.
401 3379 582 3454 Dumium
615 3397 684 3442 tum
711 3377 832 3443 ross'tut
850 3393 883 3441 et
906 3393 967 3458 40.
994 3393 1054 3462 let.
1078 3389 1138 3460 42.

104 3482 258 3552 Turium,
288 3483 374 3542 unde
394 3501 433 3542 ex
452 3483 672 3544 lieiooltlienis
692 3483 787 3544 rediit
807 3481 944 3544 Turiam.
997 3483 1033 3542 ln
1057 3499 1140 3542 varr.

100 3585 153 3646 ed.
173 3597 235 3656 27.
259 3601 368 3667 margo
389 3583 523 3646 habebat
550 3583 697 3654 Turium,
721 3585 767 3642 nti
785 3597 817 3642 et
833 3595 1007 3644 correxerat
1027 3599 1142 3643 manue

100 3689 136 3744 in
161 3683 214 3746 ed.
242 3697 276 3760 3.
302 3681 457 3768 adscripto
490 3685 669 3747 Ptolemaei
694 3675 889 3770 Totinoolltv.
933 3700 1140 3744 rzacnvcrtr.

100 3781 270 3868 Dorium)
319 3784 513 3849 Notavimua
534 3787 568 3846 in
586 3789 693 3848 Plinio
717 3781 771 3874 [5.
789 3797 824 3866 4.
843 3782 863 3847 i.
883 3779 939 3872 3.]
966 3783 1060 3846 Turio
1077 3781 1142 3867 legi

102 3885 191 3972 polle
215 3905 255 3948 ex
270 3886 410 3950 Sallustio
432 3883 488 3976 [v.
502 3881 599 3973 mox]
623 3889 791 3968 l'ltoeaque
814 3881 864 3972 [p.
886 3887 954 3965 169
966 3907 992 3948 t.
1010 3887 1042 3946 in
1059 3899 1141 3948 vett.

105 3989 253 4052 Gramm.
281 3981 430 4076 Puden]
462 4005 495 4050 et
520 3991 588 4052 aliie
618 3991 857 4058 Grammaticira
894 4009 932 4050 eo
965 3989 1144 4070 relegamus

105 4089 294 4156 micantem
315 4091 403 4156 haec.
433 4109 623 4158 aereaere.
675 4089 802 4155 Turtam
823 4089 999 4176 legendum
1022 4087 1065 4152 est
1084 4105 1145 4172 pro
