2836 4940
363 449 453 506 ΜΒ.
482 451 535 506 m.
578 449 698 512 ovil-
739 451 764 520 l.
789 459 819 522 5·
1050 461 1111 528 233

68 633 135 705 41.
161 633 224 702 42.
246 641 343 706 quam
362 637 399 686 rrt
417 620 597 696 habiteturt
628 624 720 708 Preg.
744 620 899 696 abiretar;
930 621 1003 686 edd.
1023 642 1054 690 t.
1074 644 1109 706 9.

77 740 137 803 15.
160 721 322 796 habitem
347 723 430 808 Lipl.
453 737 578 790 merrae.
609 743 812 790 uzecrrvcrte.
864 727 969 789 Locue
984 728 1114 792 mendie

75 826 285 890 ereberrimue
309 841 343 888 et
369 826 450 890 ordo
477 828 650 890 verborum
676 823 908 900 vitietillimue.
941 847 1056 910 quem,
1089 829 1113 892 ii

77 929 218 990 velimus
234 925 355 990 lenium
371 929 510 1010 aliquem
529 929 737 990 commodum
760 929 890 998 elicere,
921 931 1053 1011 perinde
1078 949 1114 992 ec

78 1045 173 1112 putre
198 1043 230 1092 et
259 1027 425 1092 ruinosum
458 1031 636 1092 aedilicium
669 1029 912 1092 demoliendum
945 1030 1112 1095 hebernus.

78 1131 302 1192 Demoliemur
322 1132 421 1215 igitur
442 1133 510 1194 Diie
526 1131 608 1194 bene
624 1131 822 1194 iuvantibue.
873 1129 968 1202 Nero,
992 1145 1028 1192 ut
1045 1131 1114 1193 lub-

76 1234 246 1295 veoiernue
262 1235 382 1295 eximio
398 1235 517 1296 auctori
533 1235 596 1295 ium
613 1251 711 1315 prope
732 1233 871 1294 enimam
886 1234 1002 1318 egenti.
1027 1254 1114 1296 com·

77 1335 278 1396 mittendum
306 1334 349 1396 est
377 1335 496 1416 aliquid
528 1335 581 1398 vel
610 1335 723 1414 Gyarie
755 1349 788 1396 et
813 1353 932 1396 carcere
967 1335 1113 1420 dignum.

80 1433 172 1518 Lego
188 1436 285 1520 igitur
302 1437 490 1518 permutatio
510 1439 599 1520 priue
621 1435 745 1506 verbio,
776 1435 894 1499 deinde
916 1437 1013 1498 etiem
1032 1437 1116 1498 cesti·

78 1538 163 1620 gotie
179 1537 218 1596 ed
236 1537 325 1598 hunc
347 1539 501 1600 moduine
537 1537 623 1600 Oros
643 1549 750 1599 teneret
766 1533 808 1598 ab
822 1535 923 1598 lotide
937 1537 982 1598 ab
997 1537 1115 1600 Indum

79 1629 215 1728 Nysaee}
237 1636 277 1700 ab
293 1638 378 1700 Indo
393 1637 438 1699 ad
453 1637 586 1720 Gangen
600 1635 793 1701 Palibotbri.
828 1641 858 1700 A
876 1637 987 1720 Gange
1003 1641 1115 1720 magis,

78 1759 179 1822 qaam
194 1751 231 1800 ut
247 1736 418 1812 habitetur,
440 1737 613 1834 exaestuat.
653 1739 795 1802 Verbum
808 1739 886 1800 illud
901 1731 1023 1831 Nysoei
1041 1761 1116 1803 cum

80 1839 288 1924 diphthongo
310 1843 343 1902 io
366 1843 544 1924 penultima
559 1840 775 1912 scribendum,
800 1853 927 1904 auctore
942 1841 1115 1924 Stephano,

80 1941 122 2002 ab
145 1940 223 2001 urbe
244 1933 355 2032 Nysa,
388 1945 571 2006 indicarum
599 1939 776 2014 clarisona,
809 1943 850 2004 de
870 1963 929 2024 quo
950 1957 983 2004 et
1004 1957 1117 2006 moute

80 2043 154 2104 eine
167 2041 262 2104 Mero
276 2044 378 2106 [letiro
393 2057 467 2106 ante
483 2043 646 2117 dieseruit3
678 2044 741 2106 hoe
761 2044 849 2106 enim
866 2045 997 2114 melior,
1023 2063 1118 2126 quem

80 2157 121 2206 ut
142 2145 264 2228 legatur
284 2143 361 2236 nist,
393 2161 433 2208 ut
453 2147 506 2210 elii
527 2145 679 2210 sentiunt.
740 2143 810 2207 Neo
826 2145 927 2208 Iulida
946 2146 1034 2228 lego,
1066 2143 1119 2208 led

84 2245 210 2310 Colide.
261 2245 315 2308 Ell
333 2260 441 2308 eutem
467 2247 555 2311 Colis
580 2249 844 2332 promuntorium
868 2246 910 2308 ob
932 2245 1121 2309 inmensam

80 2347 290 2410 altitudinem
311 2347 371 2414 alto
388 2351 523 2412 nomine
539 2349 661 2412 dictum
675 2352 808 2418 Aornos,
831 2349 893 2419 vel.
918 2361 957 2408 ut
977 2349 1030 2409 elii
1049 2367 1122 2430 pro·

1 2432 3 2441 ¹
81 2446 168 2512 ferre
186 2447 326 2521 molunt,
351 2449 481 2519 Aomir.
514 2451 577 2512 hoc
600 2449 644 2514 eli
665 2450 777 2512 evibue
800 2447 1003 2518 inaceellum,
1031 2451 1122 2512 cuiue

82 2551 184 2614 multi
200 2554 393 2624 meminere,
418 2566 451 2614 et
472 2555 555 2614 inter
573 2551 652 2616 elioe
669 2551 795 2613 Plinius
810 2551 844 2610 in
861 2548 966 2622 lext03
994 2543 1041 2636 [c.
1063 2557 1121 2630 alp.

82 2651 108 2714 t.
130 2645 211 2738 no]
238 2654 321 2734 apud
339 2673 434 2735 quem
453 2665 560 2716 tamen
578 2651 730 2716 mendose
751 2671 809 2734 pro
830 2651 993 2713 Coliacum
1017 2650 1123 2712 Goloi-

83 2775 159 2815 eum
180 2755 305 2838 iegitur.
340 2756 429 2818 luter
444 2755 508 2818 hoe
524 2756 784 2838 promuntorium
801 2764 834 2814 et
850 2752 968 2812 ludum
987 2751 1123 2812 [lovium

85 2857 179 2916 fitam
204 2855 264 2916 elle
290 2857 404 2920 urbem
435 2847 560 2948 Nysam
591 2869 714 2940 praeter
743 2852 950 2937 Geogruphoe
977 2853 1123 2914 Arrianus

84 2957 256 3020 historieue
279 2949 339 3042 [de
360 2959 473 3041 exped.
501 2959 589 3022 etex.
613 2959 661 3021 llll.
682 2957 737 3018 lib.
755 2967 789 3032 5.
805 2947 871 3038 in.]
900 2967 933 3015 et
956 2955 1041 3036 apud
1062 2971 1124 3014 noe

1 3131 2 3140 χ
86 3061 226 3124 cuntur
250 3051 305 3144 [8.
328 3051 479 3144 to‚12.]
504 3061 642 3122 uadunt.
693 3059 777 3120 item
801 3051 1019 3116 Palibotbreni
1040 3055 1124 3138 lego.

84 3181 160 3224 non
183 3157 379 3232 perdoceri,
411 3163 455 3222 ita
476 3161 596 3244 gentile
622 3179 742 3223 nomen
767 3154 926 3218 formante
948 3155 1122 3237 Stephano.

1 3256 2 3261 ¹
85 3263 194 3346 lpium
216 3275 324 3322 autern
346 3261 459 3324 urbem
481 3263 631 3326 Arrianus
653 3259 772 3342 semper
788 3279 862 3320 oum
884 3278 914 3318 m
936 3258 971 3318 in
994 3255 1127 3318 secunda

85 3359 312 3430 Palimbothra
336 3363 491 3426 enuntiet.
552 3363 621 3426 Nea
653 3363 743 3424 aliter
775 3361 810 3422 in
838 3358 965 3422 duobue
996 3357 1128 3420 vetullie

89 3464 274 3535 codicibus,
297 3483 396 3547 quoe,
419 3469 472 3544 (ut
494 3465 581 3542 dixi)
605 3464 695 3528 dumi
712 3461 830 3532 habeo,
857 3461 1034 3522 invenitur.
1084 3459 1128 3520 At

88 3568 307 3638 l’tolemoeue,
330 3565 453 3636 Strabo,
479 3566 657 3648 Stephenue
678 3564 726 3642 [v.
743 3561 881 3646 superior
896 3560 986 3638 noto]
1012 3559 1075 3620 bne
1095 3579 1127 3620 m

91 3687 227 3738 omnee,
254 3687 328 3730 aum
341 3668 378 3728 tb
392 3669 425 3729 io
440 3667 553 3729 ultime
568 3663 766 3728 Palibothra.
817 3662 1005 3726 Hermoltue
1019 3673 1128 3722 eutem

86 3773 157 3834 fine
173 3767 380 3850 adspiratione
397 3767 502 3830 scribit
523 3769 556 3830 io
577 3767 664 3830 sexto
682 3763 848 3828 Palibotra
862 3777 971 3825 eontra
985 3762 1129 3842 antiquo-

88 3893 164 3936 rum
187 3873 337 3932 omnium
362 3871 593 3933 auctoritatem.
628 3885 827 3930 rrurrouve.
879 3865 964 3948 Lege
986 3863 1129 3924 adhunc

89 3976 203 4058 potine
222 3974 376 4034 modum:
417 3969 502 4032 Oras
525 3983 630 4032 terrent
655 3967 696 4030 ab
717 3965 801 4029 ludo
823 3963 867 4026 ad
891 3963 1022 4044 Gangen
1046 3961 1129 4024 Palt-

89 4073 192 4146 botri,
218 4095 235 4135 e
253 4073 362 4158 Gange
378 4071 423 4135 ad
441 4071 565 4142 Colide.
587 4067 647 4162 nifi
664 4067 717 4132 ubi
733 4067 845 4148 magis,
871 4085 967 4149 quarn
983 4075 1019 4124 ot
1043 4059 1129 4124 babi-

90 4189 188 4250 tetur.
211 4175 387 4272 exaestuat,
416 4185 508 4238 atrae
527 4187 636 4258 genter
650 4184 682 4234 et
697 4165 930 4259 quodammodo
945 4165 1130 4246 Aetbioprsr
