2848 4942
309 432 331 496 tt
610 421 854 479 rontonrr
889 419 1052 478 nacta
1124 407 1127 414 '

312 587 554 660 Volliocolacet.
620 597 733 678 anm
769 597 897 670 Ennia·
933 595 1011 656 dicit
1046 593 1129 678 apud
1160 595 1365 658 Varronem:

315 689 376 784 [de
401 699 437 759 L.
461 699 498 762 L.
519 701 551 768 6,
578 711 609 777 3.
635 694 713 786 sim]
759 697 878 759 Decem
906 698 1048 762 coclites,
1088 717 1169 781 qnos
1193 693 1369 758 montibus

306 789 430 890 scimea
448 801 605 878 Rhipaeis
626 791 752 884 fodere,
786 801 867 862 bene
891 797 1059 868 discimus,
1090 819 1154 881 epm
1176 817 1283 879 traque
1309 815 1365 858 ex·

315 903 476 962 tenderint
494 903 616 981 antiqui
640 901 800 983 llhipaeoa
824 917 961 964 mantea.
1004 901 1130 962 Horum
1153 901 1232 962 latur
1251 917 1366 958 unum

314 1003 482 1064 emittebat
518 1003 656 1070 Tarrain,
691 1005 728 1064 ad
757 1005 892 1064 alterum
926 1001 1109 1064 habitabant
1140 1000 1365 1086 Hyperborei.

315 1103 428 1183 Itaque
448 1105 533 1166 etad
554 1094 712 1186 Europam
730 1119 762 1166 et
781 1105 818 1164 ad
838 1104 938 1164 ustam
961 1105 1172 1200 pertinebant.
1219 1101 1276 1164 Ob
1301 1103 1366 1162 Ta-

313 1205 382 1266 nais
401 1202 525 1266 sontem
551 1225 605 1267 eoa
625 1207 760 1288 appellet
783 1205 866 1266 Mela
888 1205 972 1268 iuter
994 1221 1098 1287 parter
1121 1207 1160 1268 ad
1184 1225 1274 1266 mare
1296 1221 1366 1264 me·

315 1305 529 1368 diterranenm
550 1305 741 1387 spectantem
782 1305 869 1388 sopra
892 1325 947 1368 eoe
970 1307 1126 1388 quidquid
1149 1305 1365 1376 erat,·reiicit

314 1409 352 1468 ad
369 1409 544 1478 Oceanum,
565 1427 668 1489 neque
685 1410 718 1469 in
734 1427 772 1469 eo
788 1408 929 1468 admittit
946 1409 1136 1472 divisionem
1150 1409 1184 1470 in
1201 1410 1364 1488 Europen

315 1521 349 1568 et
369 1509 483 1573 illlam.
535 1509 667 1591 Reliqua
684 1505 781 1571 Voffii
804 1509 874 1570 sunt
897 1509 989 1589 plena
1006 1511 1204 1571 Abtleriticae
1221 1509 1361 1570 indolis.

315 1628 340 1671 1.
373 1629 570 1672 ononovtve
598 1613 630 1672 t'n
665 1625 744 1672 nota
774 1609 949 1704 posteriori.
1028 1611 1218 1694 Lugendum
1259 1625 1362 1690 atquo

313 1711 609 1796 interpungendum
630 1731 706 1772 cum
732 1711 920 1790 Reynoldot
952 1706 1089 1803 finssro
1110 1705 1210 1774 lutere
1229 1710 1365 1774 innavi-

313 1815 462 1892 guntt'um
483 1809 644 1903 upptfita.
696 1813 852 1892 Rhipaeis
875 1811 1031 1875 montibus
1050 1815 1199 1892 proximo
1223 1811 1279 1898 (et
1296 1812 1362 1872 bue

313 1915 395 1973 enirn
418 1911 596 1996 pertinent)
621 1913 777 1976 eredentes.
840 1917 941 1994 Atque
965 1916 1105 1976 eundem
1132 1911 1197 1975 sere
1222 1917 1257 1974 in
1287 1931 1361 1974 mo·

315 2014 393 2074 dunt
410 2015 579 2076 Perizonio
595 2016 647 2076 hic
662 2015 753 2076 locut
774 2015 1011 2077 constituendus
1026 2015 1202 2085 videbatur,
1218 2011 1362 2107 flnssro

313 2113 413 2174 tatere
455 2117 709 2196 innovigarrtinm
747 2113 908 2206 appofita.
991 2117 1146 2195 Rhipaeis
1195 2113 1361 2177 montibus

314 2213 409 2298 (trum
433 2229 465 2275 et
487 2219 548 2276 hue
568 2217 614 2276 issi
634 2217 811 2296 pertinent)
832 2220 980 2297 proximo
1000 2217 1147 2278 cudentes
1162 2231 1223 2281 etc.
1260 2219 1360 2280 Ceto·

314 2335 386 2376 rum
411 2320 519 2396 proin
538 2318 672 2396 eripieris
695 2319 747 2378 vel
770 2319 801 2377 in
823 2321 975 2396 aeriplreir
994 2318 1245 2401 Oudendorpiue
1262 2337 1360 2400 repo·

314 2417 458 2478 nendum
486 2415 710 2498 suspicabatur:
746 2417 828 2478 Inde
856 2421 1023 2498 Rhipaeis.
1076 2438 1107 2484 Α.
1141 2439 1358 2482 oaonovrve.

313 2519 455 2596 Rttpaet
480 2531 615 2588 montes,
653 2519 717 2578 sive
742 2521 828 2588 veri,
869 2521 932 2581 srve
962 2521 1036 2590 sicti,
1072 2521 1195 2581 dimitti
1221 2522 1275 2583 hic
1300 2541 1359 2582 ne·

314 2634 454 2700 queunt,
493 2619 625 2700 satisque
658 2639 713 2680 eos
734 2619 910 2680 vindicavit
940 2623 964 2682 l.
991 2621 1186 2684 lironoviua.
1235 2625 1275 2692 A,
1309 2643 1358 2693 ae,

314 2741 354 2780 ar
376 2720 536 2800 praemissa
552 2720 665 2781 suntet
679 2719 780 2782 esiicta
795 2740 832 2781 ex
849 2723 937 2782 vocis
951 2724 1114 2802 proximae
1127 2721 1262 2784 clausula
1278 2743 1357 2806 qna.

316 2819 428 2882 Nolim
449 2836 553 2884 tamen
577 2841 650 2884 cnm
674 2825 700 2884 l.
721 2822 888 2884 Gronovio
911 2822 1075 2884 molestum
1098 2823 1175 2883 illud
1198 2847 1219 2884 a
1244 2825 1357 2886 denno

314 2922 488 2990 intrudere,
519 2924 582 2986 stne
602 2943 666 3002 qno
686 2921 806 2984 saciline
826 2926 927 2986 oratio
950 2923 1103 3004 procedit,
1137 2945 1195 2986 nec
1217 2921 1256 2988 τὸ
1280 2923 1355 2986 inde

316 3021 559 3104 Oudendorpii,
591 3025 645 3084 etsi
672 3021 741 3098 satia
764 3023 926 3106 ingeniose
949 3044 987 3084 ex
1014 3025 1082 3088 aliie
1103 3025 1279 3089 Codicibus
1302 3045 1356 3086 ex·

316 3120 449 3184 trusum.
504 3123 631 3205 Nempe
653 3123 735 3183 Mela
759 3143 825 3184 non
849 3143 888 3184 ex
910 3125 1054 3186 ulteriori
1068 3128 1200 3209 regione
1215 3128 1254 3188 ad
1274 3127 1356 3190 Rhi-

207 3305 212 3315 .
313 3241 408 3304 paens
425 3235 552 3282 montes
569 3225 777 3306 progreditur,
811 3221 861 3283 sed
882 3244 960 3304 quae
981 3228 1013 3285 in
1033 3227 1150 3290 vicinia
1172 3226 1269 3290 essent
1288 3247 1355 3288 me·

314 3323 485 3390 morando,
516 3322 656 3382 breviter
679 3322 831 3403 superiori
854 3327 1024 3386 narrationi
1047 3330 1196 3390 adnectit.
1251 3328 1355 3388 Nlalui

313 3422 414 3504 igitur
440 3423 573 3484 aliorum
601 3411 758 3484 iudicium
787 3421 890 3504 sequi,
930 3427 985 3506 qui
1013 3427 1195 3508 simpliciter
1221 3430 1353 3512 legunt:

312 3523 471 3601 Illripaeis
500 3522 658 3584 arantibus
687 3537 721 3586 et
752 3526 924 3587 commode
955 3528 994 3587 ad
1021 3531 1172 3606 proxima
1197 3528 1352 3591 referunt.

312 3625 436 3684 Variam
460 3625 600 3706 ipsorum
620 3626 783 3686 montium
804 3624 988 3709 scripturam
1008 3629 1042 3690 io
1065 3631 1282 3712 praecedentia
1306 3649 1353 3693 cu·

310 3725 388 3807 pitis
409 3727 473 3787 fine
495 3727 605 3810 atltigi.

383 3928 569 4006 proximu
593 3959 642 3976 -
670 3927 871 3990 cadentes
879 3928 899 4011 )
950 3929 1036 3992 Haec
1070 3931 1167 3993 verba
1198 3933 1284 3996 varie
1318 3945 1352 3996 et

309 4027 544 4112 distinguuntur
567 4042 599 4090 et
624 4044 873 4110 componuntur.
925 4029 1052 4113 Nempe
1071 4033 1206 4098 Codices
1226 4049 1258 4096 et
1275 4035 1348 4098 edd.

309 4123 348 4192 τὸ
368 4135 518 4210 proximo
537 4131 692 4194 continuo
713 4130 908 4192 subnectunt
923 4135 1002 4218 ¹voci
1022 4131 1191 4208 retorrtibus,
1214 4138 1349 4220 primoe-
