2836 4940
298 441 362 522 2⁵⁶
598 443 843 502 rourouu
882 443 1049 500 uncte

299 621 408 684 ctione
430 617 565 682 indocti.
616 617 767 682 Ceterum
784 637 849 678 vox
866 618 948 698 regio
966 617 1005 678 sic
1023 616 1205 699 fimpiiciter
1222 627 1257 678 et
1274 613 1340 676 sine

298 723 433 784 nornine
455 721 551 802 poflta
572 719 725 790 offendit,
759 739 834 780 cnm
856 719 929 780 aliae
954 720 988 780 in
1016 716 1233 804 progressione
1254 717 1341 778 illud

299 845 420 908 ponere
438 821 542 884 soleat.
575 824 649 883 Sine
664 821 763 882 dnbio
779 821 833 881 bic
845 821 920 882 latet
936 821 1063 888 Arione,
1083 841 1179 901 qnam
1204 839 1235 888 t.
1253 835 1287 886 2.
1304 829 1339 896 4.

299 926 427 988 strictim
444 939 566 986 tantum
583 925 734 1008 adtigerit
757 923 850 984 latina
867 943 952 982 nunc
965 921 1214 983 describendam.
1253 921 1341 984 con·

300 1027 404 1090 saturat
433 1027 514 1087 hanc
545 1022 751 1108 suspicionem
778 1023 903 1084 Plinius
926 1025 959 1092 6,
985 1036 1041 1100 25.
1067 1021 1082 1082 s
1109 1037 1167 1103 23.
1215 1022 1340 1084 Melam
1414 1039 1415 1044 ’

299 1143 407 1212 aperte
432 1129 567 1188 reddent
595 1129 644 1188 bia
670 1125 789 1188 verbio:
829 1117 929 1210 Infra
955 1127 1035 1185 leoee
1059 1127 1185 1192 omnio,
1215 1143 1278 1184 ortt
1300 1121 1341 1182 ob

300 1229 404 1294 Indo:
437 1231 559 1290 Arinna
580 1231 664 1308 regio
686 1224 831 1320 nnrbafin
847 1203 1034 1314 fervoribus
1060 1216 1257 1317 desertisque
1284 1229 1340 1284 cir»

303 1330 472 1402 enudata,
497 1329 596 1390 multa
613 1343 718 1390 tnrnen
734 1318 893 1418 interfusa
908 1329 1091 1406 opacitate,·
1114 1327 1255 1386 cultores
1269 1346 1340 1386 eon·

300 1447 411 1515 gregat
442 1433 526 1490 cirea
553 1429 634 1492 dnos
660 1431 794 1490 maxime
810 1425 951 1515 fluvios,
984 1427 1147 1488 Tonderon
1173 1428 1340 1506 (Tubero-

301 1537 397 1610 nem)
416 1545 447 1594 et
466 1521 637 1620 Arosapen.
664 1529 880 1610 (Arusacern.)
915 1531 1052 1591 ddinrat
1065 1529 1179 1592 Strabo
1203 1531 1262 1592 lib.
1286 1543 1337 1606 ¹5·

300 1655 333 1720 p.
357 1645 441 1715 495.
464 1603 587 1708 sl7ao.
621 1633 678 1692 nbi
703 1633 864 1693 australem
889 1634 1020 1694 Arianae
1043 1645 1164 1715 partem
1191 1631 1232 1690 ab
1256 1631 1341 1692 ostiis

300 1738 374 1798 lndi
397 1751 429 1796 et
452 1735 599 1796 Patalene
620 1736 750 1815 incipit,
785 1747 818 1794 et
841 1734 1026 1794 Carmaniae
1043 1733 1160 1794 finibus
1187 1735 1341 1792 terminat
1414 1801 1415 1820 χ

300 1843 338 1900 ad
363 1857 398 1899 oe
420 1835 649 1906 finurlterucu
679 1837 850 1898 interiectis
871 1835 1058 1917 quibusdam
1077 1835 1225 1917 populis.
1262 1853 1340 1913 qnm
1414 1859 1415 1882 t

300 1941 433 2003 Arianae
455 1936 610 2000 adscribit.
665 1939 755 1998 ldern
780 1937 834 1998 lib.
857 1955 887 2000 n.
909 1957 940 2018 p.
964 1949 1023 2014 89.
1046 1936 1067 1998 s.
1092 1951 1169 2014 ¹5⁰·
1197 1925 1340 2016 φαύλως

301 2037 487 2123 οἰκουμένην
519 2033 635 2124 ’χώραν
669 2041 758 2102 dicit.
819 2037 856 2099 ln
882 2039 966 2107 aliia,
1007 2039 1109 2098 veluti
1136 2037 1339 2106 Ptolemaeo,
1414 2121 1415 2124 Ἴ

300 2141 463 2202 Marciano
490 2139 637 2200 Gedrosia
667 2143 828 2210 Arianam,
869 2141 960 2200 onina
982 2157 1102 2200 nomen
1124 2159 1166 2200 ne
1190 2137 1339 2200 adserunt
1414 2183 1415 2206 2

300 2244 445 2324 quidem.
480 2241 711 2320 complectitur.
766 2239 877 2302 notter
899 2259 977 2302 vero
1008 2241 1062 2300 fibi
1094 2239 1215 2301 constat
1240 2241 1339 2300 etiam

299 2343 383 2426 posi.
418 2345 496 2402 dnm
525 2341 691 2402 Gedrosioa
716 2341 865 2402 interiora
894 2357 1001 2404 tenere
1026 2339 1147 2410 scribit,
1181 2363 1265 2422 qnos
1289 2343 1339 2398 ad·

300 2457 452 2506 nexuerat
472 2445 591 2504 Arianis
610 2445 829 2504 conterminos
844 2443 900 2504 lib.
924 2463 953 2506 r.
977 2463 1004 2504 c.
1026 2461 1055 2513 2,
1076 2455 1111 2520 4.
1153 2443 1220 2504 Ant
1241 2445 1339 2527 igitur

301 2545 405 2630 ipsunt
421 2565 542 2606 nomen
561 2563 674 2606 avone
690 2565 765 2604 roro
781 2543 962 2624 absorptum
987 2545 1164 2614 intercidit,
1190 2560 1247 2605 aut
1264 2546 1338 2604 latet

300 2649 337 2708 in
358 2649 450 2728 regio.
504 2647 592 2706 Vidit
615 2647 821 2716 lieinnldint‚
850 2647 904 2728 qui
921 2665 1006 2708 nova
1025 2647 1136 2729 capitia
1156 2661 1214 2708 ια.
1231 2646 1339 2708 distin·

300 2751 407 2812 ctione
423 2746 502 2809 sacta
519 2745 669 2829 inscripsit
684 2749 813 2810 Arione.

378 2953 519 3014 sturnus
544 2951 702 3032 cineri)
736 2952 782 3012 lta
798 2970 911 3014 omnes
924 2951 997 3012 libri
1012 2965 1146 3014 vereret,
1174 2951 1340 3014 Vadiannt

301 3055 391 3116 dedit
406 3055 517 3114 liumus
532 3065 565 3112 et
580 3055 675 3114 et'uert'
694 3055 806 3132 ningit,
828 3074 923 3136 quam
944 3054 1067 3132 prtlven'
1086 3067 1118 3114 et
1133 3054 1173 3113 sic
1195 3065 1250 3130 ιδ.
1279 3073 1338 3118 22.

301 3169 333 3217 et
349 3156 484 3234 reliquae
502 3153 655 3214 Vadianae
674 3173 747 3213 cnm
763 3155 908 3216 schotto,
955 3155 1176 3215 Reddidernnt
1200 3173 1259 3217 ct.
1279 3169 1338 3234 22'4.

302 3267 362 3333 25.
387 3267 444 3330 28.
469 3257 668 3334 omninoque
690 3255 887 3316 Olivarianae
902 3275 975 3314 curn
995 3257 1121 3326 vineto,
1145 3253 1272 3318 servato
1297 3271 1339 3318 ta-

300 3377 377 3418 men
393 3353 492 3416 verbo
503 3351 560 3444 fit.
600 3357 786 3418 Ciacconina
799 3357 982 3438 particulam
998 3371 1038 3426 et.
1057 3376 1151 3437 qnam
1168 3361 1340 3419 invenerat
1414 3407 1415 3450 p

301 3458 438 3520 inedito
456 3456 548 3523 libro.
573 3470 659 3518 recte
673 3459 822 3528 excludit,
847 3477 921 3518 curu
937 3477 997 3519 nec
1013 3461 1137 3520 codices
1152 3460 1337 3528 admittant,
1414 3471 1415 3514 t

300 3579 361 3622 nec
380 3559 494 3620 melior
515 3557 672 3618 distinctio
688 3556 777 3620 serat.
829 3557 930 3639 lpsanr
946 3571 1052 3620 antem
1076 3579 1192 3621 vocent
1212 3561 1339 3637 pulveri
1414 3531 1415 3620 l

300 3641 482 3722 sollicitavit
502 3658 650 3719 Barthiua
670 3660 703 3718 in
723 3659 874 3722 adversar.
899 3677 1030 3738 14,„r7.
1064 3661 1198 3732 Arenae,
1222 3665 1337 3744 iuquit,

300 3777 356 3823 aut
380 3759 501 3828 sabulo,
527 3779 592 3820 non
615 3761 736 3841 pulveri
761 3761 931 3822 dicendum
952 3775 1035 3834 erat;
1066 3766 1247 3824 nonenim
1269 3763 1336 3846 pul·
1414 3791 1415 3830 i

300 3883 411 3924 vetem
436 3863 476 3922 de
500 3857 677 3921 renuiffima
699 3863 773 3923 licet
798 3883 890 3923 arena
910 3883 927 3923 a
949 3883 1111 3944 quoquam
1135 3868 1262 3925 dictum
1285 3867 1332 3925 iri.
1414 3901 1415 3924 r

302 3965 408 4050 Quare
432 3963 633 4024 exturbaret
658 3967 700 4023 ita
721 3963 814 4047 legit:
855 3965 951 4024 cineri
972 3967 1073 4045 magis
1094 3985 1191 4048 qrtaru
1208 3964 1332 4055 finu'lr's,
1414 3941 1415 4000 3

301 4067 322 4128 i.
350 4087 378 4128 e.
408 4064 573 4125 simillima.
632 4065 694 4126 Sed
727 4063 951 4126 refutationem
983 4066 1062 4127 haec
1089 4061 1163 4126 nix*
1182 4067 1333 4128 desiderat

299 4179 410 4250 arguta
426 4167 536 4252 magia.
553 4185 649 4246 quam
667 4163 801 4248 speciosa
822 4169 1012 4232 coniectura.
1044 4165 1213 4231 Ilesutarit
1231 4183 1332 4230 tamen
