2788 4942
298 435 385 492 [ΑΒ.
413 434 452 490 11.
502 433 535 491 C.
562 435 627 496 v11.
670 434 696 506 ἦ.
719 453 769 510 ι9ι
969 445 1051 514 ,597

36 603 210 676 lectionibus,
238 625 313 668 cum
336 607 417 670 duae
440 605 560 670 insulae
581 609 773 680 indicentur,
799 607 834 668 in
855 609 956 692 priori
977 608 1051 672 loco

34 707 96 767 urle
117 705 198 788 sequi
222 707 321 770 solem
344 709 500 774 Coriicam
524 723 557 773 et
581 709 726 774 excidiffe
748 729 865 773 vocem
889 711 1050 782 Sardinia,

35 827 96 886 quae
110 829 144 870 ex
160 807 312 874 subiectio
327 809 418 874 facile
437 811 608 895 subpletur.
660 813 765 894 Atque
785 813 818 874 id
839 813 955 874 certine
977 832 1050 894 pro-

33 905 91 967 brnt
108 911 197 972 etiam
220 914 347 975 codices
366 915 418 974 aiii
435 915 582 996 quidam,
603 913 658 976 etit
674 915 840 976 deteriorie
855 915 930 976 eliae
945 927 1050 986 notae.

35 1009 61 1067 ia
81 1029 113 1070 eo
144 1026 252 1074 tamen
278 1015 445 1094 laudandi,
476 1017 580 1098 quod,
614 1035 820 1098 quaecunque
853 1017 1050 1078 invenerunt

33 1109 202 1196 praescripta,
230 1113 324 1178 fervo
340 1136 375 1180 ea
395 1115 546 1199 obsequio
562 1115 710 1200 adspersu
732 1130 856 1180 tamum
878 1119 976 1188 vitiie,
1001 1139 1049 1180 re·

34 1211 198 1290 praesentare
223 1215 337 1280 solent.
391 1217 504 1300 Neque
520 1235 627 1282 temen
648 1219 796 1290 reluctor,
827 1217 932 1300 stquie
951 1218 1047 1282 verbe

36 1311 142 1402 Corsica
158 1329 189 1378 et
208 1318 364 1380 Sardinia
380 1339 419 1382 ex
433 1323 576 1408 margine
597 1319 743 1404 irrepiiffe
763 1333 875 1403 putet·
910 1341 985 1382 tum
1007 1341 1047 1384 ἐκ

35 1410 207 1493 [equentibue
222 1421 459 1506 intelligantur,
483 1439 576 1505 atque
593 1423 666 1486 aliae
685 1426 781 1484 etiarn
801 1441 818 1483 e
836 1421 942 1485 noiiro
962 1423 1047 1484 loco·

33 1533 87 1574 rum
107 1521 236 1582 nomina
262 1523 450 1604 adpellativa
477 1527 612 1586 omnino
635 1527 896 1606 praemittantur,
921 1525 1048 1605 propria

35 1615 59 1672 in
76 1617 206 1682 iocorum
234 1627 477 1688 enumeratione
502 1624 716 1688 subiiciautur.
768 1625 871 1707 Atque
892 1627 936 1686 ite
960 1625 1046 1686 hunc

34 1713 117 1778 locum
138 1721 314 1806 legendum
336 1723 439 1788 censet
454 1727 617 1790 Salmasrue
637 1727 675 1788 ad
698 1725 802 1790 Solin.
825 1745 893 1808 cap.
915 1739 948 1804 3.
967 1723 989 1788 i.
1008 1743 1042 1806 9.

35 1835 58 1895 p.
72 1819 119 1896 68.
160 1823 248 1887 Male
272 1837 379 1888 autent
403 1829 478 1890 voci
494 1819 590 1916 freto
612 1829 772 1890 adiectum
793 1823 883 1888 iuiiie
904 1817 1047 1918 Etrusco

36 1933 98 1980 tecte
114 1923 171 1984 itm
197 1928 283 1988 olim
307 1931 436 1990 monuit
459 1929 668 2000 ciacconius,
702 1927 770 2012 ipso
793 1926 965 1990 insularum
986 1927 1045 1990 srtu

37 2019 142 2086 adiutus.
194 2027 326 2110 Taphra
346 2030 438 2100 ducta
454 2031 497 2094 eii
509 2030 650 2092 Pintirni
665 2031 854 2102 coniectura,
879 2049 983 2112 neque
1001 2041 1045 2092 ta·

38 2137 93 2182 turn
113 2128 285 2192 necessaria.
337 2129 489 2194 Ceterum
515 2132 652 2196 Cocieue
676 2132 746 2211 (ed.
770 2134 846 2209 tr.)
876 2151 894 2192 a
920 2129 1045 2194 verhirc

39 2217 97 2282 itte
114 2231 246 2305 grandes
272 2233 447 2314 capitulum
470 2235 529 2296 ΧΠ
562 2233 695 2316 adponit
727 2233 786 2294 hac
817 2230 1044 2314 inscriptionet

40 2317 78 2380 Dr
93 2318 189 2416 insulis
213 2331 331 2396 Gallici
354 2338 461 2400 maris.
501 2337 609 2421 Quam
628 2334 679 2396 hic
695 2347 778 2418 epte,
803 2333 942 2418 adparet.

94 2529 244 2620 intra)
296 2535 433 2601 Codicee
463 2559 538 2601 cum
571 2539 768 2602 editionibue
796 2537 836 2600 ad
859 2535 1046 2600 Gronorioe

44 2627 185 2700 Pffltierunt
200 2639 296 2710 inter,
323 2641 409 2702 unde
426 2641 600 2724 repoiitum
617 2641 700 2704 stetit
719 2641 817 2710 intra,
845 2639 943 2720 quod,
970 2638 1044 2720 quia

44 2728 118 2803 aptius
137 2737 278 2811 ridetur,
310 2741 436 2822 reliqui.
487 2741 566 2803 Non
587 2745 694 2810 euim,
728 2740 815 2824 qood
839 2741 922 2802 inter
946 2739 1044 2800 latera

42 2822 207 2900 interiectum
228 2841 291 2914 eii,
318 2839 481 2914 describit,
513 2841 566 2906 sed
588 2843 727 2926 ipsorum
748 2843 885 2904 laterum
906 2839 1044 2902 formum

43 2929 165 3016 utrimque
179 2944 380 3024 productam.
415 2943 581 3008 scribenti
599 2943 827 3026 compendium
845 2943 958 3004 harum
975 2959 1043 3021 par·

43 3029 174 3100 titulatum
192 3045 334 3106 crebram
356 3047 481 3108 invexit
502 3047 813 3114 commutationem,
837 3043 877 3104 rie
894 3061 955 3124 qua
971 3041 1042 3104 vid.

42 3125 171 3203 Bateni.
183 3147 220 3206 ad
232 3147 348 3209 Silium
364 3148 433 3208 itai.
453 3157 507 3227 14,
521 3149 609 3226 466.
635 3162 667 3209 et
683 3147 722 3208 nd
733 3147 863 3206 Livium
882 3157 914 3220 5,
936 3161 992 3223 27,
1007 3156 1043 3206 Ω.

41 3239 63 3284 ⁶¹
75 3254 138 3312 quot
152 3249 309 3323 producit,
331 3247 472 3330 itemque
486 3248 699 3312 Schwartziue
714 3247 752 3308 ad
768 3245 867 3312 Plinii
884 3247 1041 3330 Panegyr.

44 3345 60 3386 ‘r
77 3345 122 3410 50.
134 3361 161 3422 Ρ.
176 3351 256 3412 tofi.
281 3361 314 3411 et
329 3367 406 3430 qnae
422 3351 534 3412 notari
551 3350 590 3412 nri
606 3364 642 3420 a,
658 3367 690 3422 t,
705 3363 740 3425 7.
770 3350 823 3412 Sic
839 3345 918 3409 inira
934 3349 963 3427 §.
981 3359 1043 3414 αι.

44 3425 123 3502 Cibin,
141 3444 217 3512 inter
235 3469 295 3534 pro
316 3451 405 3513 iutra
425 3455 531 3536 pouit.

97 3653 128 3702 tt
156 3647 302 3736 ionga)
351 3652 439 3720 (ind.
464 3653 592 3728 nmiiit;
624 3653 795 3718 Pinticnur
821 3651 936 3716 meiius
960 3649 1044 3714 iudi·

47 3729 121 3802 nbat:
144 3739 199 3838 sed
219 3755 327 3836 longa.

99 3945 217 4017 dirriu
229 3955 246 4038 )
297 3959 500 4032 Parmenios,
532 3959 614 4044 Lipi.
641 3960 749 4024 Cibin.
780 3955 921 4019 vindob.
950 3955 1044 4038 Prog-

48 4028 154 4110 Vaticani
168 4067 198 4117 et
218 4061 272 4122 elii
294 4079 368 4124 cum
392 4063 591 4128 editionibue
612 4083 642 4128 r.
669 4081 700 4125 ε.
724 4075 759 4142 3.
781 4069 817 4140 4.
840 4069 873 4136 5·
896 4055 932 4122 ὓ·
953 4070 986 4131 7·
1008 4065 1043 4132 8·
