2810 4944
320 441 385 522 466
633 443 877 504 aomrouu
912 445 1074 502 mutar

322 619 358 680 in
373 617 453 681 bibl.
468 614 605 700 Hispana
620 631 687 682 vet.
704 619 744 682 T.
764 638 793 684 ι.
816 619 871 682 lib.
894 637 923 684 ι.
945 639 974 680 c.
996 637 1051 682 ιι.
1075 639 1106 700 p.
1128 629 1185 697 50.
1211 614 1346 679 emendat

327 721 424 801 Tingi
448 719 557 788 lbera,
591 721 677 801 quod
702 733 806 782 tamen
830 721 983 800 relinquit
1006 721 1142 782 aliorum
1158 719 1280 781 arbitrio
1301 717 1346 778 rel

325 836 408 883 creta
430 823 481 882 vel
502 821 637 882 carbone
657 821 848 884 notandum.
898 823 991 884 Addo
1009 821 1194 882 Maianlium
1213 823 1246 881 in
1262 817 1345 900 speci·

324 925 414 985 mine
433 923 641 984 bibliothecae
657 921 796 1004 Hispano
808 922 1013 984 Maianfianae
1028 943 1043 982 a
1061 923 1182 982 Davide
1193 922 1344 984 Clemente

325 1026 479 1088 Hannov.
507 1037 611 1102 1753.
636 1032 670 1105 4.
694 1025 791 1096 edito,
817 1025 882 1106 qui,
908 1025 986 1085 dum
1004 1023 1161 1086 Carteiam
1182 1013 1279 1084 lllelae
1301 1041 1345 1102 pa·

326 1129 419 1187 trium
436 1123 574 1187 adserere
592 1125 703 1196 studet.
726 1139 763 1186 ut
779 1124 931 1188 sententia
948 1125 984 1185 fit
1001 1125 1085 1186 Mela
1100 1127 1233 1207 dignior,
1252 1123 1346 1206 legen·

327 1229 407 1290 dum
425 1225 545 1288 censet:
570 1240 666 1310 atque
680 1227 751 1288 iuda
773 1249 830 1288 uos
844 1218 977 1318 sumar‚·
1001 1241 1102 1287 tuma
1118 1227 1233 1288 sanctii
1251 1225 1346 1283 lectio·

326 1350 369 1390 ne
393 1327 507 1390 senon
529 1329 671 1390 alienum
693 1327 752 1390 else
774 1331 950 1411 profitetur.
1004 1328 1153 1408 Denique
1177 1329 1224 1386 vir
1246 1326 1343 1385 doctus

325 1432 361 1492 iu
375 1431 546 1512 exemplari
564 1430 613 1490 ed.
632 1439 691 1512 4ο.
713 1430 838 1514 legend.
854 1427 1052 1512 adscripscrat
1075 1429 1169 1508 Tingi
1187 1425 1344 1488 Traducta.

328 1531 412 1597 Cum
429 1545 534 1592 totum
552 1531 707 1591 iudicium
725 1551 741 1590 a
756 1531 902 1592 codicum
918 1531 1042 1592 indiciis
1058 1544 1202 1614 regatur,
1233 1539 1264 1589 et
1278 1523 1347 1586 sum·

327 1654 379 1696 rna
398 1633 622 1715 disputationis
642 1633 691 1695 vie
713 1645 745 1694 et
768 1629 854 1693 causa
876 1633 909 1692 in
932 1632 1111 1712 quaellioue
1136 1629 1285 1698 versatur,
1315 1647 1347 1685 an

327 1755 449 1797 nomen
465 1732 517 1794 hic
533 1733 618 1794 urbia
635 1733 738 1800 lateat.
762 1754 821 1794 nec
838 1753 889 1806 ne,
914 1733 1042 1794 illorum
1059 1733 1172 1812 utique
1195 1727 1348 1792 sententiae

327 1837 474 1918 proxime
499 1835 537 1894 ad
561 1854 674 1893 verum
697 1835 886 1903 collineant.
924 1855 1003 1916 quae
1032 1831 1166 1916 preffiua
1193 1832 1346 1914 sequuntur

328 1937 451 1998 codices
472 1947 504 1995 et
521 1935 624 1996 Melae
647 1937 822 1996 orationem
843 1934 991 1997 reddunt.
1045 1935 1091 1997 Ex
1109 1937 1150 1996 iia
1167 1949 1276 2000 tamen.
1301 1929 1346 2010 qui

327 2055 449 2098 nomen
471 2035 558 2097 urbia
573 2035 624 2096 hic
640 2031 755 2097 subesse
772 2036 976 2107 arbitrantur,
1003 2037 1133 2097 nimiae
1150 2055 1239 2098 verae
1254 2036 1347 2095 lertio·

326 2139 378 2200 nie
400 2137 539 2220 vestigiis
559 2137 706 2198 recedere
730 2137 899 2208 videntur,
933 2123 993 2200 nec
1022 2137 1170 2199 historiae
1195 2139 1254 2199 fide
1274 2135 1347 2194 alliu·

327 2239 406 2306 vari.
440 2237 616 2310 Salmasius,
644 2235 767 2300 Voffiua
790 2252 823 2300 et
843 2239 868 2302 l.
886 2239 1072 2300 Gronovius
1091 2241 1127 2299 iu
1149 2241 1233 2298 notia
1249 2236 1344 2296 lllStia.

326 2339 425 2401 Nulla
446 2341 551 2410 enim.
583 2339 670 2420 quod
692 2351 725 2400 et
747 2339 912 2402 Salmasius
936 2342 1075 2424 ingenue
1097 2341 1276 2421 profitetur.
1304 2354 1345 2394 us·

328 2459 423 2524 quam
447 2443 499 2502 hic
520 2439 611 2522 Tingi
635 2442 779 2508 occurrit.
805 2455 847 2509 ot.
873 2461 954 2522 quae
972 2441 1096 2502 Plinius
1115 2453 1149 2518 5,
1173 2463 1201 2501 t.
1223 2455 1345 2500 conunc-

327 2555 446 2613 morat‚
474 2540 537 2624 ipsa
554 2543 740 2603 narrationis
761 2540 837 2604 serie
857 2545 1012 2626 redargui,
1039 2544 1218 2603 docuerunt
1241 2553 1346 2623 praeter

327 2643 528 2715 Salutasrum‚
563 2639 705 2704 Voffium
735 2655 768 2704 et
792 2643 984 2704 Bochartum
1013 2645 1047 2703 in
1069 2645 1219 2706 Chanaan
1248 2663 1274 2711 1,
1297 2648 1343 2714 cl.

252 2817 261 2832 κ
327 2746 425 2806 multi
450 2746 513 2806 alii.
565 2745 612 2805 lta
638 2747 726 2806 enim
752 2745 824 2806 ille:
863 2745 956 2825 Tingi
980 2743 1035 2828 (in
1056 2743 1181 2828 Africa)
1199 2741 1345 2826 quondam

327 2843 369 2908 ab
384 2848 506 2908 Antaeo
521 2845 701 2914 cauditum,
726 2844 835 2938 prfiea
849 2869 871 2906 a
888 2845 1022 2908 Claudio
1042 2837 1178 2936 Caesare
1196 2866 1262 2904 cum
1278 2839 1345 2900 cola·

326 2949 414 3010 niam
430 2939 568 3036 faceret,
594 2947 788 3026 appellatum
810 2945 970 3007 Traducta
990 2947 1087 3009 Iulia.
1142 2947 1264 3026 Nempe
1283 2944 1346 3002 Tn-

327 3047 454 3108 ductam
476 3067 589 3110 omnes
610 3051 644 3108 iu
662 3047 809 3130 Hispania
826 3061 962 3129 ponunt,
988 3069 1047 3108 nec
1068 3047 1166 3117 Iulia,
1192 3045 1346 3128 qualemet

326 3151 420 3210 numi
443 3163 577 3219 vocant,
609 3161 694 3210 recte
717 3151 780 3211 dici
800 3141 925 3230 poluit,
957 3169 1035 3230 quae
1056 3149 1230 3210 Claudium
1253 3141 1346 3206 condi·

325 3263 430 3310 torem
451 3249 595 3319 habebat.
616 3252 718 3311 immo
738 3249 888 3312 Claudia.
926 3248 977 3312 cf.
993 3251 1166 3332 Spanhern.
1185 3249 1223 3309 de
1239 3243 1291 3306 usu
1305 3269 1346 3285 --

326 3371 418 3412 num.
449 3349 516 3412 diis.
544 3364 595 3429 13.
620 3373 652 3432 p.
678 3353 762 3430 603.
807 3351 964 3412 Harduini
987 3371 1080 3433 opera
1105 3349 1216 3411 selecta
1238 3369 1267 3430 p.
1295 3357 1345 3418 77·

326 3451 484 3516 Prideaux
505 3452 542 3511 ad
559 3471 715 3513 marmora
735 3454 943 3514 Arundeliana
967 3475 998 3516 n.
1021 3463 1101 3528 135.
1125 3472 1157 3532 p.
1177 3464 1259 3526 50¹·
1281 3443 1344 3529 (od-

333 3549 460 3634 1732.)
486 3553 541 3632 qui
557 3553 670 3632 probat
684 3551 781 3616 voffii
798 3555 1053 3636 explicationem,
1076 3551 1218 3612 Norisrus
1233 3551 1267 3610 ad
1284 3567 1346 3606 ccu-

326 3655 418 3735 toph.
442 3652 543 3714 Pisau.
565 3653 632 3715 diss.
657 3671 688 3718 2.
720 3675 747 3716 c.
778 3677 807 3716 t.
837 3677 869 3736 p.
895 3673 955 3734 90.
996 3655 1128 3714 Vaillaut
1151 3655 1185 3712 iu
1207 3645 1343 3712 numism.

326 3756 423 3817 acreio
445 3757 560 3836 lmper.
584 3787 631 3801 -
657 3756 691 3815 in
711 3757 844 3818 coloniis
867 3755 903 3819 P.
931 3775 961 3819 1.
988 3775 1021 3836 p.
1045 3751 1090 3828 67
1108 3753 1150 3835 sq.
1183 3766 1218 3812 ut
1240 3765 1344 3812 taceam

327 3858 420 3926 aliua.
455 3871 488 3918 et
513 3875 591 3936 quae
613 3853 737 3918 Vossius
761 3859 795 3917 in
821 3871 897 3918 nota
921 3854 1073 3937 exposuit.
1126 3855 1225 3918 Plinii
1250 3865 1344 3912 tamen

326 3961 435 4030 fidem,
462 3959 581 4039 quippe
600 3959 653 4039 qui
674 3979 742 4019 rem
760 3956 811 4020 sua
835 3971 935 4020 aetate
954 3955 1066 4019 factam
1083 3955 1288 4038 persequatur,
1316 3960 1345 4006 et

326 4062 518 4123 Traductaru
535 4060 695 4142 duplicem
710 4079 840 4142 ponere,
865 4079 996 4142 quarum
1012 4059 1088 4120 haec
1110 4059 1142 4118 in
1162 4050 1345 4118 Mauretania

328 4165 504 4247 quaerenda
524 4161 577 4234 fit,
612 4160 766 4224 adstruere
786 4177 918 4226 conatur
941 4161 984 4226 est
1006 4159 1130 4224 Eckhel
1153 4161 1188 4222 iu
1212 4153 1345 4220 doctriua
