2810 4944
379 435 467 492 tro.
495 437 533 490 n.
577 435 609 494 c.
631 435 696 496 vn·
739 435 764 504 l·
790 433 820 492 6·
1055 443 1119 516 493

78 605 226 680 haberer.
244 605 325 690 'quo
348 609 518 672 commode
545 605 723 672 referretur.
774 607 801 670 A
828 625 909 672 voce
933 609 1045 672 Parva
1069 629 1119 674 ca·

78 723 136 790 put
158 722 217 790 54.
239 711 356 794 incipit
375 713 518 776 vinetus.

156 912 382 998 Canopos)
432 913 516 1000 Lipi.
546 913 638 1000 Prag.
671 912 843 994 Canopon
879 913 988 978 Cibin.
1015 913 1117 978 Caue-

79 1035 158 1094 por,·
186 1017 238 1075 alii
266 1017 432 1096 Canopos,
456 1017 544 1098 quod
564 1033 596 1078 et
620 1015 799 1098 praeferunt
822 1017 991 1078 editiones.
1042 1019 1116 1078 1³0st

80 1115 162 1196 Lips.
189 1117 365 1198 Canopum
390 1119 480 1202 Prag.
501 1119 669 1198 Cuuapos;
695 1119 844 1180 Ciaccon.
868 1119 1038 1194 Canopon
1064 1120 1117 1180 alii

83 1216 254 1297 Canopus,
280 1219 403 1282 uterld.
427 1240 456 1282 ι.
479 1235 512 1282 2.
529 1239 563 1298 9.
592 1239 646 1281 rr.
676 1233 729 1298 13.
782 1219 845 1280 Pro
867 1237 905 1279 eo
923 1220 997 1280 edd.
1022 1233 1053 1296 3.
1079 1235 1114 1302 sp.

83 1334 115 1399 5·
133 1321 167 1382 6.
187 1335 219 1392 7.
238 1331 273 1396 3.
296 1339 351 1382 ιο.
378 1335 432 1384 ια.
455 1331 510 1402 14.
533 1321 679 1402 reliquae,
704 1339 780 1381 cum
800 1323 914 1382 Viueto
931 1333 962 1380 et
980 1321 1115 1383 Schotto

84 1419 245 1484 Canobus.
297 1417 421 1483 Voffiur
440 1423 603 1484 revocavit
622 1423 783 1501 Canopus,
807 1421 891 1504 quod
907 1421 1117 1483 reddiderunt

80 1521 280 1603 posteriores.
335 1525 399 1583 lam
422 1523 500 1584 olim
524 1537 647 1585 veterer
668 1521 882 1584 inscribendo
901 1521 961 1584 hoc
981 1525 1116 1586 nomine

80 1621 261 1692 dirlenlille.
287 1623 413 1684 discitur
428 1645 466 1686 ex
481 1625 645 1708 Stephano
663 1624 695 1686 h.
712 1645 745 1686 v.
772 1625 858 1684 unde
873 1625 983 1686 eadem
1000 1627 1117 1706 repetit

80 1723 263 1787 Eustarhiue
285 1727 323 1784 ad
342 1725 474 1806 Dionys.
493 1747 524 1788 v.
546 1747 600 1790 ιι.
627 1737 660 1787 et
684 1727 900 1810 Etymologiui
921 1725 968 1786 Μ.
989 1739 1116 1788 auctore

78 1845 110 1906 p.
129 1837 218 1906 489.
241 1827 275 1888 h.
294 1847 327 1888 r.
354 1829 409 1909 qui
433 1841 537 1890 tamen
557 1849 581 1888 π
603 1829 718 1888 rectius
733 1827 876 1888 adbiberi
896 1825 1034 1895 censent.
1060 1827 1117 1888 etli

79 1947 134 2008 per
149 1925 174 2000 β
189 1929 286 1988 etiam
302 1928 336 1988 iu
350 1927 456 2010 priscis
471 1929 650 1990 auctoribus
669 1929 731 2012 legi
748 1947 814 1990 nou
831 1941 959 2010 negant.
1011 1929 1053 1990 Et
1077 1927 1116 1990 lic

77 2027 267 2090 hodierum
290 2035 432 2114 cognatis
453 2031 589 2092 occurrit
605 2031 639 2090 in
658 2032 785 2100 multia,
814 2031 914 2092 veluti
935 2029 1116 2097 Herodoto.

80 2129 255 2208 Aeschylo,
288 2131 443 2192 Strabone
469 2133 617 2214 aliisque,
652 2147 780 2213 queret
806 2129 929 2192 secutus
951 2130 993 2192 est
1009 2129 1117 2194 Ptole·

78 2251 188 2292 macne
207 2243 242 2312 sp,
265 2243 298 2310 5.
349 2231 401 2296 cf.
419 2231 579 2295 Fischerue
593 2235 631 2294 ad
649 2235 762 2294 Aruer.
782 2245 839 2310 52,
859 2249 916 2296 20.
942 2231 997 2290 ubi
1020 2233 1116 2294 etiam

78 2331 103 2409 β
124 2333 232 2394 exstat.
283 2333 394 2396 Suidar
412 2335 446 2396 h.
463 2355 494 2396 r.
515 2334 609 2396 habet
624 2336 752 2416 quidem
775 2357 810 2404 rr,
836 2332 886 2394 led
908 2333 985 2392 duur
1007 2333 1117 2394 locunt

80 2455 117 2495 ex
133 2437 284 2518 Diogene
303 2437 435 2516 repetit,
461 2434 555 2498 refert
569 2439 771 2518 antiquorum
792 2433 835 2510 β,
865 2435 903 2494 od
918 2434 1003 2514 quod
1019 2437 1117 2495 etiarn

80 2537 233 2596 relabitur
248 2537 438 2618 Stephanus.
475 2541 513 2598 lu
529 2539 654 2617 Scylace
675 2557 707 2618 p.
727 2547 786 2618 43.
809 2533 909 2598 lluoi.
932 2555 987 2616 per
1001 2557 1026 2596 rr
1049 2535 1119 2596 leri·

79 2637 183 2708 bitur,
221 2636 271 2698 sed
294 2639 327 2698 in
349 2639 464 2700 eodem
489 2659 519 2720 p.
545 2651 603 2716 51.
626 2637 799 2720 praefertur
818 2636 861 2712 β,
893 2637 983 2696 cuiue
1010 2651 1116 2698 tamen

78 2739 308 2801 inconstantiae
330 2739 420 2821 culpa
448 2741 481 2799 in
508 2739 650 2802 librarios
680 2741 803 2822 potius.
834 2757 930 2820 quam
953 2737 987 2795 in
1014 2735 1117 2816 ipsum

78 2843 204 2902 recidit.
265 2839 385 2902 Contra
416 2843 522 2901 Latini
552 2859 680 2910 omues,
722 2841 808 2921 quod
839 2837 987 2918 equidem
1013 2835 1117 2916 scinu,

79 2942 259 3004 constanter
274 2953 408 3002 utuntur
423 2965 446 3020 p
464 2955 495 3003 et
513 2943 574 3004 line
591 2943 743 3002 librorum
758 2939 976 3023 repugnantia.
1018 2939 1117 2998 lleero

79 3045 177 3127 igitur
199 3042 371 3123 repositum
396 3043 438 3104 est
462 3043 624 3120 Canopus.
650 3043 736 3124 quod
761 3045 886 3102 codices
910 3053 1062 3120 praeeunt
1085 3052 1119 3100 et

78 3149 248 3225 utriusque
270 3145 412 3206 neminie
432 3165 532 3206 uexue
552 3139 721 3204 artill'unur
747 3141 864 3203 suadet.
916 3141 945 3200 T
948 3141 1116 3202 erruiuatio

78 3247 111 3306 in
131 3268 185 3316 os,
219 3265 314 3327 quarn
333 3247 372 3306 de
394 3245 528 3306 homine
550 3247 674 3306 codices
693 3245 821 3326 quidam
839 3241 1026 3310 ostendunt,
1062 3241 1118 3302 etli

77 3367 115 3408 ex
140 3349 261 3408 Graeca
281 3347 404 3409 ratione
430 3347 535 3408 valere
561 3347 657 3410 etiam
681 3341 793 3428 polilt,
825 3347 925 3426 magio
950 3357 1057 3402 tarnen
1083 3345 1117 3402 in

78 3451 194 3512 iisdem
216 3449 362 3508 locorum
383 3447 572 3510 nominibus
587 3447 812 3528 frequentatur.
863 3447 1014 3506 Ceterum
1032 3465 1117 3524 prae·

78 3564 161 3612 terea
186 3549 370 3612 vindobon.
394 3550 446 3610 dat
464 3547 599 3618 obviam,
627 3549 734 3610 Cibin.
755 3545 924 3628 Mutrium
957 3545 1041 3607 Gud.
1066 3543 1119 3604 nbi·

73 3645 175 3742 forte.
216 3653 305 3712 Tum
326 3651 382 3712 illa
403 3652 527 3712 omittit
550 3651 689 3714 Vindob.

152 3875 262 3916 nuuc
287 3851 593 3935 Alexandriae)
642 3853 793 3914 Eundem
809 3850 929 3912 horum
943 3846 1118 3908 verborum

82 3957 227 4018 ordinem
263 3969 376 4017 tenent
403 3957 551 4018 Ciaccou.
578 3967 611 4017 et
637 3957 798 4036 plerique,
831 3969 910 4032 quoe
942 3949 1117 4030 inspexerat

82 4059 116 4120 l.
134 4059 334 4126 Gronovius,
360 4077 398 4118 ex
415 4059 496 4118 meir
513 4055 597 4140 Lipi.
620 4057 704 4118 Gud.
722 4057 820 4115 Varie.
836 4051 1009 4134 llehdiger.
1031 4057 1118 4132 (tan-

83 4173 147 4224 turn
166 4161 220 4222 hic
248 4161 367 4242 phylos
388 4158 485 4221 habet
507 4177 570 4242 pro
585 4155 723 4242 ulnus)
749 4157 841 4241 Prag.
869 4151 978 4218 Cibin.
1003 4151 1117 4215 vener.
