2752 4944
311 407 370 474 ¹9²
608 391 848 454 POMPONH
884 391 1047 450 Menan

251 599 261 616 ·
385 564 620 648 Autronio)
658 565 740 647 Lipi.
764 565 914 628 ateronta.
953 567 1038 630 Edd.
1061 579 1184 630 veteres
1207 586 1351 648 cumque

308 671 348 732 iie
373 687 407 747 9.
438 688 491 728 ιι.
525 668 724 740 Animum
766 667 921 730 Schottue
954 671 1089 730 Antron.
1145 687 1349 730 'rzecnvcnu

308 769 519 836 Scribendum
536 769 694 830 Autronio
710 769 772 828 iiue
787 769 818 829 Ι.
859 769 939 830 Vrbe
958 783 1064 830 autem
1081 770 1159 830 haec
1174 783 1205 830 et
1221 773 1350 830 Antron

246 911 248 918 ι
311 885 453 936 vocatur.
487 889 673 932 aaaaanvs.
716 869 928 932 scribendum
948 873 1082 942 Antron,
1106 890 1174 932 non
1188 871 1350 932 Autronio

309 993 349 1036 ex
371 972 543 1042 Strabone,
578 966 652 1058 [lib.
676 988 710 1050 9.
736 992 769 1052 p.
789 989 871 1048 299.
890 970 911 1033 s.
929 967 1038 1058 433]
1064 971 1246 1054 Stephano.
1284 972 1350 1032 lio·

309 1093 410 1136 mero.
448 1069 559 1158 [iia.
585 1069 688 1160 693]
731 1091 928 1134 arnnrnnva.
980 1076 1103 1133 Antron
1125 1075 1235 1154 utique
1260 1073 1350 1132 usna·

309 1177 384 1236 tiori
401 1173 500 1234 forma
521 1175 645 1236 dieitur.
696 1174 758 1234 Sed
777 1193 851 1234 cum
867 1175 983 1234 variata
1006 1175 1233 1234 terminatione
1253 1173 1349 1233 nrbes

309 1279 478 1358 adpareant
501 1277 636 1346 nnritae.
671 1289 703 1336 et
730 1275 826 1353 hauc,
860 1293 899 1334 ex
925 1285 1051 1336 auctore
1079 1272 1205 1335 fortiten
1229 1274 1347 1334 Graeco

308 1379 446 1446 ductam.
475 1376 649 1438 constanter
670 1389 817 1436 tueantur
836 1375 919 1445 libri,
946 1377 1187 1446 mutuemini,
1214 1377 1299 1456 qnod
1317 1389 1348 1436 et

310 1481 390 1542 olim
425 1477 555 1538 suaserat
586 1477 728 1539 Hoisten.
757 1479 794 1538 ad
825 1477 1022 1558 Stephanum
1046 1499 1078 1559 p.
1105 1489 1163 1554 58.
1215 1479 1270 1539 Sic
1291 1477 1347 1535 alia

309 1578 411 1642 forma
446 1581 574 1660 qnidam
607 1575 775 1662 ’Λντρῶνες
803 1579 967 1647 dixerunt,
1008 1579 1047 1638 de
1081 1598 1145 1658 quo
1178 1591 1346 1638 monuerat

308 1681 420 1745 Strabo
444 1701 472 1742 c.
495 1681 515 1741 l.
544 1681 705 1760 inquibus
723 1679 952 1740 Demosthenes
969 1680 1003 1738 in
1019 1680 1138 1760 Philip.
1155 1689 1191 1758 tp.
1212 1701 1245 1760 p.
1270 1700 1279 1736 ι
1290 1691 1344 1756 53.

308 1785 360 1845 ed.
385 1780 468 1862 Lipi.
505 1781 616 1842 suidas
642 1782 673 1840 h.
696 1803 729 1842 v.
781 1781 828 1841 lta
851 1799 928 1842 vero
952 1777 1032 1842 inita
1055 1783 1083 1860 §.
1102 1781 1136 1844 6.
1160 1781 1343 1848 Brauronia,

308 1904 387 1966 quae
407 1884 475 1944 aliia
496 1881 641 1944 Bronton
665 1893 807 1944 vocatur.

383 2083 656 2164 Phthiotide)
707 2084 812 2146 Vatic.
841 2105 869 2147 1.
901 2082 1007 2148 Cibin.
1030 2084 1215 2158 Pretorium
1260 2081 1341 2144 Gnd.

309 2185 463 2257 thionne,-
498 2185 641 2246 vindob.
665 2185 822 2263 phiott'ci‚·
852 2187 944 2268 Prag.
964 2187 1143 2267 protiteott}
1170 2186 1340 2266 Rehdiger.

306 2287 439 2368 phyton
478 2285 572 2346 Paris.
600 2303 632 2348 ιι.
655 2287 799 2365 partor&
838 2287 923 2368 Lips.
953 2287 1152 2370 Augustinor.
1181 2285 1341 2367 pirintide,·

308 2387 412 2448 Vatic.
438 2402 471 2464 3.
504 2387 658 2464 phtlriota'.
717 2389 800 2450 Edd.
837 2408 866 2450 ι.
904 2407 938 2466 9.
971 2388 1129 2450 Phiott'de.
1184 2387 1340 2467 Syllabam

307 2489 474 2558 ultimam,
507 2507 601 2568 qnam
627 2489 679 2548 hic
706 2489 834 2568 quidam
859 2489 1048 2559 detrahunt,
1082 2490 1247 2570 proximae
1271 2488 1340 2546 voci

306 2591 440 2651 addunt.
491 2590 577 2650 Hinc
598 2590 735 2650 Vindob.
758 2589 797 2648 de
820 2591 946 2666 picium
982 2589 1084 2650 Vatic.
1106 2603 1138 2668 3.
1166 2592 1256 2673 Prag.
1277 2587 1340 2648 De·

309 2691 398 2763 thim
430 2689 601 2774 Rehdiger.
627 2689 776 2768 deptht'a,·
803 2688 895 2752 Parii.
923 2707 953 2752 2.
979 2689 1137 2762 Deitht'o,·
1162 2693 1236 2752 edd.
1254 2703 1285 2766 5.
1307 2704 1338 2764 9.

313 2812 369 2854 ιι.
392 2792 534 2862 Plotium
574 2789 771 2875 Augustinor.
793 2793 910 2869 phitio.
961 2793 1040 2852 Vera
1063 2790 1222 2873 scriptura,
1257 2789 1338 2870 i'npra

306 2895 403 2956 etiarn
426 2893 603 2974 depravata.
630 2913 669 2956 ex
686 2893 812 2954 Graecia
834 2890 962 2955 constat.

383 3095 422 3154 in
455 3092 615 3156 Doride
636 3127 685 3140 —
707 3091 924 3172 Erinenm)
983 3092 1106 3156 Abinnt
1138 3095 1217 3158 haec
1246 3091 1334 3154 verba

307 3193 345 3256 ab
369 3195 518 3255 omnibns
537 3189 716 3266 Voffiania,
757 3195 862 3256 Vatic.
892 3195 999 3258 Cibin.
1027 3195 1108 3276 Lipi.
1138 3197 1222 3258 Gud.
1251 3197 1333 3274 l’rag.

306 3296 480 3377 Rehdiger.
506 3295 708 3378 Angui'tinnr.
732 3295 874 3357 Vindob.
892 3295 1006 3359 Venet.
1032 3297 1137 3358 Havn.
1160 3282 1333 3376 montagis

306 3393 481 3477 agnoscunt
508 3397 580 3456 edd.
610 3416 638 3458 ι.
665 3412 698 3458 2.
725 3411 758 3475 3.
779 3407 814 3464 tt.
839 3411 870 3472 5.
895 3398 928 3460 6.
955 3412 987 3472 7.
1008 3409 1042 3475 8.
1064 3417 1098 3476 9.
1126 3419 1180 3461 10.
1208 3420 1259 3458 ιι.
1283 3412 1330 3456 re.

313 3509 367 3574 ¹5·
395 3505 451 3573 alp.
481 3509 533 3570 ¹5·
564 3511 617 3569 17.
648 3515 701 3578 19.
727 3513 784 3558 no.
810 3511 868 3575 23.
919 3497 1046 3560 Primus
1076 3497 1206 3560 inseruit
1228 3497 1332 3558 Vadia·

307 3616 367 3658 nus
389 3611 421 3656 et
446 3595 645 3677 sequentibus
668 3599 812 3668 tradidit,
842 3613 997 3660 renuente
1021 3615 1126 3660 temen
1151 3597 1331 3662 Reiooldina

307 3697 347 3760 Δ.
371 3697 556 3760 Gronovius
580 3697 619 3758 ab
643 3699 693 3761 ed.
719 3709 780 3778 44.
812 3700 990 3760 minoribus
1027 3701 1125 3762 iiterie
1151 3702 1329 3781 distinguere

307 3800 423 3878 coepit.
477 3799 546 3860 Soli
565 3811 626 3860 trea
649 3797 830 3860 Pariiienies
851 3801 1004 3862 exhibent
1024 3801 1136 3862 verba:
1164 3804 1196 3862 in
1212 3793 1329 3862 Doride

305 3897 441 3967 Pt‘ndns,
467 3900 595 3960 exclusis
610 3901 749 3981 reliquis.
773 3901 925 3962 AErt'neon
945 3901 1109 3963 vadianus
1128 3915 1160 3962 et
1181 3898 1345 3978 Oiivarint

307 3997 473 4062 cuminis.
512 4019 714 4062 rzscnvcna.
767 4003 931 4084 Expende,
962 4023 1001 4062 an
1022 4003 1193 4086 legendum
1212 4003 1244 4060 iit
1264 3997 1328 4056 stin·

246 4121 252 4128 ·
307 4099 378 4171 rins,
407 4101 525 4171 Boeon,
556 4103 730 4184 Gytt'nt'nrm
756 4103 902 4184 Erineos,
935 4102 1037 4166 Doris
1063 4107 1150 4166 enim
1176 4095 1328 4178 ren-apolis
