2880 4940
283 399 346 464 332
586 387 829 446 rourourr
872 389 1037 446 nanto

286 561 435 626 demeto.
471 579 670 624 rrarrauvr.
703 559 771 624 Alit
787 573 818 622 rt
834 554 975 646 fitentur)
1020 563 1118 625 Forte
1135 561 1257 626 atteia
1265 559 1322 650 f*

287 685 373 736 uren,
405 665 459 726 rel
488 677 519 726 et
543 655 723 756 superfluit.
777 663 860 726 Aliaa
886 663 980 724 aliter
997 686 1111 746 pyrum
1133 679 1167 726 et
1192 668 1324 728 minore

288 785 499 830 ctttcorttra.
552 767 638 850 Lego
660 763 720 826 alit
740 777 771 826 et
784 759 906 846 flumen
930 765 1063 828 unitura.
1116 768 1176 828 Vel
1199 768 1331 828 αΙιιιιιπτ
1435 821 1436 830 ,

285 869 379 950 pluro
401 881 432 929 et
449 869 570 930 minora
591 864 727 948 qudem.
763 867 862 928 Aliter
877 867 971 948 paulo
990 868 1174 932 Pintianua.
1207 887 1333 930 reflor-

288 989 361 1034 tvt.
403 969 500 1030 Valde
515 965 712 1030 deformatur
729 967 826 1032 locut.
861 968 953 1030 Prius
968 967 1008 1030 su:
1023 969 1210 1054 legebatur:
1238 971 1334 1030 aliter

286 1073 391 1152 pirum
411 1083 442 1132 et
464 1073 587 1130 minora
606 1067 730 1152 quidem
751 1068 884 1130 eiusdem
902 1082 1008 1132 tomen
1029 1075 1149 1151 generis
1173 1071 1334 1131 nrrimnr'in
1435 1101 1436 1112 κ

278 1163 366 1262 fert.
411 1171 503 1232 Vnde
527 1169 700 1254 legendum
718 1169 858 1240 vitietur,
880 1169 940 1232 ulit
960 1193 1130 1253 papyrum.
1174 1175 1334 1234 Attamen

288 1293 360 1336 cum
377 1273 494 1356 optimi
508 1285 540 1334 et
554 1265 760 1352 antiquissimi
776 1273 899 1334 codice·
914 1273 1062 1342 habeant.
1080 1275 1176 1336 attrer
1196 1287 1334 1352 putant.

287 1375 424 1438 omnino
447 1373 486 1436 stc
506 1371 650 1454 scripsisse
673 1371 790 1434 Melam
813 1373 974 1444 existimo,
1000 1374 1057 1434 ulit
1082 1388 1114 1436 et
1132 1375 1336 1454 pudonr‚,et

288 1477 413 1538 utiliora
432 1474 575 1558 quidem.
602 1473 735 1534 rirtsdem
760 1487 865 1534 taenen
889 1477 1010 1556 generis
1030 1477 1198 1538 animalia.
1243 1477 1336 1538 Puda

287 1579 340 1640 vel
358 1577 442 1638 burla
464 1575 507 1638 esl
530 1595 677 1659 papyrus.
730 1575 846 1638 Arabes
863 1577 997 1638 enimet
1016 1580 1166 1660 Aegyptii
1189 1579 1335 1658 plantam

289 1679 372 1742 hanc
388 1677 462 1738 hercl
481 1679 533 1740 vel
552 1680 658 1760 potius
678 1673 757 1736 hurd
777 1677 946 1760 appellant.
998 1677 1083 1738 Hinc
1098 1676 1202 1736 burda
1226 1678 1336 1770 ert't'tt'

288 1781 372 1864 apud
400 1779 616 1864 Augustinum
645 1772 754 1864 [epist.
773 1790 833 1856 88.
865 1779 921 1840 ubi
943 1779 1147 1840 Benerlictiui
1170 1801 1212 1840 ex
1238 1781 1333 1842 MSS.

288 1883 446 1966 plerisque
467 1883 626 1942 dederunt
647 1877 747 1948 buda.
774 1900 853 1960 quoe
873 1879 1018 1952 cousule3
1052 1883 1132 1940 item
1158 1882 1330 1964 Angustia.

288 1999 395 2046 comta
406 1981 611 2045 Cresconium
628 1981 683 2044 lib.
697 1995 728 2060 3.
745 2001 812 2062 cap.
830 1977 911 2070 48.]
933 1995 965 2044 et
981 1985 1014 2042 in
1031 1984 1107 2044 vitio
1121 1984 1330 2046 Sanctorum.

288 2083 441 2148 Crebrius
461 2097 566 2144 tamen
587 2081 705 2143 budam
721 2084 849 2154 dicunt,
875 2085 1086 2166 accipiturque
1105 2084 1171 2146 hoc
1193 2085 1333 2146 vocabu·

286 2185 355 2248 lunt
382 2203 439 2268 pro
462 2185 619 2268 [lugolli.
651 2187 823 2254 tomentis‚
858 2185 963 2248 storeis
982 2185 1104 2266 aliaque
1127 2183 1331 2267 supellectili,

287 2305 366 2369 quae
387 2307 404 2348 e
426 2307 544 2370 papyro
566 2283 695 2347 constat.
747 2286 864 2346 Verum
880 2301 913 2348 nt
929 2287 1088 2366 ellychnia
1104 2307 1145 2348 ax
1164 2289 1331 2350 hortativa

287 2407 407 2472 papyro
425 2389 502 2450 olim
520 2385 654 2458 stabant,
681 2388 729 2448 uti
747 2387 844 2468 liquet
868 2409 907 2450 ex
930 2389 1159 2471 epigrammate
1180 2391 1327 2458 necdum,

287 2493 373 2574 quotl
398 2488 505 2560 sciam,
532 2490 638 2552 erlito:
666 2483 776 2575 [nuno
797 2491 829 2548 in
854 2491 1030 2550 Burmanni
1051 2490 1186 2552 Anthol.
1206 2491 1276 2551 [at.
1296 2503 1330 2566 5,

294 2607 374 2672 139.
399 2613 430 2674 p.
446 2593 530 2672 462.
564 2591 619 2652 ubi
644 2591 731 2673 plura
754 2592 794 2652 rln
816 2583 922 2676 hudo]
965 2588 1014 2652 Vt
1040 2582 1159 2651 druot'o
1181 2594 1247 2670 piis
1270 2591 1334 2652 clo·

288 2685 413 2784 rescaut
434 2693 553 2754 lurur'rro
576 2693 703 2772 templis
724 2693 887 2752 Niliacum
918 2693 1002 2754 texit
1028 2713 1116 2752 ceren
1139 2692 1255 2752 lanum
1279 2691 1334 2752 bu·

289 2795 376 2858 riom.
427 2795 578 2876 Congruit
610 2785 771 2884 votiferur
803 2785 970 2883 submittit
1009 2790 1129 2872 pabula
1159 2788 1333 2878 flammae,

291 2895 382 2990 Quor
405 2894 501 2988 costis
529 2893 643 2972 apibus
673 2892 819 2974 praebuit
839 2907 915 2956 outa
940 2894 1060 2956 domos.
1111 2895 1204 2954 lrlenr
1237 2897 1334 2976 paulo

289 3013 380 3060 ante:
408 2997 513 3058 tanea
534 2997 758 3076 paludigennm
775 2995 903 3088 ¹urfiivt't
922 3017 993 3056 cera
1010 3015 1177 3076 papyrum.
1216 2997 1335 3058 Graeci

289 3095 441 3186 φλόμους
463 3099 515 3162 vel
539 3093 700 3186 φλώμους
720 3099 791 3158 talia
814 3111 932 3158 vocant
952 3097 1124 3176 ellychnia,
1159 3097 1237 3160 teste
1258 3099 1337 3160 Pol·

287 3199 368 3268 luce.
391 3195 446 3288 [6.
470 3199 564 3278 13.s.
587 3215 665 3280 103.
692 3213 724 3260 et
742 3219 796 3269 ro.
816 3201 872 3262 26.
888 3197 909 3262 s.
930 3191 1033 3284 ¹¹5·]
1059 3201 1210 3278 quamvis
1229 3201 1335 3284 vulgo

289 3295 442 3388 φλογμὸς
457 3301 542 3384 apud
565 3302 655 3362 illum
677 3302 807 3385 legatur.
860 3301 931 3364 Hor.
951 3300 1073 3360 nonde
1094 3299 1245 3362 verbasco
1263 3303 1335 3362 vul-

288 3405 354 3488 gari
377 3403 618 3486 accipiendum
661 3423 764 3484 neque
789 3404 876 3464 enim
901 3415 981 3484 puto
1008 3400 1092 3482 posse
1117 3421 1157 3462 ex
1178 3401 1237 3463 illo
1263 3405 1334 3464 fieri

288 3503 464 3584 ellychnia;
507 3503 558 3566 sed
589 3508 629 3567 de
657 3506 753 3586 phleo
777 3503 830 3564 seu
859 3503 923 3587 ipsa
947 3521 1085 3584 papyro,
1120 3504 1208 3562 unde
1231 3507 1332 3564 etiam

288 3605 388 3668 velles
414 3605 469 3668 libi
493 3607 704 3668 conficiebant
718 3607 879 3690 Aegyptii.
927 3605 1010 3668 Sane
1029 3619 1122 3664 vetur
1142 3603 1332 3668 Scholiasta

288 3709 326 3770 ad
350 3708 594 3770 liexahemeron
609 3707 731 3778 Basilii,
756 3709 813 3768 ubi
830 3709 870 3768 do
885 3705 959 3766 urlia
977 3707 1057 3788 agit,
1083 3699 1218 3790 φλόμον
1235 3709 1333 3768 inter-

289 3823 430 3892 pretatur
452 3829 615 3892 papyrum.
671 3811 788 3870 Verum
810 3809 850 3870 de
871 3809 922 3868 hia
943 3807 1034 3878 alias,
1065 3807 1192 3886 quando
1214 3807 1255 3868 de
1280 3829 1331 3889 pa·

289 3931 369 3994 pyro
394 3931 536 3995 agemus.
589 3909 690 3972 Porro
723 3912 824 3991 pullae
854 3908 1046 3970 vocabulum
1071 3907 1167 3968 exstat
1197 3929 1330 3990 quoque

289 4013 371 4095 apud
394 4013 555 4084 Ennium,
581 4015 727 4094 quamvis
750 4032 815 4072 non
837 4011 1044 4070 intellectum.
1082 4009 1239 4071 Citatura
1259 4013 1332 4070 Var-

288 4133 367 4177 rone
382 4115 437 4178 lib.
456 4115 490 4178 6.
513 4115 553 4176 de
571 4115 607 4178 L.
626 4115 663 4176 L.
680 4113 726 4196 [p.
740 4127 798 4195 49.
816 4116 850 4174 iu
867 4109 1058 4176 Gothosrerli
1075 4125 1211 4174 auctorr.
1228 4113 1264 4174 L.
1275 4113 1330 4196 L]
