2792 4940
307 457 365 520 250
603 443 849 504 ronrourr
891 441 1056 501 nanta

307 620 418 682 mittit.
457 615 554 704 Quod
576 617 690 684 lavero
711 620 782 704 quia
800 619 874 682 ideo
897 617 1108 680 reiiciendum
1129 627 1231 700 putet,
1256 611 1347 696 qumi

307 741 463 804 nusquam
492 735 651 804 praeterea
679 721 811 808 legitur,
849 721 940 804 plura
961 719 1132 782 reiicienda
1153 729 1207 777 aut
1229 717 1350 777 immu-

309 819 402 884 tan'da
421 823 498 910 lint,
524 839 603 905 quae
623 821 719 886 semol
738 835 863 886 tantum
881 825 915 883 in
931 821 1043 884 nolitia
1057 817 1239 880 auctoribua
1257 837 1350 898 repe·

308 925 444 986 riantur.
497 925 605 1008 Quare
637 929 735 986 etiarn
765 925 917 1009 probavit
946 921 1139 985 Arntzeniua
1164 917 1201 980 ad
1229 917 1353 980 Aurelii

308 1028 426 1107 opina
458 1036 513 1106 14.
535 1025 568 1090 6.
601 1041 634 1087 et
658 1028 712 1087 alii
733 1027 800 1108 poll
822 1021 1054 1088 Voffiumcmn
1076 1019 1144 1104 iplo
1167 1018 1352 1089 Gronovio‚

308 1127 518 1210 probantibus
547 1127 659 1190 multia
690 1129 794 1198 libris,
828 1138 1031 1210 exceperunt.
1095 1121 1247 1187 Ceterum
1280 1117 1353 1180 sub·

307 1227 489 1320 iectumest
511 1248 578 1291 non
595 1228 713 1291 babent
732 1227 826 1292 Parii.
847 1243 880 1308 3.
903 1226 989 1290 Gnd.
1010 1223 1151 1288 Vindob.
1172 1235 1205 1286 et
1220 1221 1295 1286 edd.
1320 1241 1353 1287 1.

310 1343 344 1412 5.
365 1343 401 1410 4.
418 1327 451 1395 6.
472 1345 505 1408 7.
523 1343 557 1411 ss.
579 1347 615 1412 9.
643 1349 698 1394 ιο.
722 1344 754 1394 ot
775 1333 852 1392 aliae
874 1330 991 1412 plurea.

384 1545 422 1594 et
446 1523 628 1623 factus)
676 1529 728 1597 Ta*
746 1547 777 1596 ot
800 1535 948 1618 ignorant
964 1527 1049 1612 Lipl'.
1071 1541 1105 1593 et
1120 1527 1193 1592 eod.
1213 1539 1270 1607 39.
1286 1533 1354 1604 40.

310 1641 370 1716 (μ.
396 1645 457 1716 42.
508 1635 593 1694 Tum
616 1635 741 1698 codices
763 1633 801 1696 ab
824 1637 860 1698 Α.
887 1633 1057 1696 Gronovio
1087 1629 1221 1692 consulti
1243 1641 1354 1701 acoris,

309 1736 416 1797 Atlans
438 1735 491 1795 vel
510 1735 623 1798 Arms.
659 1735 805 1800 Ciaocon.
823 1735 1025 1820 Augustinor.
1040 1732 1180 1794 Vindob.
1203 1727 1298 1792 Paris.
1317 1743 1355 1810 3.

310 1849 423 1908 actum
460 1834 555 1897 Paris.
579 1851 612 1898 a.
643 1837 725 1900 Voll'.
751 1851 784 1917 3.
807 1829 949 1926 *foetum
990 1833 1073 1916 Lipl.
1100 1837 1211 1894 Venet.
1242 1833 1356 1896 Havn.

309 1923 403 2022 Pragl
428 1937 602 2022 Rebdiger.
634 1939 754 2012 Athos,·
797 1941 905 2002 Cibin.
933 1936 1031 2002 Paris.
1062 1958 1091 2000 ι.
1124 1936 1224 1997 Vatic.
1254 1953 1284 1997 ι.
1317 1947 1355 2012 5.

310 2037 396 2100 Gud.
420 2035 533 2100 Atlas.
585 2039 669 2100 Eud.
698 2059 728 2104 1.
752 2055 785 2104 2.
813 2055 845 2120 3.
869 2051 903 2121 4.
924 2051 957 2118 5.
982 2041 1015 2104 6.
1038 2055 1071 2120 7.
1093 2049 1127 2115 8.
1153 2058 1187 2122 ι).
1213 2055 1268 2099 ιο.
1291 2055 1354 2100 ιι.

313 2155 370 2201 12·
395 2151 449 2216 ¹3·
474 2147 528 2217 ¹4·
559 2149 614 2216 ¹5.
635 2155 690 2220 ²7·
710 2159 764 2219 19.
790 2159 847 2206 20.
869 2155 925 2220 23.
944 2153 1056 2213 actus,·
1084 2139 1252 2206 vadianus,
1281 2135 1356 2197 Oti·

307 2239 414 2300 varius
429 2259 502 2300 cum
520 2237 583 2301 luis
600 2241 759 2302 dederunt
772 2233 901 2332 factus,
934 2244 1020 2323 quod
1038 2241 1152 2321 reliqui
1175 2237 1355 2301 servarunt.

309 2337 383 2401 Post
402 2339 488 2402 Gud.
501 2331 633 2428 [πίνω
659 2341 824 2428 Augustin.
840 2341 1048 2424 navigatum
1071 2341 1181 2406 Cibin.
1203 2339 1356 2418 parvius.

309 2459 516 2502 Tzacnvcrta.
569 2443 690 2504 Factus
717 2479 761 2490 --
790 2443 937 2524 pervius)
1000 2445 1088 2505 Haec
1119 2443 1218 2502 etiam
1250 2440 1357 2502 verba

307 2543 495 2614 tactionum
535 2541 711 2624 Pomponii
740 2547 828 2607 enirn
857 2545 1005 2607 brevitati
1037 2543 1106 2606 satia
1132 2540 1195 2603 fuit
1222 2541 1357 2602 dixiffe:

309 2662 331 2702 a
346 2641 452 2703 Xerxe
473 2645 505 2703 iu
525 2642 640 2704 Graios
662 2645 809 2708 tendente
828 2637 988 2734 perfussus
1010 2645 1356 2724 transnavigatusque.

310 2761 512 2805 atuatauva.
565 2745 665 2808 Aldus
678 2761 711 2810 et
729 2749 837 2827 Antiq.
858 2763 951 2808 aetus
963 2739 1059 2836 freto
1079 2759 1111 2807 et
1128 2747 1164 2806 V.
1178 2743 1216 2807 C.
1253 2743 1358 2806 Forte

243 2869 247 2878 ·
306 2835 470 2932 perfoffiis
490 2857 522 2906 et
531 2835 628 2934 freto
648 2847 826 2929 navigabili
845 2851 989 2928 peruius,
1022 2849 1116 2907 utin
1137 2843 1288 2928 Hispania
1311 2847 1359 2908 do

308 2943 425 3026 Calpur
465 2945 561 3027 atque
594 2947 667 3008 inde
707 2943 847 3042 ingreffis
883 2961 973 3010 totus
1004 2946 1176 3008 admodum
1209 2947 1358 3025 pervius.

307 3043 490 3106 Athenaeus
510 3045 564 3108 lib.
585 3045 618 3109 6.
638 3067 704 3130 cap.
728 3066 761 3123 7.
815 3051 871 3112 Vel
898 3049 1091 3133 lugendum:
1124 3061 1216 3110 totus
1238 3047 1359 3111 etiam.

306 3143 358 3205 Sic
379 3157 412 3205 et
436 3146 579 3226 loquitur
604 3146 693 3229 supra
718 3171 784 3234 cap.
812 3167 845 3213 Ω.
883 3169 1087 3212 craeconrva.
1158 3147 1359 3211 Gloliemata

307 3258 405 3324 puto:
441 3265 462 3305 a
478 3247 584 3306 Xerxe
601 3249 634 3307 in
652 3249 766 3312 Graios
787 3251 935 3312 tendente
950 3242 1109 3340 perfoffus
1127 3263 1157 3312 et
1173 3242 1270 3342 freto
1291 3271 1359 3312 na·

306 3343 441 3424 vigabili
465 3346 602 3427 pervius.
634 3367 818 3414 'acuorrve
846 3352 891 3413 orl
918 3347 1015 3413 verba
1042 3355 1070 3431 §.
1097 3366 1131 3427 7.
1163 3371 1226 3412 non
1257 3353 1359 3413 aravi·

306 3455 389 3524 gata
418 3447 531 3506 maria.
591 3447 655 3511 Pro
683 3449 781 3514 iactus
814 3455 889 3514 libri
917 3455 1047 3536 quidam
1078 3465 1204 3515 veteres
1233 3451 1359 3535 legunt

306 3545 419 3606 Athos.
472 3545 587 3608 Forsan
610 3553 744 3636 margini
767 3555 878 3635 aliquis
894 3553 1109 3636 adscripseratt
1135 3555 1238 3616 Ainos
1249 3543 1359 3642 freto

308 3644 484 3726 navigabili
511 3651 655 3726 pervius,
689 3655 774 3734 quod
801 3655 905 3737 pallea
933 3657 967 3716 in
996 3669 1184 3718 contextum
1213 3655 1357 3734 irrepiit.

306 3740 468 3817 Attamen,
497 3751 654 3812 numiam
675 3753 762 3836 saepe
779 3759 973 3826 monuerim,
999 3777 1095 3838 qnam
1113 3757 1234 3836 ubique
1256 3755 1358 3816 idem

306 3843 356 3905 bia
379 3847 484 3910 dicere
502 3863 590 3911 amet
610 3851 812 3938 Pomponiuo
833 3857 946 3924 noster.
980 3858 1085 3918 nolim
1103 3857 1158 3918 hic
1179 3855 1358 3919 exturbare

305 3945 466 4030 vulgatam
485 3949 668 4024 lectionem.
695 3977 775 4036 quae
792 3979 858 4020 non
874 3959 994 4020 recedit
1016 3979 1033 4019 a
1055 3957 1243 4022 melioribus
1261 3960 1361 4020 corli-

306 4045 413 4119 cibua,
441 4049 498 4110 nisa
519 4053 603 4132 quod
623 4055 734 4118 inillis
753 4079 809 4138 pro
831 4060 1159 4142 cromnavr'gotusque
1180 4073 1213 4120 et
1232 4047 1361 4143 foetus

304 4143 454 4230 seriptum
491 4149 527 4212 fit
561 4157 783 4238 trausiugatns
809 4159 852 4253 est
875 4151 1007 4251 factus.
1046 4181 1193 4226 voaatva.
1251 4159 1364 4226 Certe
