2788 4942
307 400 369 460 sou
559 403 562 412 '
607 401 851 460 POMPONH
887 401 1054 460 Mutae.

307 575 417 644 oovii.
452 573 530 636 dum
552 591 723 658 praeeunte
750 577 923 639 lleinoldio
946 580 980 639 in
1006 577 1056 641 erl.
1083 585 1147 657 44.
1178 589 1212 638 et
1239 578 1340 638 ceteris

307 679 403 740 rediit
422 676 509 756 longi
533 699 607 741 rma.
652 671 824 768 Latiffimo
844 693 950 742 tamen
967 679 1049 742 sorte
1065 677 1129 740 suit
1153 681 1186 738 in
1205 677 1294 740 Paris.
1315 697 1339 739 1.

308 795 341 843 et
367 798 398 842 u.
452 783 492 840 At
519 783 659 860 priorem
687 781 860 842 lectionem
887 801 960 844 curn
987 784 1054 843 aliis
1081 784 1241 862 plerisque
1264 780 1342 839 librlu

308 883 423 964 probat
452 877 517 963 ipse
544 881 661 944 insulae
684 885 848 963 utriusque
869 882 1033 967 adspectu·
1060 898 1095 946 et
1125 901 1286 943 auctorum
1308 882 1342 937 de

309 997 443 1064 utraque
477 986 684 1052 narretiooer.
719 986 899 1046 dummodo
928 999 1092 1056 teneatur,
1128 983 1341 1063 Pomponium

311 1104 381 1148 eam
407 1085 588 1165 quadratam
613 1085 725 1148 iacere.
777 1085 867 1172 Quae
888 1103 997 1149 aurern
1023 1086 1204 1168 singulatim
1226 1085 1343 1144 tradunt

309 1203 464 1258 auctores,
492 1184 547 1250 suo
568 1189 640 1252 loco
657 1203 870 1272 exponentur.
907 1188 973 1253 Pro
994 1185 1128 1282 Corsica
1142 1187 1235 1270 Prag.
1256 1201 1341 1268 prave

307 1309 366 1350 corr
383 1302 444 1352 tta.

378 1483 468 1584 soli
489 1511 608 1578 quum
630 1493 759 1578 coeli)
810 1495 896 1558 Hinc
916 1493 1092 1560 verborum
1116 1494 1262 1558 ordinem
1281 1506 1339 1548 ruu-

307 1603 384 1656 teot'
398 1596 469 1655 libri
494 1599 635 1676 quidam.
694 1597 821 1676 Nempe
844 1597 948 1662 Vatic.
974 1612 1007 1677 5.
1031 1597 1125 1680 Preg.
1156 1595 1232 1656 coeli
1256 1608 1338 1671 otram

302 1687 389 1786 soli,·
415 1695 563 1760 Ciaccon.
585 1697 729 1792 pestilens
750 1719 848 1776 ματη
879 1699 1054 1782 Rehdiger.
1078 1697 1226 1791 pestilens
1244 1693 1338 1772 plener·

308 1797 459 1860 Ciaccoo.
479 1799 587 1861 Cibin.
612 1799 711 1862 Vetic.
732 1799 817 1861 Gud.
841 1799 1017 1882 llehdiger.
1043 1799 1136 1883 Prag.
1165 1795 1335 1878 populorum

307 1894 524 1990 autiqurffimi.
565 1899 728 1963 Praetereo
750 1901 784 1961 in
799 1901 907 1964 citio.
928 1901 1009 1962 bene
1033 1899 1179 1961 scribitur
1195 1888 1333 1988 fecundo

306 1998 358 2062 sed
381 2002 461 2061 male
485 2003 519 2060 in
544 2001 635 2088 Prag.
659 2001 744 2066 abeli
763 2015 811 2068 ut.
870 2002 936 2068 Pro
960 1996 1169 2094 autiquiffimr‘
1190 1999 1274 2060 idem
1292 1993 1335 2052 dat

305 2096 599 2192 antiquiffimorum.

383 2295 587 2396 Ilienses)
636 2305 723 2391 Lips.
747 2308 833 2370 Gud.
851 2299 1013 2399 [islensem
1036 2309 1179 2392 Rehdig.
1202 2288 1331 2388 yliensesi

305 2405 419 2486 reliqui
435 2399 565 2498 Ilienses
579 2427 653 2469 cum
669 2410 877 2480 editionibus,
903 2431 941 2471 ex
959 2411 1074 2490 quibue
1091 2409 1155 2472 sola
1177 2420 1232 2484 13.
1252 2399 1331 2462 habet

305 2498 455 2596 Iolauses.
484 2529 687 2572 rzecrtvctru.
739 2514 792 2575 sic
810 2526 842 2572 et
858 2511 993 2598 Plirriua.
1021 2511 1071 2590 [3.
1094 2527 1151 2592 15.
1167 2508 1188 2572 s.
1205 2507 1252 2585 7.]
1280 2499 1329 2560 1²¹⁰

305 2629 367 2690 qua
383 2611 520 2672 lectione
538 2631 664 2694 quoque
679 2613 734 2674 slat
745 2612 913 2676 Pausanias
934 2607 1014 2698 [ro.
1038 2628 1092 2685 17.
1110 2605 1169 2697 4.]
1190 2623 1222 2670 et
1236 2602 1330 2665 Livius

304 2712 363 2774 lib.
382 2723 447 2790 41:
469 2709 526 2774 sol.
547 2727 630 2791 371.
656 2706 742 2796 [cap.
761 2715 794 2778 6.
812 2713 832 2774 l.
854 2707 982 2799 10‚6.]
1006 2729 1039 2775 et
1054 2715 1195 2776 Solinus.
1222 2701 1266 2792 [c.
1284 2721 1327 2764 ro.

305 2811 329 2876 s.
351 2809 409 2900 4.]
448 2815 511 2876 sed
526 2815 639 2878 Strabo
654 2807 728 2898 [tib.
747 2827 781 2892 5.
800 2837 830 2897 p.
841 2837 887 2876 m.
905 2829 984 2892 155.
1003 2813 1023 2876 s.
1045 2809 1151 2900 225.]
1176 2825 1208 2875 et
1225 2805 1328 2869 Livius,

306 2907 387 2998 [4ο.
413 2932 466 2994 19.
485 2912 517 2978 6.
545 2917 664 2998 dequo
682 2911 854 3002 deinceps]
878 2905 1031 3004 Iulienses,
1062 2929 1095 2978 et
1115 2916 1155 2986 fic,
1175 2907 1327 2995 legendum

305 3017 453 3077 viderur:
485 3015 523 3076 ab
546 3018 633 3080 Iolao
655 3019 744 3079 enim
761 3019 890 3079 deducit
906 3015 1019 3080 Strabo
1040 3031 1132 3098 atque
1149 3017 1243 3078 etiam
1265 3007 1328 3068 Dio·

308 3117 405 3178 dorus
424 3117 479 3177 lib.
503 3115 615 3206 5.‘[c.
644 3115 722 3207 ¹5·]
757 3137 970 3181 cracooorve.
1022 3117 1188 3182 Salmasius
1213 3107 1327 3199 [adso-

305 3218 363 3279 lin.
386 3239 417 3299 p.
442 3239 485 3279 m.
507 3213 589 3304 7o.]
617 3212 754 3310 Iolenses
773 3233 807 3281 et
829 3221 881 3280 hic
898 3234 929 3280 et
945 3219 1028 3300 apud
1046 3220 1191 3280 Plinium
1207 3229 1236 3276 et
1257 3203 1327 3290 apud

305 3319 454 3381 Solinum
469 3319 610 3400 reposuit
623 3341 680 3402 pro
699 3317 876 3411 Ilierrfibus.
905 3320 1036 3382 Frustra.
1062 3321 1144 3381 Vide
1162 3311 1326 3380 Pausaniam

305 3421 341 3480 in
372 3420 531 3492 Plrocicie.
566 3443 605 3483 ex
631 3441 694 3504 quo
721 3421 902 3506 cognosces,
931 3421 1065 3504 probam
1091 3419 1150 3482 ello
1173 3417 1326 3480 lectionem

305 3523 478 3608 vulgatam.
514 3541 656 3586 vots1vs.
710 3521 838 3585 llienses
852 3526 884 3584 io
903 3523 1044 3585 Sardinia
1061 3520 1218 3588 habitasse.
1237 3533 1270 3576 ex
1285 3509 1323 3572 ils·

299 3643 385 3704 ¹quae
399 3626 462 3684 viri
479 3625 565 3686 docti
581 3639 743 3693 notarunt,
770 3625 941 3686 indubium
959 3622 1019 3686 esse
1039 3625 1177 3705 adparet,
1203 3619 1324 3690 ideoqlle

304 3723 470 3787 Pausaniae
493 3723 543 3786 sua
566 3739 667 3788 aetate
689 3721 790 3801 Ἰλιεῖς
819 3725 864 3786 ibi
887 3725 1010 3787 habuit.
1071 3727 1214 3786 Fuerunt
1234 3727 1322 3778 tamen

304 3827 402 3887 etiam
421 3823 555 3902 Ἰολαεῐς
574 3827 706 3907 (Strabo
723 3847 749 3889 c.
772 3829 815 3905 l.)
836 3829 890 3890 vel
911 3821 1060 3890 Ἰολάειοι
1082 3808 1322 3904 (Diodorus)

303 3929 381 3988 dicti
396 3927 434 3988 ab
451 3929 548 4000 lolao,
576 3931 632 4010 qui
649 3949 687 3992 ex
698 3927 943 4011 Thespiensrbus
958 3941 989 3988 et
1007 3929 1110 3988 Attiou
1124 3947 1199 4010 agro
1215 3927 1243 3984 in
1255 3917 1320 3977 h³¹¹⁰

303 4027 436 4092 insulem
452 4031 613 4094 coloniam
629 4031 773 4094 deduxit.
811 4031 882 4095 vid.
893 4029 1065 4120 Vindiogii·
1075 4027 1200 4092 Hellen.
1215 4026 1318 4111 p.5÷'t¹·
