2788 4942
311 471 353 544 44
609 460 856 518 rourourr
899 459 1065 516 uetare
1098 445 1102 454 '
1167 436 1173 445 “

312 650 345 700 et
364 633 509 698 Libones
523 633 736 700 Ptolemaeus.
772 633 897 696 Verum
916 632 1015 696 Narin
1035 635 1129 704 illam,
1156 653 1218 696 non
1233 629 1330 694 Mearo

314 741 453 800 vicinam
475 735 558 807 facit,
588 750 625 796 ut
643 737 817 820 legendum
837 735 899 796 hoc
918 737 989 798 loco
1013 739 1172 798 rideatur:
1204 753 1257 810 per
1275 733 1332 792 elia

314 839 379 901 duo
394 841 526 900 Mearm
540 839 607 900 exit
622 851 654 899 et
670 838 796 900 Nerius
812 837 857 898 ad
872 836 1060 900 librantem.
1101 839 1242 922 Quattuor
1255 839 1331 896 enim

313 941 466 1004 olliorum
496 941 662 1009 meminit,
695 959 831 1022 quorum
859 939 924 1000 dnn
948 941 1105 1024 ignobilia
1130 937 1217 1006 srmt.
1249 938 1332 998 etiam

313 1043 443 1114 accolie;
481 1042 600 1123 reliqua
625 1043 707 1110 duo,
740 1041 825 1122 quod
854 1039 988 1102 Narium
1015 1041 1110 1104 edant
1134 1054 1167 1102 et
1192 1040 1332 1108 Menum,

313 1146 415 1228 magis
438 1143 581 1206 celebria.
636 1145 682 1204 dd
700 1145 782 1204 hano
801 1143 973 1204 lectionem
994 1147 1157 1214 accedunt,
1187 1143 1259 1202 licet
1277 1159 1333 1200 non

313 1247 445 1330 integris
465 1245 580 1315 verbis,
607 1246 765 1327 pleraque,
794 1265 873 1326 quae
893 1245 1039 1312 viderim.
1065 1245 1260 1324 exemplaria.
1306 1239 1334 1303 Si

314 1349 384 1430 quis
408 1347 616 1406 Hermolaum
642 1345 725 1426 sequi
747 1348 846 1414 malit,
875 1344 1107 1428 susquedeque
1128 1347 1262 1408 tulerim.
1287 1363 1333 1402 rt·

315 1467 455 1510 ornnes.
509 1447 712 1510 Ptolemaeus
738 1449 885 1508 Metorns
911 1462 943 1508 et
970 1447 1105 1510 Nndius.
1152 1463 1332 1508 murmure.
1377 1515 1378 1518 Ἴ

316 1551 412 1630 Atqui
436 1569 474 1610 ex
497 1547 681 1612 Ptolemaeo
706 1550 840 1616 conllat,
876 1549 1008 1610 flumina
1030 1551 1106 1610 haec
1131 1543 1290 1634 [Menum
1308 1559 1334 1606 et

314 1647 475 1739 Narium]
500 1647 679 1734 longissime
702 1650 800 1712 abesse
823 1651 921 1712 astnu
945 1651 1142 1722 Caraniensr,
1179 1669 1274 1732 quem
1293 1647 1333 1706 hic

316 1751 461 1814 describit
487 1751 587 1824 Metu
629 1752 712 1814 abell
740 1771 866 1833 quoque
894 1753 1035 1815 Libuuce
1067 1754 1228 1835 oppidum
1256 1766 1333 1830 quun

315 1851 506 1939 longilltme.
566 1855 630 1915 Aut
657 1857 761 1934 itaque
784 1854 1004 1926 Ptolemaeus,
1036 1868 1090 1914 aut
1111 1855 1198 1915 Mela
1220 1854 1332 1930 turpiter

317 1955 371 2016 hic
394 1954 501 2017 errasse
524 1955 663 2016 videtur.
716 1956 777 2017 Sed
801 1953 945 2038 profecto
961 1969 993 2015 et
1010 1956 1061 2016 laic
1082 1975 1212 2036 quoque
1234 1951 1332 2038 grassati

318 2057 390 2118 sunt
412 2057 625 2137 intempestivi
648 2069 851 2118 correctores.
890 2057 984 2118 Prius
1006 2057 1188 2140 legebatur:
1214 2052 1332 2116 Perelio

317 2159 488 2218 durauarss
515 2159 583 2218 exit
615 2171 645 2218 et
674 2156 778 2220 libica.
835 2159 898 2218 Sed
927 2177 1002 2217 vero
1030 2163 1175 2239 optimus
1200 2175 1283 2218 meus
1303 2153 1333 2210 fic

317 2260 427 2320 habet:
461 2280 518 2336 per
542 2259 608 2318 alia
630 2259 809 2319 darcomarr's
831 2261 897 2320 exit
923 2273 954 2320 et
976 2257 1081 2320 libica.
1136 2260 1262 2322 Scribo:
1290 2271 1333 2332 ptr

316 2361 383 2420 alia
404 2360 467 2420 duo
496 2361 627 2420 Merum
657 2363 727 2421 exit
749 2373 784 2420 et
809 2361 896 2421 loia.
955 2361 1110 2442 Loquitur
1139 2363 1199 2423 hio
1220 2362 1256 2420 do
1278 2357 1333 2418 sinu

315 2463 426 2544 oppidi
452 2461 602 2530 Coronis,
639 2463 722 2542 quod
751 2462 848 2544 vulgo
883 2461 1033 2522 Cenoma
1062 2463 1192 2525 dicitur.
1241 2463 1286 2521 tit
1307 2459 1333 2514 iu

316 2567 407 2624 illum
425 2564 510 2624 exire
526 2577 660 2643 quatuor
678 2565 826 2632 flumina,
851 2569 938 2642 quod
957 2558 1158 2624 verissimum
1177 2562 1229 2626 esl.
1265 2561 1334 2621 lllea·

315 2685 368 2726 rus
390 2666 485 2724 hodie
510 2667 691 2724 nominatur
712 2666 778 2724 llio
802 2651 905 2725 Mero.
959 2665 1026 2726 lvia
1053 2683 1131 2725 vero
1158 2665 1202 2726 est
1224 2665 1263 2730 it,
1290 2657 1333 2740 qui

315 2769 414 2828 Invia
430 2765 527 2848 vulgo
545 2767 730 2847 appellatur,
757 2765 910 2846 alluitque
927 2767 1083 2848 oppidum
1104 2767 1199 2828 Ferol
1218 2766 1333 2825 dictum.

315 2869 517 2930 Ptolemaeus
544 2866 688 2928 Nlearum
716 2867 811 2950 longe
834 2881 982 2928 removet
1011 2867 1135 2928 abhoc
1160 2867 1244 2936 firm,
1274 2879 1335 2924 curn

315 2985 423 3032 tamen
441 2970 474 3028 in
491 2969 606 3029 intimo
622 2970 689 3030 eius
703 2967 819 3030 recellu
835 2968 908 3030 litus
928 2969 974 3029 sit.
1010 2988 1153 3032 vosstvr.
1207 2971 1335 3028 Duorum

315 3073 428 3152 utique
451 3069 503 3129 bic
525 3069 698 3130 fluviorum
724 3071 856 3130 nomina
879 3069 1095 3130 desiderantur
1121 3070 1248 3132 duobus
1266 3065 1336 3130 ostiis

315 3171 479 3253 subposita.
533 3169 638 3252 Quare
660 3171 817 3239 Libente,
850 3171 940 3230 srvel
959 3169 1016 3230 situ
1036 3174 1218 3238 conveniat.
1243 3171 1336 3230 locum

314 3273 429 3334 habere
456 3273 577 3352 nequit.
636 3273 711 3331 Iuin
736 3268 839 3332 Volsri
868 3291 1023 3352 nusquam
1046 3287 1255 3340 memoratur,
1287 3285 1335 3328 nec

313 3375 372 3436 nili
394 3373 544 3434 hodierni
565 3375 706 3434 nominis
726 3369 827 3454 speeie
848 3373 1015 3453 probatur.
1050 3394 1110 3454 qua
1131 3377 1169 3434 ad
1196 3373 1336 3433 libromrn

314 3477 485 3538 lectionem
502 3477 645 3554 proxime
663 3475 792 3536 accedit.
845 3475 1047 3536 Ptolemaeus
1065 3491 1097 3545 2,
1114 3475 1148 3538 6.
1170 3477 1203 3536 in
1221 3469 1336 3537 Callaei·

315 3579 359 3640 cia
379 3592 411 3640 ot
427 3575 558 3638 Paelicis
573 3573 712 3637 recenset
732 3575 877 3636 Mestum
895 3588 927 3636 et
944 3574 1097 3638 Nabium.
1137 3577 1256 3638 Incerta
1276 3571 1337 3631 lunt

316 3681 442 3748 omnia,
468 3695 546 3758 quae
566 3697 625 3739 nec
641 3677 722 3737 bene
745 3677 871 3738 incertis
887 3690 1140 3742 commutantur.
1187 3677 1337 3742 Vedianas

315 3777 474 3849 obtrudit,
507 3797 585 3860 quae
610 3777 734 3839 codices
754 3779 914 3862 ignorant.

389 3979 602 4074 Asturum)
653 3979 747 4063 Prag.
778 3977 924 4070 Astrum;
972 3979 1162 4045 Vindobou.
1192 3977 1336 4072 oustntrni

316 4084 424 4147 Cibin.
449 4079 544 4145 Paris.
564 4099 595 4145 2.
620 4095 653 4158 5.
683 4083 745 4142 edd
771 4101 800 4144 t.
824 4099 855 4145 a.
881 4101 915 4161 9.
939 4081 1088 4175 aflirrtm3
1124 4083 1241 4148 Venet.
1263 4075 1336 4142 neh·

316 4186 416 4273 diget.
441 4183 545 4246 Vatis.
570 4181 726 4278 Astyrum.
768 4185 830 4246 Sed
853 4185 918 4246 vid.
942 4183 1051 4268 snpra.·
