<?xml version="1.0" encoding="UTF-8"?>
<!DOCTYPE html PUBLIC "-//W3C//DTD XHTML 1.0 Transitional//EN"
    "http://www.w3.org/TR/xhtml1/DTD/xhtml1-transitional.dtd">
<html xmlns="http://www.w3.org/1999/xhtml" xml:lang="en" lang="en">
 <head>
  <title>
</title>
<meta http-equiv="Content-Type" content="text/html;charset=utf-8" />
  <meta name='ocr-system' content='tesseract 3.04.00' />
  <meta name='ocr-capabilities' content='ocr_page ocr_carea ocr_par ocr_line ocrx_word'/>
</head>
<body>
  <div class='ocr_page' id='page_1' title='image "./pomponiimelaede05melagoog_0528.png"; bbox 0 0 2814 4946; ppageno 0'>
   <div class='ocr_carea' id='block_1_1' title="bbox 327 418 1079 494">
    <p class='ocr_par' dir='ltr' id='par_1_1' title="bbox 327 418 1079 494">
     <span class='ocr_line' id='line_1_1' title="bbox 327 418 1079 494; baseline -0.003 -17"><span class='ocrx_word' id='word_1_1' title='bbox 327 431 389 494; x_wconf 58' lang='grc' dir='ltr'>δια</span> <span class='ocrx_word' id='word_1_2' title='bbox 626 420 875 480; x_wconf 75' lang='grc' dir='ltr'><strong>ΡΟΜΡΟΝΙΙ</strong></span> <span class='ocrx_word' id='word_1_3' title='bbox 913 418 1079 477; x_wconf 75' lang='lat' dir='ltr'><strong>MELAE</strong></span> 
     </span>
    </p>
   </div>
   <div class='ocr_carea' id='block_1_2' title="bbox 328 584 1347 880">
    <p class='ocr_par' dir='ltr' id='par_1_2' title="bbox 328 584 1347 880">
     <span class='ocr_line' id='line_1_2' title="bbox 328 584 1347 684; baseline -0.005 -28"><span class='ocrx_word' id='word_1_4' title='bbox 328 596 421 676; x_wconf 88' lang='lat' dir='ltr'>eique</span> <span class='ocrx_word' id='word_1_5' title='bbox 448 595 523 656; x_wconf 84' lang='lat' dir='ltr'>voci</span> <span class='ocrx_word' id='word_1_6' title='bbox 546 584 691 684; x_wconf 79' lang='lat' dir='ltr'>paffnum</span> <span class='ocrx_word' id='word_1_7' title='bbox 716 595 838 656; x_wconf 88' lang='lat' dir='ltr'>addunt</span> <span class='ocrx_word' id='word_1_8' title='bbox 860 591 943 676; x_wconf 83' lang='lat' dir='ltr'>Lipi.</span> <span class='ocrx_word' id='word_1_9' title='bbox 971 609 1004 654; x_wconf 86' lang='lat' dir='ltr'>et</span> <span class='ocrx_word' id='word_1_10' title='bbox 1027 590 1142 654; x_wconf 84' lang='lat' dir='ltr'>Zalule.</span> <span class='ocrx_word' id='word_1_11' title='bbox 1192 591 1347 677; x_wconf 83' lang='lat' dir='ltr'>Vulgatam</span> 
     </span>
     <span class='ocr_line' id='line_1_3' title="bbox 328 692 1347 780; baseline -0.003 -23"><span class='ocrx_word' id='word_1_12' title='bbox 328 709 436 757; x_wconf 88' lang='lat' dir='ltr'>tamen</span> <span class='ocrx_word' id='word_1_13' title='bbox 462 709 593 757; x_wconf 85' lang='lat' dir='ltr'>tuentur</span> <span class='ocrx_word' id='word_1_14' title='bbox 614 697 729 776; x_wconf 82' lang='lat' dir='ltr'>reliqui</span> <span class='ocrx_word' id='word_1_15' title='bbox 750 715 880 766; x_wconf 77' lang='lat' dir='ltr'>omnes,</span> <span class='ocrx_word' id='word_1_16' title='bbox 910 715 971 757; x_wconf 87' lang='lat' dir='ltr'>nec</span> <span class='ocrx_word' id='word_1_17' title='bbox 990 707 1146 780; x_wconf 80' lang='lat' dir='ltr'>repugnat</span> <span class='ocrx_word' id='word_1_18' title='bbox 1164 692 1245 757; x_wconf 84' lang='lat' dir='ltr'>uiue.</span> <span class='ocrx_word' id='word_1_19' title='bbox 1282 692 1347 754; x_wconf 79' lang='lat' dir='ltr'>vid.</span> 
     </span>
     <span class='ocr_line' id='line_1_4' title="bbox 328 798 996 880; baseline 0.001 -20"><span class='ocrx_word' id='word_1_20' title='bbox 328 798 368 860; x_wconf 87' lang='lat' dir='ltr'>ad</span> <span class='ocrx_word' id='word_1_21' title='bbox 386 815 417 870; x_wconf 83' lang='lat'>2,</span> <span class='ocrx_word' id='word_1_22' title='bbox 439 817 468 868; x_wconf 88' lang='grc' dir='ltr'><strong>ι,</strong></span> <span class='ocrx_word' id='word_1_23' title='bbox 488 805 523 880; x_wconf 71' lang='lat'>4.</span> <span class='ocrx_word' id='word_1_24' title='bbox 549 811 583 860; x_wconf 91' lang='lat' dir='ltr'>et</span> <span class='ocrx_word' id='word_1_25' title='bbox 598 799 637 859; x_wconf 91' lang='lat' dir='ltr'>ad</span> <span class='ocrx_word' id='word_1_26' title='bbox 652 799 788 880; x_wconf 88' lang='lat' dir='ltr'>Eutrop.</span> <span class='ocrx_word' id='word_1_27' title='bbox 806 807 839 874; x_wconf 81' lang='grc'>8,</span> <span class='ocrx_word' id='word_1_28' title='bbox 860 813 893 860; x_wconf 79' lang='lat'>2.</span> <span class='ocrx_word' id='word_1_29' title='bbox 916 809 996 861; x_wconf 78' lang='lat' dir='ltr'>extr.</span> 
     </span>
    </p>
   </div>
   <div class='ocr_carea' id='block_1_3' title="bbox 270 985 1349 2803">
    <p class='ocr_par' dir='ltr' id='par_1_3' title="bbox 270 985 1349 2803">
     <span class='ocr_line' id='line_1_5' title="bbox 405 985 1349 1090; baseline -0.008 -28"><span class='ocrx_word' id='word_1_30' title='bbox 405 1021 455 1082; x_wconf 84' lang='lat' dir='ltr'>op</span> <span class='ocrx_word' id='word_1_31' title='bbox 462 991 554 1090; x_wconf 81' lang='lat' dir='ltr'>posi</span> <span class='ocrx_word' id='word_1_32' title='bbox 562 1011 605 1062; x_wconf 87' lang='lat' dir='ltr'>ta</span> <span class='ocrx_word' id='word_1_33' title='bbox 613 999 631 1082; x_wconf 89' lang='lat'><em>)</em></span> <span class='ocrx_word' id='word_1_34' title='bbox 660 985 869 1064; x_wconf 70' lang='lat' dir='ltr'>-Conoinnnt&#39;</span> <span class='ocrx_word' id='word_1_35' title='bbox 891 1003 925 1061; x_wconf 93' lang='lat' dir='ltr'>in</span> <span class='ocrx_word' id='word_1_36' title='bbox 945 1001 1005 1062; x_wconf 87' lang='lat' dir='ltr'>hac</span> <span class='ocrx_word' id='word_1_37' title='bbox 1022 999 1161 1062; x_wconf 87' lang='lat' dir='ltr'>lectione</span> <span class='ocrx_word' id='word_1_38' title='bbox 1182 997 1262 1060; x_wconf 80' lang='lat' dir='ltr'><strong>libri.</strong></span> <span class='ocrx_word' id='word_1_39' title='bbox 1299 997 1349 1056; x_wconf 89' lang='lat' dir='ltr'>Vir</span> 
     </span>
     <span class='ocr_line' id='line_1_6' title="bbox 329 1097 1349 1190; baseline -0.008 -26"><span class='ocrx_word' id='word_1_40' title='bbox 329 1117 437 1164; x_wconf 89' lang='lat' dir='ltr'>tamen</span> <span class='ocrx_word' id='word_1_41' title='bbox 462 1103 575 1164; x_wconf 74' lang='lat' dir='ltr'>doctne¹</span> <span class='ocrx_word' id='word_1_42' title='bbox 596 1104 629 1162; x_wconf 91' lang='lat' dir='ltr'>in</span> <span class='ocrx_word' id='word_1_43' title='bbox 650 1103 701 1165; x_wconf 84' lang='lat' dir='ltr'>erl.</span> <span class='ocrx_word' id='word_1_44' title='bbox 724 1113 784 1181; x_wconf 76' lang='lat'>40.</span> <span class='ocrx_word' id='word_1_45' title='bbox 808 1101 1006 1184; x_wconf 78' lang='lat' dir='ltr'>adscripscrat</span> <span class='ocrx_word' id='word_1_46' title='bbox 1026 1097 1191 1190; x_wconf 79' lang='lat' dir='ltr'>oppcfito,</span> <span class='ocrx_word' id='word_1_47' title='bbox 1220 1098 1299 1179; x_wconf 82' lang='lat' dir='ltr'>quod</span> <span class='ocrx_word' id='word_1_48' title='bbox 1321 1109 1349 1157; x_wconf 86' lang='lat' dir='ltr'>et</span> 
     </span>
     <span class='ocr_line' id='line_1_7' title="bbox 328 1203 1348 1288; baseline -0.008 -22"><span class='ocrx_word' id='word_1_49' title='bbox 328 1205 391 1288; x_wconf 84' lang='lat' dir='ltr'>legi</span> <span class='ocrx_word' id='word_1_50' title='bbox 409 1206 441 1263; x_wconf 91' lang='lat' dir='ltr'>in</span> <span class='ocrx_word' id='word_1_51' title='bbox 459 1205 530 1265; x_wconf 85' lang='lat' dir='ltr'>edri.</span> <span class='ocrx_word' id='word_1_52' title='bbox 553 1204 716 1264; x_wconf 78' lang='lat' dir='ltr'>lleinuldii</span> <span class='ocrx_word' id='word_1_53' title='bbox 738 1218 842 1283; x_wconf 70' lang='lat'><strong>1739.</strong></span> <span class='ocrx_word' id='word_1_54' title='bbox 858 1217 890 1264; x_wconf 90' lang='lat' dir='ltr'>et</span> <span class='ocrx_word' id='word_1_55' title='bbox 911 1205 1015 1278; x_wconf 81' lang='lat'><strong>1761.</strong></span> <span class='ocrx_word' id='word_1_56' title='bbox 1031 1223 1104 1262; x_wconf 88' lang='lat' dir='ltr'>cum</span> <span class='ocrx_word' id='word_1_57' title='bbox 1120 1203 1177 1262; x_wconf 89' lang='lat' dir='ltr'>alia</span> <span class='ocrx_word' id='word_1_58' title='bbox 1192 1221 1240 1262; x_wconf 86' lang='lat' dir='ltr'>au.</span> <span class='ocrx_word' id='word_1_59' title='bbox 1256 1209 1348 1273; x_wconf 81' lang='lat'><strong>1775.</strong></span> 
     </span>
     <span class='ocr_line' id='line_1_8' title="bbox 328 1301 1347 1396; baseline -0.011 -28"><span class='ocrx_word' id='word_1_60' title='bbox 328 1306 476 1368; x_wconf 82' lang='lat' dir='ltr'>exhibeat</span> <span class='ocrx_word' id='word_1_61' title='bbox 508 1301 669 1396; x_wconf 80' lang='lat' dir='ltr'>appnfitn.</span> <span class='ocrx_word' id='word_1_62' title='bbox 723 1305 816 1388; x_wconf 82' lang='lat' dir='ltr'>Quae</span> <span class='ocrx_word' id='word_1_63' title='bbox 850 1318 967 1366; x_wconf 86' lang='lat' dir='ltr'>certam</span> <span class='ocrx_word' id='word_1_64' title='bbox 994 1305 1160 1365; x_wconf 85' lang='lat' dir='ltr'>Reinoldii</span> <span class='ocrx_word' id='word_1_65' title='bbox 1190 1301 1347 1362; x_wconf 86' lang='lat' dir='ltr'>lectionem</span> 
     </span>
     <span class='ocr_line' id='line_1_9' title="bbox 328 1403 1347 1490; baseline -0.011 -22"><span class='ocrx_word' id='word_1_66' title='bbox 328 1407 416 1475; x_wconf 69' lang='lat' dir='ltr'>fellat,</span> <span class='ocrx_word' id='word_1_67' title='bbox 443 1409 568 1490; x_wconf 85' lang='lat' dir='ltr'>ignoro.</span> <span class='ocrx_word' id='word_1_68' title='bbox 621 1408 719 1468; x_wconf 77' lang='lat' dir='ltr'>Recte</span> <span class='ocrx_word' id='word_1_69' title='bbox 743 1421 850 1467; x_wconf 73' lang='lat' dir='ltr'>minen</span> <span class='ocrx_word' id='word_1_70' title='bbox 875 1405 971 1467; x_wconf 85' lang='lat' dir='ltr'>habet</span> <span class='ocrx_word' id='word_1_71' title='bbox 992 1405 1131 1488; x_wconf 83' lang='lat' dir='ltr'>vulgata.</span> <span class='ocrx_word' id='word_1_72' title='bbox 1183 1405 1251 1464; x_wconf 86' lang='lat' dir='ltr'>Vox</span> <span class='ocrx_word' id='word_1_73' title='bbox 1270 1403 1347 1461; x_wconf 88' lang='lat' dir='ltr'>enim</span> 
     </span>
     <span class='ocr_line' id='line_1_10' title="bbox 328 1505 1348 1598; baseline -0.011 -29"><span class='ocrx_word' id='word_1_74' title='bbox 328 1505 475 1598; x_wconf 81' lang='lat' dir='ltr'>obpnstta</span> <span class='ocrx_word' id='word_1_75' title='bbox 496 1509 587 1570; x_wconf 82' lang='lat' dir='ltr'>latine</span> <span class='ocrx_word' id='word_1_76' title='bbox 608 1509 642 1567; x_wconf 95' lang='lat' dir='ltr'>in</span> <span class='ocrx_word' id='word_1_77' title='bbox 659 1507 743 1568; x_wconf 81' lang='lat' dir='ltr'>nlela</span> <span class='ocrx_word' id='word_1_78' title='bbox 767 1509 965 1589; x_wconf 84' lang='lat' dir='ltr'>omninoque</span> <span class='ocrx_word' id='word_1_79' title='bbox 989 1519 1092 1588; x_wconf 85' lang='lat' dir='ltr'>patet,</span> <span class='ocrx_word' id='word_1_80' title='bbox 1117 1523 1176 1586; x_wconf 88' lang='lat' dir='ltr'>pro</span> <span class='ocrx_word' id='word_1_81' title='bbox 1193 1523 1250 1584; x_wconf 87' lang='lat' dir='ltr'>qua</span> <span class='ocrx_word' id='word_1_82' title='bbox 1270 1515 1348 1562; x_wconf 85' lang='lat' dir='ltr'>antea</span> 
     </span>
     <span class='ocr_line' id='line_1_11' title="bbox 327 1599 1347 1698; baseline -0.011 -28"><span class='ocrx_word' id='word_1_83' title='bbox 327 1607 430 1670; x_wconf 80' lang='lat' dir='ltr'>adfuit</span> <span class='ocrx_word' id='word_1_84' title='bbox 450 1627 488 1668; x_wconf 85' lang='lat' dir='ltr'>ex</span> <span class='ocrx_word' id='word_1_85' title='bbox 504 1611 640 1693; x_wconf 80' lang='lat' dir='ltr'>eleganti</span> <span class='ocrx_word' id='word_1_86' title='bbox 656 1611 831 1671; x_wconf 85' lang='lat' dir='ltr'>variatione</span> <span class='ocrx_word' id='word_1_87' title='bbox 849 1599 984 1698; x_wconf 82' lang='lat' dir='ltr'>adversa</span> <span class='ocrx_word' id='word_1_88' title='bbox 1004 1599 1168 1696; x_wconf 76' lang='lat' dir='ltr'><strong><em>prospicit.</em></strong></span> <span class='ocrx_word' id='word_1_89' title='bbox 1204 1599 1347 1692; x_wconf 75' lang='lat' dir='ltr'>Adpofita</span> 
     </span>
     <span class='ocr_line' id='line_1_12' title="bbox 327 1706 1348 1772; baseline -0.012 0"><span class='ocrx_word' id='word_1_90' title='bbox 327 1713 480 1772; x_wconf 82' lang='lat' dir='ltr'>viciniam</span> <span class='ocrx_word' id='word_1_91' title='bbox 514 1711 643 1772; x_wconf 81' lang='lat' dir='ltr'>indicat.</span> <span class='ocrx_word' id='word_1_92' title='bbox 695 1711 782 1770; x_wconf 83' lang='lat' dir='ltr'>Tum</span> <span class='ocrx_word' id='word_1_93' title='bbox 818 1729 895 1770; x_wconf 85' lang='lat' dir='ltr'>vero</span> <span class='ocrx_word' id='word_1_94' title='bbox 930 1710 1012 1770; x_wconf 85' lang='lat' dir='ltr'>hanc</span> <span class='ocrx_word' id='word_1_95' title='bbox 1038 1709 1212 1769; x_wconf 88' lang='lat' dir='ltr'>lectionem</span> <span class='ocrx_word' id='word_1_96' title='bbox 1234 1706 1348 1766; x_wconf 80' lang='lat' dir='ltr'>adiurat</span> 
     </span>
     <span class='ocr_line' id='line_1_13' title="bbox 327 1806 1347 1892; baseline -0.007 -21"><span class='ocrx_word' id='word_1_97' title='bbox 327 1810 451 1875; x_wconf 84' lang='lat' dir='ltr'>Pliniue</span> <span class='ocrx_word' id='word_1_98' title='bbox 468 1820 501 1892; x_wconf 74' lang='grc'>4,</span> <span class='ocrx_word' id='word_1_99' title='bbox 529 1810 701 1874; x_wconf 79' lang='lat' dir='ltr'><strong>21.s.12.</strong></span> <span class='ocrx_word' id='word_1_100' title='bbox 729 1811 785 1870; x_wconf 88' lang='lat' dir='ltr'>ubi</span> <span class='ocrx_word' id='word_1_101' title='bbox 809 1810 929 1871; x_wconf 87' lang='lat' dir='ltr'>Melam</span> <span class='ocrx_word' id='word_1_102' title='bbox 952 1811 1125 1872; x_wconf 80' lang='lat' dir='ltr'>auctiorem</span> <span class='ocrx_word' id='word_1_103' title='bbox 1149 1806 1258 1870; x_wconf 81' lang='lat' dir='ltr'><strong>refert:</strong></span> <span class='ocrx_word' id='word_1_104' title='bbox 1286 1825 1347 1865; x_wconf 84' lang='lat' dir='ltr'>nns-</span> 
     </span>
     <span class='ocr_line' id='line_1_14' title="bbox 326 1909 1346 1996; baseline -0.011 -22"><span class='ocrx_word' id='word_1_105' title='bbox 326 1934 421 1996; x_wconf 84' lang='lat' dir='ltr'>qnam</span> <span class='ocrx_word' id='word_1_106' title='bbox 452 1913 656 1974; x_wconf 83' lang='lat' dir='ltr'>latitudinem</span> <span class='ocrx_word' id='word_1_107' title='bbox 680 1912 765 1973; x_wconf 81' lang='lat' dir='ltr'>ultro</span> <span class='ocrx_word' id='word_1_108' title='bbox 794 1923 854 1994; x_wconf 69' lang='lat'>40.</span> <span class='ocrx_word' id='word_1_109' title='bbox 877 1911 927 1973; x_wconf 88' lang='lat' dir='ltr'>M.</span> <span class='ocrx_word' id='word_1_110' title='bbox 950 1913 988 1973; x_wconf 90' lang='lat' dir='ltr'>P.</span> <span class='ocrx_word' id='word_1_111' title='bbox 1012 1909 1171 1980; x_wconf 73' lang='lat' dir='ltr'>extendit,</span> <span class='ocrx_word' id='word_1_112' title='bbox 1210 1925 1346 1988; x_wconf 72' lang='lat' dir='ltr'>nunqnam</span> 
     </span>
     <span class='ocr_line' id='line_1_15' title="bbox 328 1997 1346 2103; baseline -0.008 -29"><span class='ocrx_word' id='word_1_113' title='bbox 328 2015 416 2074; x_wconf 83' lang='lat' dir='ltr'>intra</span> <span class='ocrx_word' id='word_1_114' title='bbox 436 2013 499 2074; x_wconf 83' lang='lat' dir='ltr'>duo</span> <span class='ocrx_word' id='word_1_115' title='bbox 524 2014 610 2074; x_wconf 81' lang='lat' dir='ltr'>milio</span> <span class='ocrx_word' id='word_1_116' title='bbox 632 2015 813 2082; x_wconf 65' lang='lat' dir='ltr'>uolumini,</span> <span class='ocrx_word' id='word_1_117' title='bbox 832 2003 893 2103; x_wconf 65' lang='lat' dir='ltr'>fid</span> <span class='ocrx_word' id='word_1_118' title='bbox 908 2014 941 2073; x_wconf 86' lang='grc' dir='ltr'><strong>ἰιι</strong></span> <span class='ocrx_word' id='word_1_119' title='bbox 956 2011 1186 2092; x_wconf 80' lang='lat' dir='ltr'>longitudinem</span> <span class='ocrx_word' id='word_1_120' title='bbox 1202 1997 1346 2096; x_wconf 73' lang='lat' dir='ltr'>universae</span> 
     </span>
     <span class='ocr_line' id='line_1_16' title="bbox 326 2106 1346 2202; baseline -0.01 -28"><span class='ocrx_word' id='word_1_121' title='bbox 326 2115 478 2176; x_wconf 80' lang='lat' dir='ltr'>Boeotiae</span> <span class='ocrx_word' id='word_1_122' title='bbox 491 2112 532 2173; x_wconf 83' lang='lat' dir='ltr'>ab</span> <span class='ocrx_word' id='word_1_123' title='bbox 546 2117 658 2176; x_wconf 84' lang='lat' dir='ltr'>Attica</span> <span class='ocrx_word' id='word_1_124' title='bbox 678 2106 862 2202; x_wconf 85' lang='lat' dir='ltr'>Tlaeffaliam</span> <span class='ocrx_word' id='word_1_125' title='bbox 879 2135 974 2197; x_wconf 83' lang='lat' dir='ltr'>nsque</span> <span class='ocrx_word' id='word_1_126' title='bbox 988 2125 1169 2194; x_wconf 83' lang='lat' dir='ltr'>praetenta.</span> <span class='ocrx_word' id='word_1_127' title='bbox 1195 2107 1346 2173; x_wconf 74' lang='lat' dir='ltr'>(ionientit</span> 
     </span>
     <span class='ocr_line' id='line_1_17' title="bbox 327 2209 1344 2298; baseline -0.006 -23"><span class='ocrx_word' id='word_1_128' title='bbox 327 2214 502 2276; x_wconf 76' lang='lat' dir='ltr'>Martianus</span> <span class='ocrx_word' id='word_1_129' title='bbox 517 2213 641 2296; x_wconf 80' lang='lat' dir='ltr'>Capella</span> <span class='ocrx_word' id='word_1_130' title='bbox 661 2215 716 2278; x_wconf 93' lang='lat' dir='ltr'>lib.</span> <span class='ocrx_word' id='word_1_131' title='bbox 734 2217 767 2279; x_wconf 87' lang='lat'>6.</span> <span class='ocrx_word' id='word_1_132' title='bbox 784 2229 912 2298; x_wconf 81' lang='lat' dir='ltr'><strong>p.213.</strong></span> <span class='ocrx_word' id='word_1_133' title='bbox 938 2229 970 2276; x_wconf 92' lang='lat' dir='ltr'>et</span> <span class='ocrx_word' id='word_1_134' title='bbox 985 2216 1084 2278; x_wconf 87' lang='lat' dir='ltr'>Solin.</span> <span class='ocrx_word' id='word_1_135' title='bbox 1104 2233 1172 2296; x_wconf 88' lang='lat' dir='ltr'>cap.</span> <span class='ocrx_word' id='word_1_136' title='bbox 1194 2229 1247 2284; x_wconf 81' lang='lat'>17.</span> <span class='ocrx_word' id='word_1_137' title='bbox 1263 2209 1279 2271; x_wconf 90' lang='lat' dir='ltr'>l.</span> <span class='ocrx_word' id='word_1_138' title='bbox 1299 2227 1344 2270; x_wconf 92' lang='grc' dir='ltr'>ιι.</span> 
     </span>
     <span class='ocr_line' id='line_1_18' title="bbox 326 2311 1346 2408; baseline -0.006 -33"><span class='ocrx_word' id='word_1_139' title='bbox 326 2317 360 2375; x_wconf 89' lang='lat' dir='ltr'>in</span> <span class='ocrx_word' id='word_1_140' title='bbox 378 2335 463 2398; x_wconf 79' lang='lat' dir='ltr'>quot</span> <span class='ocrx_word' id='word_1_141' title='bbox 490 2314 621 2378; x_wconf 84' lang='lat' dir='ltr'>Euboea</span> <span class='ocrx_word' id='word_1_142' title='bbox 645 2329 711 2377; x_wconf 87' lang='lat' dir='ltr'>tum</span> <span class='ocrx_word' id='word_1_143' title='bbox 731 2316 853 2378; x_wconf 82' lang='lat' dir='ltr'>modico</span> <span class='ocrx_word' id='word_1_144' title='bbox 870 2314 956 2408; x_wconf 71' lang='lat' dir='ltr'>nesse</span> <span class='ocrx_word' id='word_1_145' title='bbox 971 2315 1104 2376; x_wconf 81' lang='lat' dir='ltr'>dividuo</span> <span class='ocrx_word' id='word_1_146' title='bbox 1118 2314 1163 2408; x_wconf 71' lang='lat' dir='ltr'>est</span> <span class='ocrx_word' id='word_1_147' title='bbox 1179 2335 1200 2374; x_wconf 82' lang='lat' dir='ltr'>a</span> <span class='ocrx_word' id='word_1_148' title='bbox 1214 2311 1346 2373; x_wconf 73' lang='lat' dir='ltr'>Boeotiae</span> 
     </span>
     <span class='ocr_line' id='line_1_19' title="bbox 270 2403 1345 2510; baseline -0.01 -32"><span class='ocrx_word' id='word_1_149' title='bbox 270 2405 275 2416; x_wconf 56' lang='lat'><strong>¹</strong></span> <span class='ocrx_word' id='word_1_150' title='bbox 326 2419 513 2488; x_wconf 85' lang='lat' dir='ltr'>continenti,</span> <span class='ocrx_word' id='word_1_151' title='bbox 542 2430 579 2478; x_wconf 87' lang='lat' dir='ltr'>ut</span> <span class='ocrx_word' id='word_1_152' title='bbox 598 2415 806 2480; x_wconf 78' lang='lat' dir='ltr'>dubitandum</span> <span class='ocrx_word' id='word_1_153' title='bbox 817 2415 879 2510; x_wconf 82' lang='lat' dir='ltr'>fit,</span> <span class='ocrx_word' id='word_1_154' title='bbox 905 2439 947 2478; x_wconf 85' lang='grc' dir='ltr'>αιι</span> <span class='ocrx_word' id='word_1_155' title='bbox 966 2418 1123 2479; x_wconf 76' lang='grc' dir='ltr'><strong>ιιιιηιοιιιιὶ</strong></span> <span class='ocrx_word' id='word_1_156' title='bbox 1145 2417 1227 2476; x_wconf 80' lang='lat' dir='ltr'>inter</span> <span class='ocrx_word' id='word_1_157' title='bbox 1242 2403 1345 2502; x_wconf 76' lang='lat' dir='ltr'>infulas</span> 
     </span>
     <span class='ocr_line' id='line_1_20' title="bbox 327 2516 1344 2603; baseline -0.009 -25"><span class='ocrx_word' id='word_1_158' title='bbox 327 2516 448 2582; x_wconf 77' lang='lat' dir='ltr'>debeat.</span> <span class='ocrx_word' id='word_1_159' title='bbox 501 2517 604 2603; x_wconf 83' lang='lat' dir='ltr'>Magis</span> <span class='ocrx_word' id='word_1_160' title='bbox 626 2521 714 2580; x_wconf 88' lang='lat' dir='ltr'>enim</span> <span class='ocrx_word' id='word_1_161' title='bbox 738 2519 832 2602; x_wconf 82' lang='lat' dir='ltr'>longa</span> <span class='ocrx_word' id='word_1_162' title='bbox 855 2519 914 2589; x_wconf 79' lang='lat' dir='ltr'>est,</span> <span class='ocrx_word' id='word_1_163' title='bbox 942 2539 1035 2600; x_wconf 86' lang='lat' dir='ltr'>qnam</span> <span class='ocrx_word' id='word_1_164' title='bbox 1058 2519 1138 2586; x_wconf 82' lang='lat' dir='ltr'>lata.</span> <span class='ocrx_word' id='word_1_165' title='bbox 1166 2529 1197 2577; x_wconf 86' lang='lat' dir='ltr'>et</span> <span class='ocrx_word' id='word_1_166' title='bbox 1213 2517 1249 2575; x_wconf 83' lang='lat' dir='ltr'>ari</span> <span class='ocrx_word' id='word_1_167' title='bbox 1270 2529 1344 2572; x_wconf 90' lang='lat' dir='ltr'>oram</span> 
     </span>
     <span class='ocr_line' id='line_1_21' title="bbox 325 2608 1344 2693; baseline -0.012 -13"><span class='ocrx_word' id='word_1_168' title='bbox 325 2618 478 2682; x_wconf 80' lang='lat' dir='ltr'>Boeotiae</span> <span class='ocrx_word' id='word_1_169' title='bbox 501 2621 580 2680; x_wconf 86' lang='lat' dir='ltr'>latua</span> <span class='ocrx_word' id='word_1_170' title='bbox 603 2621 708 2682; x_wconf 84' lang='lat' dir='ltr'>trahit.</span> <span class='ocrx_word' id='word_1_171' title='bbox 761 2617 873 2683; x_wconf 87' lang='lat' dir='ltr'>Sedet</span> <span class='ocrx_word' id='word_1_172' title='bbox 895 2621 948 2681; x_wconf 86' lang='lat' dir='ltr'>alii</span> <span class='ocrx_word' id='word_1_173' title='bbox 970 2621 1056 2680; x_wconf 77' lang='lat' dir='ltr'>irlem</span> <span class='ocrx_word' id='word_1_174' title='bbox 1078 2617 1243 2686; x_wconf 83' lang='lat' dir='ltr'>tollantur,</span> <span class='ocrx_word' id='word_1_175' title='bbox 1270 2608 1344 2693; x_wconf 88' lang='lat' dir='ltr'>qnod</span> 
     </span>
     <span class='ocr_line' id='line_1_22' title="bbox 326 2718 1301 2803; baseline -0.005 -23"><span class='ocrx_word' id='word_1_176' title='bbox 326 2718 381 2784; x_wconf 82' lang='lat' dir='ltr'>luo</span> <span class='ocrx_word' id='word_1_177' title='bbox 402 2721 628 2792; x_wconf 71' lang='lat' dir='ltr'>lenocinetur,</span> <span class='ocrx_word' id='word_1_178' title='bbox 655 2735 692 2782; x_wconf 84' lang='lat' dir='ltr'>ut</span> <span class='ocrx_word' id='word_1_179' title='bbox 712 2721 829 2803; x_wconf 86' lang='lat' dir='ltr'>aliquid</span> <span class='ocrx_word' id='word_1_180' title='bbox 849 2723 910 2784; x_wconf 84' lang='lat' dir='ltr'>illie</span> <span class='ocrx_word' id='word_1_181' title='bbox 925 2721 1039 2783; x_wconf 87' lang='lat' dir='ltr'>addere</span> <span class='ocrx_word' id='word_1_182' title='bbox 1053 2721 1089 2782; x_wconf 84' lang='lat' dir='ltr'>fit</span> <span class='ocrx_word' id='word_1_183' title='bbox 1105 2719 1301 2802; x_wconf 84' lang='lat' dir='ltr'>superfluum.</span> 
     </span>
    </p>
   </div>
   <div class='ocr_carea' id='block_1_4' title="bbox 250 2918 1343 4136">
    <p class='ocr_par' dir='ltr' id='par_1_4' title="bbox 325 2918 1343 3413">
     <span class='ocr_line' id='line_1_23' title="bbox 400 2918 1343 3008; baseline -0.011 -23"><span class='ocrx_word' id='word_1_184' title='bbox 400 2923 589 3004; x_wconf 76' lang='lat' dir='ltr'>rapidum</span> <span class='ocrx_word' id='word_1_185' title='bbox 616 2945 721 2984; x_wconf 87' lang='lat' dir='ltr'>mare</span> <span class='ocrx_word' id='word_1_186' title='bbox 731 2923 748 3004; x_wconf 93' lang='lat'><strong><em>)</em></strong></span> <span class='ocrx_word' id='word_1_187' title='bbox 800 2921 889 3008; x_wconf 85' lang='lat' dir='ltr'>Prag.</span> <span class='ocrx_word' id='word_1_188' title='bbox 912 2922 1036 2986; x_wconf 83' lang='lat' dir='ltr'>inverso</span> <span class='ocrx_word' id='word_1_189' title='bbox 1053 2922 1225 2985; x_wconf 86' lang='lat' dir='ltr'>verborum</span> <span class='ocrx_word' id='word_1_190' title='bbox 1247 2918 1343 2981; x_wconf 86' lang='lat' dir='ltr'>ordine</span> 
     </span>
     <span class='ocr_line' id='line_1_24' title="bbox 325 3015 1343 3115; baseline -0.009 -30"><span class='ocrx_word' id='word_1_191' title='bbox 325 3045 412 3086; x_wconf 84' lang='lat' dir='ltr'>mare</span> <span class='ocrx_word' id='word_1_192' title='bbox 444 3026 602 3104; x_wconf 79' lang='lat' dir='ltr'>rapidum.</span> <span class='ocrx_word' id='word_1_193' title='bbox 654 3027 740 3086; x_wconf 87' lang='lat' dir='ltr'>Tum</span> <span class='ocrx_word' id='word_1_194' title='bbox 777 3026 916 3088; x_wconf 88' lang='lat' dir='ltr'>Vindob.</span> <span class='ocrx_word' id='word_1_195' title='bbox 950 3039 1074 3086; x_wconf 85' lang='lat' dir='ltr'>tantum</span> <span class='ocrx_word' id='word_1_196' title='bbox 1102 3015 1224 3115; x_wconf 73' lang='lat' dir='ltr'>frepties</span> <span class='ocrx_word' id='word_1_197' title='bbox 1255 3029 1343 3080; x_wconf 75' lang='lat' dir='ltr'>tracte.</span> 
     </span>
     <span class='ocr_line' id='line_1_25' title="bbox 325 3119 1342 3219; baseline -0.01 -33"><span class='ocrx_word' id='word_1_198' title='bbox 325 3145 530 3188; x_wconf 75' lang='lat' dir='ltr'>reseravere.</span> <span class='ocrx_word' id='word_1_199' title='bbox 582 3127 710 3190; x_wconf 85' lang='lat' dir='ltr'>Scribo:</span> <span class='ocrx_word' id='word_1_200' title='bbox 736 3119 857 3219; x_wconf 69' lang='lat' dir='ltr'>septies</span> <span class='ocrx_word' id='word_1_201' title='bbox 878 3128 928 3187; x_wconf 80' lang='lat' dir='ltr'>die</span> <span class='ocrx_word' id='word_1_202' title='bbox 950 3149 989 3186; x_wconf 84' lang='lat' dir='ltr'>ac</span> <span class='ocrx_word' id='word_1_203' title='bbox 1011 3138 1103 3186; x_wconf 81' lang='lat' dir='ltr'>rrocte</span> <span class='ocrx_word' id='word_1_204' title='bbox 1130 3146 1170 3186; x_wconf 87' lang='lat' dir='ltr'>ex</span> <span class='ocrx_word' id='word_1_205' title='bbox 1194 3122 1342 3186; x_wconf 82' lang='lat' dir='ltr'>Strabone.</span> 
     </span>
     <span class='ocr_line' id='line_1_26' title="bbox 326 3219 1342 3314; baseline -0.006 -28"><span class='ocrx_word' id='word_1_206' title='bbox 326 3219 402 3310; x_wconf 89' lang='lat' dir='ltr'>[lib.</span> <span class='ocrx_word' id='word_1_207' title='bbox 425 3244 460 3306; x_wconf 85' lang='lat'>9.</span> <span class='ocrx_word' id='word_1_208' title='bbox 485 3249 517 3308; x_wconf 92' lang='lat' dir='ltr'>p.</span> <span class='ocrx_word' id='word_1_209' title='bbox 538 3248 582 3290; x_wconf 91' lang='lat' dir='ltr'>m.</span> <span class='ocrx_word' id='word_1_210' title='bbox 602 3241 682 3306; x_wconf 83' lang='lat'><strong>278.</strong></span> <span class='ocrx_word' id='word_1_211' title='bbox 709 3228 729 3289; x_wconf 86' lang='lat' dir='ltr'>i.</span> <span class='ocrx_word' id='word_1_212' title='bbox 748 3241 833 3309; x_wconf 74' lang='lat'><strong>403.</strong></span> <span class='ocrx_word' id='word_1_213' title='bbox 859 3244 891 3290; x_wconf 88' lang='lat' dir='ltr'>et</span> <span class='ocrx_word' id='word_1_214' title='bbox 915 3222 1009 3314; x_wconf 81' lang='lat' dir='ltr'>alibi]</span> <span class='ocrx_word' id='word_1_215' title='bbox 1045 3225 1167 3296; x_wconf 86' lang='lat' dir='ltr'>Plinio,</span> <span class='ocrx_word' id='word_1_216' title='bbox 1194 3223 1247 3312; x_wconf 74' lang='lat' dir='ltr'>[e.</span> <span class='ocrx_word' id='word_1_217' title='bbox 1274 3238 1342 3280; x_wconf 87' lang='grc' dir='ltr'><strong>ιοο.</strong></span> 
     </span>
     <span class='ocr_line' id='line_1_27' title="bbox 326 3322 1340 3413; baseline -0.005 -28"><span class='ocrx_word' id='word_1_218' title='bbox 326 3324 347 3388; x_wconf 86' lang='lat' dir='ltr'>i.</span> <span class='ocrx_word' id='word_1_219' title='bbox 371 3322 452 3413; x_wconf 84' lang='lat'><strong>97.]</strong></span> <span class='ocrx_word' id='word_1_220' title='bbox 479 3329 606 3396; x_wconf 82' lang='lat' dir='ltr'>Seneca</span> <span class='ocrx_word' id='word_1_221' title='bbox 621 3329 670 3407; x_wconf 90' lang='lat' dir='ltr'>[in</span> <span class='ocrx_word' id='word_1_222' title='bbox 685 3332 820 3391; x_wconf 88' lang='lat' dir='ltr'>Hercule</span> <span class='ocrx_word' id='word_1_223' title='bbox 836 3329 954 3392; x_wconf 82' lang='lat' dir='ltr'>Oetaeo</span> <span class='ocrx_word' id='word_1_224' title='bbox 970 3351 1002 3391; x_wconf 81' lang='lat' dir='ltr'>v.</span> <span class='ocrx_word' id='word_1_225' title='bbox 1021 3331 1120 3408; x_wconf 59' lang='lat'>780]</span> <span class='ocrx_word' id='word_1_226' title='bbox 1144 3343 1176 3388; x_wconf 88' lang='lat' dir='ltr'>et</span> <span class='ocrx_word' id='word_1_227' title='bbox 1195 3322 1340 3388; x_wconf 85' lang='lat' dir='ltr'>omnibus.</span> 
     </span>
    </p>

    <p class='ocr_par' dir='ltr' id='par_1_5' title="bbox 294 3426 1342 3719">
     <span class='ocr_line' id='line_1_28' title="bbox 294 3426 1341 3514; baseline -0.006 -30"><span class='ocrx_word' id='word_1_228' title='bbox 294 3477 296 3484; x_wconf 81' lang='grc'>,</span> <span class='ocrx_word' id='word_1_229' title='bbox 323 3427 389 3489; x_wconf 82' lang='lat' dir='ltr'>Rea</span> <span class='ocrx_word' id='word_1_230' title='bbox 412 3429 454 3490; x_wconf 78' lang='lat' dir='ltr'>eit</span> <span class='ocrx_word' id='word_1_231' title='bbox 477 3444 636 3512; x_wconf 85' lang='lat' dir='ltr'>comperta</span> <span class='ocrx_word' id='word_1_232' title='bbox 661 3433 711 3492; x_wconf 89' lang='lat' dir='ltr'>vel</span> <span class='ocrx_word' id='word_1_233' title='bbox 732 3433 836 3514; x_wconf 84' lang='lat' dir='ltr'>parvis</span> <span class='ocrx_word' id='word_1_234' title='bbox 858 3433 1018 3492; x_wconf 86' lang='lat' dir='ltr'>literarum</span> <span class='ocrx_word' id='word_1_235' title='bbox 1040 3428 1194 3508; x_wconf 78' lang='lat' dir='ltr'>mysteriis</span> <span class='ocrx_word' id='word_1_236' title='bbox 1218 3426 1341 3486; x_wconf 82' lang='lat' dir='ltr'>initiato.</span> 
     </span>
     <span class='ocr_line' id='line_1_29' title="bbox 326 3528 1342 3610; baseline -0.008 -22"><span class='ocrx_word' id='word_1_237' title='bbox 326 3547 526 3592; x_wconf 77' lang='lat' dir='ltr'>ern&#39;rmnne.</span> <span class='ocrx_word' id='word_1_238' title='bbox 582 3531 738 3592; x_wconf 88' lang='lat' dir='ltr'>Nondum</span> <span class='ocrx_word' id='word_1_239' title='bbox 765 3533 912 3594; x_wconf 73' lang='lat' dir='ltr'>assentior</span> <span class='ocrx_word' id='word_1_240' title='bbox 942 3531 1109 3600; x_wconf 85' lang='lat' dir='ltr'>Pintiano‚</span> <span class='ocrx_word' id='word_1_241' title='bbox 1144 3529 1199 3610; x_wconf 87' lang='lat' dir='ltr'>qni</span> <span class='ocrx_word' id='word_1_242' title='bbox 1222 3528 1342 3587; x_wconf 86' lang='lat' dir='ltr'>alterurn</span> 
     </span>
     <span class='ocr_line' id='line_1_30' title="bbox 317 3619 1342 3719; baseline -0.007 -29"><span class='ocrx_word' id='word_1_243' title='bbox 317 3619 440 3719; x_wconf 81' lang='lat' dir='ltr'>septies</span> <span class='ocrx_word' id='word_1_244' title='bbox 460 3633 639 3694; x_wconf 86' lang='lat' dir='ltr'>redundare</span> <span class='ocrx_word' id='word_1_245' title='bbox 662 3647 753 3716; x_wconf 87' lang='lat' dir='ltr'>putat</span> <span class='ocrx_word' id='word_1_246' title='bbox 770 3634 869 3699; x_wconf 90' lang='lat' dir='ltr'>Plinii</span> <span class='ocrx_word' id='word_1_247' title='bbox 889 3635 1085 3694; x_wconf 84' lang='lat' dir='ltr'>auctoritate.</span> <span class='ocrx_word' id='word_1_248' title='bbox 1136 3632 1251 3693; x_wconf 86' lang='lat' dir='ltr'>Seneca</span> <span class='ocrx_word' id='word_1_249' title='bbox 1266 3625 1342 3686; x_wconf 84' lang='lat' dir='ltr'>enim</span> 
     </span>
    </p>

    <p class='ocr_par' dir='ltr' id='par_1_6' title="bbox 250 3721 1341 4136">
     <span class='ocr_line' id='line_1_31' title="bbox 250 3721 1341 3816; baseline -0.005 -26"><span class='ocrx_word' id='word_1_250' title='bbox 250 3745 253 3754; x_wconf 83' lang='grc'>’</span> <span class='ocrx_word' id='word_1_251' title='bbox 324 3733 358 3790; x_wconf 92' lang='lat' dir='ltr'>in</span> <span class='ocrx_word' id='word_1_252' title='bbox 383 3733 518 3794; x_wconf 88' lang='lat' dir='ltr'>Hercule</span> <span class='ocrx_word' id='word_1_253' title='bbox 538 3732 668 3804; x_wconf 83' lang='lat' dir='ltr'>Oetaeo,</span> <span class='ocrx_word' id='word_1_254' title='bbox 693 3751 765 3797; x_wconf 87' lang='lat' dir='ltr'>actu</span> <span class='ocrx_word' id='word_1_255' title='bbox 789 3749 822 3814; x_wconf 77' lang='lat'>3.</span> <span class='ocrx_word' id='word_1_256' title='bbox 855 3737 996 3811; x_wconf 84' lang='lat' dir='ltr'>Euripus</span> <span class='ocrx_word' id='word_1_257' title='bbox 1016 3732 1120 3795; x_wconf 77' lang='lat' dir='ltr'>aradus</span> <span class='ocrx_word' id='word_1_258' title='bbox 1139 3721 1341 3816; x_wconf 72' lang='lat' dir='ltr'>flectitirfia·</span> 
     </span>
     <span class='ocr_line' id='line_1_32' title="bbox 323 3817 1341 3928; baseline -0.005 -37"><span class='ocrx_word' id='word_1_259' title='bbox 323 3827 395 3893; x_wconf 77' lang='lat' dir='ltr'>bilis</span> <span class='ocrx_word' id='word_1_260' title='bbox 414 3853 532 3914; x_wconf 79' lang='lat' dir='ltr'>vagas,</span> <span class='ocrx_word' id='word_1_261' title='bbox 566 3836 747 3918; x_wconf 81' lang='lat' dir='ltr'>Septernqne</span> <span class='ocrx_word' id='word_1_262' title='bbox 769 3828 875 3928; x_wconf 76' lang='lat' dir='ltr'>rnrsrn</span> <span class='ocrx_word' id='word_1_263' title='bbox 890 3831 1016 3923; x_wconf 81' lang='lat' dir='ltr'>flectit,</span> <span class='ocrx_word' id='word_1_264' title='bbox 1051 3849 1082 3894; x_wconf 84' lang='lat' dir='ltr'>et</span> <span class='ocrx_word' id='word_1_265' title='bbox 1106 3831 1234 3894; x_wconf 79' lang='lat' dir='ltr'>lotidem</span> <span class='ocrx_word' id='word_1_266' title='bbox 1255 3817 1341 3914; x_wconf 75' lang='lat' dir='ltr'>referi</span> 
     </span>
     <span class='ocr_line' id='line_1_33' title="bbox 323 3925 1339 4023; baseline -0.007 -31"><span class='ocrx_word' id='word_1_267' title='bbox 323 3932 414 3993; x_wconf 84' lang='lat' dir='ltr'>Dum</span> <span class='ocrx_word' id='word_1_268' title='bbox 434 3927 546 4023; x_wconf 83' lang='lat' dir='ltr'>laffinn</span> <span class='ocrx_word' id='word_1_269' title='bbox 568 3937 662 3998; x_wconf 84' lang='lat' dir='ltr'>Titan</span> <span class='ocrx_word' id='word_1_270' title='bbox 678 3940 789 4018; x_wconf 81' lang='lat' dir='ltr'>mergit</span> <span class='ocrx_word' id='word_1_271' title='bbox 803 3959 919 3999; x_wconf 84' lang='lat' dir='ltr'>occano</span> <span class='ocrx_word' id='word_1_272' title='bbox 934 3934 1033 3997; x_wconf 77' lang='lat' dir='ltr'>iubar.</span> <span class='ocrx_word' id='word_1_273' title='bbox 1069 3935 1111 3994; x_wconf 83' lang='lat' dir='ltr'>Et</span> <span class='ocrx_word' id='word_1_274' title='bbox 1126 3930 1298 3994; x_wconf 80' lang='lat' dir='ltr'>Eustathiua</span> <span class='ocrx_word' id='word_1_275' title='bbox 1310 3925 1339 3981; x_wconf 88' lang='lat' dir='ltr'>in</span> 
     </span>
     <span class='ocr_line' id='line_1_34' title="bbox 323 4023 1340 4136; baseline -0.005 -42"><span class='ocrx_word' id='word_1_276' title='bbox 323 4037 516 4113; x_wconf 84' lang='lat' dir='ltr'>Dionyiinin</span> <span class='ocrx_word' id='word_1_277' title='bbox 538 4031 592 4123; x_wconf 80' lang='lat' dir='ltr'>[v.</span> <span class='ocrx_word' id='word_1_278' title='bbox 611 4032 719 4123; x_wconf 59' lang='lat'><strong>4752]</strong></span> <span class='ocrx_word' id='word_1_279' title='bbox 748 4031 801 4100; x_wconf 78' lang='lat' dir='ltr'>nai</span> <span class='ocrx_word' id='word_1_280' title='bbox 826 4029 926 4114; x_wconf 77' lang='grc' dir='ltr'>αὐτὸς</span> <span class='ocrx_word' id='word_1_281' title='bbox 941 4033 998 4124; x_wconf 74' lang='grc' dir='ltr'>μὲν</span> <span class='ocrx_word' id='word_1_282' title='bbox 1017 4031 1061 4108; x_wconf 72' lang='grc' dir='ltr'>δὶς</span> <span class='ocrx_word' id='word_1_283' title='bbox 1084 4029 1217 4118; x_wconf 71' lang='grc' dir='ltr'>ἑκάστης</span> <span class='ocrx_word' id='word_1_284' title='bbox 1237 4023 1340 4136; x_wconf 48' lang='grc' dir='ltr'><strong>ἡμέραι</strong></span> 
     </span>
    </p>
   </div>
   <div class='ocr_carea' id='block_1_5' title="bbox 321 4127 1339 4228">
    <p class='ocr_par' dir='ltr' id='par_1_7' title="bbox 321 4127 1339 4228">
     <span class='ocr_line' id='line_1_35' title="bbox 321 4127 1339 4228; baseline 0.012 -27"><span class='ocrx_word' id='word_1_285' title='bbox 321 4131 547 4227; x_wconf 77' lang='grc' dir='ltr'>μεταβάλλει,</span> <span class='ocrx_word' id='word_1_286' title='bbox 584 4135 717 4217; x_wconf 75' lang='grc' dir='ltr'>ἑπτάκις</span> <span class='ocrx_word' id='word_1_287' title='bbox 752 4137 785 4204; x_wconf 77' lang='grc' dir='ltr'>δὲ</span> <span class='ocrx_word' id='word_1_288' title='bbox 813 4135 852 4205; x_wconf 81' lang='grc' dir='ltr'>τὸ</span> <span class='ocrx_word' id='word_1_289' title='bbox 882 4133 960 4204; x_wconf 83' lang='grc' dir='ltr'><strong>ὅλοι</strong></span> <span class='ocrx_word' id='word_1_290' title='bbox 986 4133 1209 4228; x_wconf 65' lang='grc' dir='ltr'>νυχθήμερον·</span> <span class='ocrx_word' id='word_1_291' title='bbox 1241 4127 1339 4213; x_wconf 53' lang='grc' dir='ltr'>Μεθ’</span> 
     </span>
    </p>
   </div>
   <div class='ocr_carea' id='block_1_6' title="bbox 0 0 1412 4946">
    <p class='ocr_par' dir='ltr' id='par_1_8' title="bbox 0 0 1412 4946">
     <span class='ocr_line' id='line_1_36' title="bbox 0 0 1412 4946; baseline 0 1"><span class='ocrx_word' id='word_1_292' title='bbox 0 0 1412 4946; x_wconf 95' lang='lat' dir='ltr'> </span> 
     </span>
    </p>
   </div>
  </div>
 </body>
</html>
