2810 4944
392 499 480 558 Lm.
510 501 550 556 11.
600 501 706 560 ovi.
749 499 828 572 Μ.
1069 509 1131 578 443

88 669 164 732 aiibi
186 683 357 735 mutantur
377 675 530 738 invicem.
572 673 624 738 of.
641 675 679 738 ad
702 695 731 746 t.
754 688 786 752 5.
810 689 843 756 3.
877 675 994 756 Heyne
1016 675 1055 738 ed
1078 677 1134 740 Ti·

88 771 168 838 buli.
189 787 223 855 5.
245 798 275 846 r.
291 791 325 840 o.
350 805 400 822 -
435 779 500 842 Sed
516 789 549 841 et
565 777 694 864 vulgata
710 779 806 842 lectio
822 791 907 840 reete
923 778 1030 841 habet.

259 981 289 1058 §.
317 995 352 1056 7.
404 979 451 1042 ab
477 979 568 1064 iris)
619 983 671 1045 Sic
691 981 766 1044 libri
790 981 991 1044 Gronoviaui
1013 994 1045 1042 et
1068 983 1133 1044 urei

89 1099 165 1144 cunr
190 1081 265 1143 edd.
291 1103 320 1145 r.
346 1101 377 1145 a.
414 1083 487 1146 Post
511 1085 586 1146 iude
606 1083 645 1144 ab
667 1083 742 1146 edd.
761 1097 794 1162 5.
817 1093 851 1162 4.
877 1095 910 1160 5.
939 1083 1055 1162 quibus
1079 1083 1133 1144 hic

89 1179 216 1243 acreffit
243 1201 276 1261 9.
302 1185 339 1244 ad
362 1197 423 1262 qo.
448 1183 488 1246 ab
509 1187 571 1258 iis,·
605 1185 742 1266 reliquae
773 1185 980 1266 praecedente
1004 1185 1133 1245 lieiuol·

90 1285 146 1344 dio
170 1282 212 1344 ab
236 1287 296 1347 his.
351 1287 421 1348 i'id.
444 1287 482 1348 ati
510 1307 538 1356 ι.
558 1299 591 1362 5.
610 1299 643 1364 5.
674 1303 706 1360 2,
727 1299 759 1364 5,
777 1301 811 1364 7.
832 1299 865 1348 et
886 1285 973 1348 alibi.
1011 1287 1133 1369 capuit

87 1383 167 1446 hinc
190 1397 252 1466 qss.
274 1387 406 1448 initium
424 1391 459 1450 in
481 1389 610 1454 Vineto.

170 1587 501 1676 Carthaginem)
560 1589 645 1674 Lips.
679 1591 765 1656 Guri.
795 1591 887 1675 Prag.
918 1591 1133 1677 cartaginemr

89 1689 268 1776 itehuiger.
293 1713 462 1773 perrarum
493 1695 635 1758 vindob.
657 1695 772 1766 uiclril,
799 1709 835 1754 ut
855 1693 940 1758 aiibi.

166 1885 446 1986 Hasdrubal)
497 1897 605 1962 Cibin.
627 1896 801 1982 Rehdiger.
820 1893 901 1958 sorte
918 1895 981 1966 aiii,
1006 1907 1042 1956 ut
1057 1895 1131 1958 edd.

89 1995 259 2079 pleraeque
301 1999 338 2060 ad
376 1999 616 2062 Gronovienam
650 2009 711 2078 42.
751 1989 928 2089 Asdrubal,·
977 2003 1132 2078 quaedam

90 2101 189 2158 etiam
217 2112 253 2158 ut
286 2119 314 2160 t.
345 2117 376 2162 a.
405 2113 438 2176 5.
466 2121 501 2180 9.
535 2095 709 2192 asrinqrak
750 2099 818 2180 posi
848 2119 923 2160 curu
955 2099 1130 2160 Reinoldio

90 2193 299 2290 Hasdrubal,
333 2203 382 2262 uti
416 2203 495 2262 olim
526 2203 603 2264 inde
629 2223 647 2264 a
672 2201 835 2282 posteriori
861 2199 1002 2262 editione
1029 2201 1131 2279 (aa.)

91 2301 250 2360 t'autanae
277 2321 350 2362 cunr
377 2303 469 2366 MSS.
499 2303 584 2366 Gud.
619 2301 702 2384 Lips.
734 2301 825 2384 Prag.
856 2300 1028 2384 lieirdiger.
1082 2301 1131 2361 De

89 2401 302 2482 adspiratione
323 2403 386 2464 iure
404 2407 547 2468 revocari
568 2404 711 2488 possunt,
738 2423 817 2484 quae
840 2400 931 2485 supra
952 2403 991 2462 ad
1014 2419 1132 2464 rocem

87 2501 262 2564 Hannibal
282 2505 407 2568 monui.

164 2707 191 2768 1
195 2727 217 2766 n
245 2707 340 2770 iilis
364 2709 452 2770 oris
459 2707 479 2791 )
530 2707 615 2792 Lips.
637 2722 763 2772 tantum
783 2707 845 2770 iliis
867 2706 951 2780 orire
975 2706 1074 2768 Varie.
1097 2705 1132 2766 iu
1248 2739 1253 2748 ·

90 2806 180 2868 illias
200 2812 274 2878 oris,
299 2813 347 2868 uti
363 2811 498 2873 malebat
512 2812 712 2882 Ciacconiur,
738 2809 799 2872 scil.
818 2811 972 2872 Baeticae.
1012 2807 1131 2870 Pintia·

88 2931 150 2970 uoe
175 2911 217 2969 ita
241 2911 390 2996 dispungi
413 2913 558 2984 iubebat,
591 2925 628 2972 ut
650 2914 706 2972 trin
731 2913 782 2970 ilia
804 2911 899 2972 verba
922 2907 1132 2990 superioribus

89 3013 353 3094 adiungerentur.
403 3015 467 3077 Sed
484 3013 546 3078 stne
560 3015 675 3096 aptiori
691 3011 790 3083 sensu,
817 3031 891 3072 cum
906 3006 947 3070 ab
962 3037 1013 3054 -
1025 3007 1071 3071 ad
1081 3041 1131 3056 -

87 3115 291 3194 praecedant.

166 3307 316 3404 facit)
367 3317 497 3380 Novem
513 3317 606 3382 MSS.
624 3317 661 3382 A.
680 3317 851 3386 Gronovii,
875 3315 1003 3395 meique
1020 3332 1133 3376 omnes

91 3439 166 3481 tum
191 3419 267 3480 edd.
290 3433 365 3482 aute
384 3417 525 3482 Vosslum
547 3421 703 3500 pertinen
733 3432 857 3480 tantum
875 3413 1014 3478 vindob.
1037 3415 1134 3496 perti·

91 3532 183 3582 nent.
229 3521 294 3582 Soli
318 3521 517 3592 Prusenses,
543 3523 660 3604 quippe
685 3541 722 3582 ex
747 3519 861 3602 quibos
883 3517 965 3578 nihii
984 3515 1035 3576 hic
1057 3516 1133 3576 reia·

91 3635 271 3690 tumeret,
305 3625 455 3684 ridentur
479 3623 617 3684 habuisse
633 3613 743 3712 facit.
770 3641 843 3682 cum
865 3613 989 3686 voffio,
1015 3617 1069 3698 qui
1093 3615 1133 3676 fio

89 3725 189 3784 tacite
214 3721 319 3806 posuit
344 3724 546 3806 sequentibus
570 3727 681 3784 ceteris
709 3735 832 3804 praeter
853 3719 1081 3786 Reiuoldium‚
1116 3737 1134 3778 a

92 3844 160 3908 quo
179 3839 326 3886 revocata
347 3829 433 3908 prior
453 3827 548 3888 lectio
569 3827 673 3896 rediit,
700 3823 830 3908 probata
851 3823 958 3890 etiam,
984 3831 1021 3879 ut
1044 3829 1134 3878 notat

94 3929 134 3990 A.
168 3927 372 3996 Gronoviur.
408 3927 446 3989 ab
478 3927 729 4008 Ouderuiorpio,
768 3925 854 4006 quod
886 3922 929 3982 ita
959 3913 1132 4002 saepissime

94 4027 246 4110 loquatur
271 4043 390 4092 auctor.
449 4029 609 4110 Equidem
642 4027 788 4090 codicum
817 4023 999 4085 auctoritate
1027 4032 1135 4082 motae

96 4125 226 4202 accessi;
255 4131 321 4200 etsi,
348 4131 368 4188 li
390 4129 516 4192 alteram
533 4130 628 4210 aliqui
651 4141 732 4190 certa
748 4127 809 4188 fide
826 4123 976 4192 adserunt,
998 4123 1153 4190 minime.

93 4231 288 4316 improbem.
321 4231 406 4298 (iud.
429 4251 487 4316 pro
503 4231 548 4294 ari
567 4231 709 4294 ordinem
728 4227 833 4290 scribit
854 4227 900 4288 aci
920 4223 1079 4304 originem.
