2792 4940
343 407 435 464 mn.
464 405 502 462 ιι
553 407 585 464 c
613 409 649 462 11.
692 405 772 480 cg.
1025 419 1084 488 ηρ

10 571 11 648 ἶ
61 578 124 650 ine.
147 593 182 642 et
197 579 268 642 lanc
284 576 392 660 ipsum
406 577 467 660 eli,
493 579 758 662 qoodrolnmm.
808 577 872 644 Sed
887 599 964 644 vero
981 581 1085 644 llumi·

61 685 96 742 air
111 683 204 742 hoiua
225 701 333 743 nemo
356 681 436 742 aliua
459 683 627 754 meminit;
661 683 767 762 itaque
787 681 933 744 audacter
948 682 1083 756 affirmo.

61 803 99 863 pro
122 772 300 868 lintidnyrnr
325 783 500 866 legendnm
525 781 585 844 else
607 773 793 868 Kotloortte·
837 775 969 874 Cosetor
993 789 1082 848 enim

60 885 96 943 rel
111 876 254 976 Cosaeras
278 884 373 944 idern
395 883 455 954 cll,
487 885 542 964 qui
562 877 675 974 Neffos
699 885 750 946 vel
770 882 897 976 Nestos.
950 887 1021 948 Hoc
1044 885 1084 950 stc

10 1047 11 1064 p
60 987 183 1048 nitido:
222 985 459 1068 Pythagoram.
489 1005 564 1046 cnm
585 985 728 1047 transiret
751 983 867 1047 Nedon
889 987 942 1048 rel
964 987 1083 1050 Neston

59 1087 150 1148 summ
174 1086 217 1148 ab
244 1105 291 1148 eo
320 1084 492 1146 salutatum
514 1087 701 1168 Pythagora
719 1075 815 1178 soloe
834 1087 983 1150 testantur
1008 1091 1085 1152 Dio·

59 1207 129 1270 genes
147 1190 320 1257 Lentino
346 1180 403 1272 [8.
432 1179 509 1272 ιι.]
544 1187 746 1258 lamblichoa.
771 1183 820 1276 [c.
844 1201 898 1266 ιθ.
924 1211 957 1252 ιι.
981 1185 1084 1278 ιξς4.]

59 1291 102 1349 alii
148 1291 240 1352 lstud
262 1307 347 1350 vern
372 1287 492 1349 flumen
516 1290 601 1350 idem
616 1287 694 1358 esse,
724 1307 759 1350 ac
783 1289 818 1349 lit
835 1290 933 1360 illud,
961 1291 1085 1374 dequo

58 1391 209 1472 sionim.
240 1392 345 1452 docet
360 1387 432 1450 satia
450 1389 626 1452 Arislotelee
645 1389 730 1472 apud
745 1389 954 1470 Apollonium
971 1389 1086 1472 Dysco-

56 1491 101 1562 lnn.
120 1487 172 1578 [c.
197 1487 260 1579 6.]
297 1511 378 1552 cum
401 1491 544 1552 vicinum
566 1491 719 1552 Thraciae
740 1487 829 1552 soille
855 1489 968 1556 scribit.
1021 1493 1089 1554 lam

56 1611 112 1656 trrn
129 1594 258 1656 Neston
274 1593 332 1652 vel
348 1589 478 1662 Nelson.
491 1591 669 1675 promiscue
690 1593 776 1652 enim
790 1589 943 1664 scribitur,
965 1593 1088 1654 dictum

55 1715 161 1778 qnoque
179 1693 361 1760 colatum,
388 1691 471 1754 testie
492 1693 571 1754 mihi
588 1693 736 1754 Aeliano·
756 1694 827 1755 Var.
851 1693 906 1757 lib.
922 1703 957 1774 4.
981 1715 1008 1756 c.
1031 1709 1085 1768 17.

54 1799 169 1859 eandem
192 1815 334 1856 narrans
356 1792 534 1854 historiam:
566 1787 673 1856 ’Δλλᾶ
694 1785 748 1856 onl
771 1783 835 1858 ὑπὸ
850 1793 909 1859 τοῦ
933 1789 1088 1861 lionn‘roo

54 1897 192 1985 rarnpnii
221 1891 409 1968 διαβαίνων
434 1891 648 1983 προςιςῖῥὴθη,
681 1893 742 1960 τοῦ
765 1895 918 1984 ποταμοῦ
945 1891 1090 1972 εἰπόντος

55 1989 154 2078 αὐτῷ.
178 1996 290 2084 χαῖρε
314 1991 512 2084 Πυθαγόρα,
564 1998 615 2058 stc
639 2015 766 2078 quoque
786 1995 958 2080 legendum
980 1997 1035 2060 lib.
1056 2015 1088 2061 a.

55 2119 77 2160 c.
100 2103 154 2162 ιθ.
181 2099 275 2180 apud
302 2097 440 2158 eundern
463 2109 625 2159 annuente
647 2095 712 2159 sere
738 2097 821 2159 libro
837 2097 943 2160 nolito
968 2097 1090 2181 scripto,

55 2203 166 2280 inquo
192 2202 323 2284 legitur
346 2189 411 2260 ὑπό
437 2194 495 2261 τόν
522 2193 655 2262 lio'onnv
682 2193 844 2288 ποταμόν.
895 2199 1092 2282 Porphyrion

56 2303 85 2360 in
101 2304 162 2361 vita
177 2301 389 2382 Pythagorae
409 2293 463 2386 [n.
483 2315 538 2372 27.
553 2321 585 2382 p.
597 2313 654 2378 33.
673 2299 724 2362 ed.
741 2299 844 2382 Logd.
859 2295 986 2386 1707.]
1014 2301 1092 2364 haec

58 2402 110 2482 ipsa
129 2402 277 2466 reserens
300 2399 394 2461 habet
412 2389 600 2470 Koloenon.
631 2397 681 2461 sed
704 2399 826 2468 vitiose.
854 2403 886 2460 ni
909 2399 1006 2472 sallor.
1032 2421 1092 2486 pro

59 2499 240 2567 Μύσαιον.
299 2501 463 2562 Herodoto
487 2497 541 2588 [7.
562 2495 664 2586 109.]
687 2499 729 2562 cll
750 2495 949 2588 Κόμψατος,
977 2521 1094 2584 nempe

59 2605 175 2672 inserto.
203 2617 245 2664 ut
262 2600 354 2684 saepe
370 2602 418 2671 M,
446 2601 623 2684 stseqoatrrr
638 2603 682 2680 Σ,
708 2615 778 2662 tom
796 2601 917 2664 sibilans
934 2603 985 2664 islo
1003 2603 1095 2664 litera

59 2721 194 2766 motator
220 2706 256 2764 in
285 2703 337 2786 ψ,
369 2723 437 2764 non
458 2705 543 2786 apud
566 2704 702 2764 Graeroe
727 2715 850 2764 tantum
873 2717 904 2766 et
922 2705 1095 2774 llomanoa,

59 2807 102 2868 scd
116 2823 149 2868 et
165 2823 289 2868 omnen
307 2801 371 2864 sere
385 2817 507 2888 gentes.
559 2804 645 2864 Alter
665 2805 822 2874 Aelianus,
846 2807 900 2886 qui
919 2807 957 2866 de
978 2807 1098 2866 anima·

59 2909 136 2970 libus
153 2906 297 2988 scripsit.
323 2907 446 2988 integro
464 2902 527 2966 sere
545 2903 645 2967 seculo
665 2905 771 2966 iunior
787 2907 843 2966 illo
859 2907 973 2988 priore.
998 2901 1098 2968 coffi-

60 3013 142 3069 niten
160 3021 262 3070 vocat
282 3005 356 3084 [15.
378 3019 434 3082 25.
451 3009 512 3088 in]
533 3007 741 3082 hoedorum,
767 3009 962 3090 cognomine
980 3023 1097 3088 nempe

61 3113 150 3170 adfito
178 3109 308 3189 oppido
335 3107 477 3170 Cosinto.
542 3109 632 3168 Vnde
655 3121 797 3188 apparet.
828 3127 943 3168 verum
969 3106 1028 3168 else
1052 3109 1096 3178 id.

62 3213 140 3290 qnod
169 3211 254 3271 olim
281 3227 360 3289 puer
391 3209 628 3288 quatuordecim
657 3223 710 3266 aot
733 3209 918 3288 quindecim
938 3228 1099 3270 annorum

63 3311 177 3394 scripsi,
213 3325 247 3370 et
272 3329 373 3370 errare
400 3309 550 3370 invenem
572 3309 807 3394 grandaevum,
842 3327 916 3368 com
939 3311 970 3370 id
995 3307 1098 3390 ipsum

63 3427 161 3498 negat.
219 3411 465 3492 Argumentum,
491 3411 574 3491 qnod
597 3411 696 3478 nilon,
722 3409 882 3488 Scylacem
905 3411 937 3470 io
960 3429 1012 3470 ora
1036 3429 1100 3470 ma·
1152 3401 1155 3410 ’

64 3517 168 3576 citima
190 3509 398 3573 describenda
421 3529 486 3572 non
508 3509 641 3594 potuisse
659 3511 858 3570 mentionem
875 3507 973 3576 lacere
994 3509 1101 3570 llumi·

65 3619 125 3684 nse.
151 3633 226 3675 non
247 3613 282 3670 in
304 3631 406 3690 utare,
433 3627 468 3672 ut
487 3613 642 3694 loquitur,
676 3609 726 3672 sed
750 3613 782 3670 in
806 3613 953 3692 paludem
978 3609 1005 3670 se
1027 3629 1101 3673 exo·

65 3730 193 3778 oeranoe
216 3701 434 3784 Bistonidem;
473 3713 552 3776 clare
574 3711 644 3774 satia
668 3711 819 3780 ollendit.
851 3711 952 3794 ipsum
973 3709 1100 3782 nescire,

66 3820 136 3897 quid
161 3815 211 3877 rei
231 3814 269 3874 lit
290 3813 378 3894 palor
394 3813 540 3878 Bistonis.
579 3811 769 3896 Vulgaribue
785 3833 901 3894 nempe
917 3813 1102 3884 Ptolomaei,

67 3939 138 3998 quea
161 3915 374 3979 concinnavit
391 3914 557 3986 Mercator,
584 3917 734 3995 deceptos
754 3913 878 3982 tabulis.
904 3917 1028 3996 putavit
1054 3913 1104 3972 lli·

68 4019 222 4080 stonidem
249 4015 399 4099 paludem
424 4015 483 4078 else
504 4015 645 4100 stagnum
672 4015 938 4076 mediterraneum
961 4015 1103 4093 midique

69 4119 205 4182 clausurn
224 4131 259 4180 et
279 4117 367 4198 quod
390 4118 515 4178 nullum
536 4120 571 4179 in
592 4137 676 4178 ntare
697 4113 810 4178 habeat
831 4116 965 4178 exitum.
1009 4115 1106 4196 dtqoi

111 4238 210 4308 emp.
235 4233 328 4290 oreta.
353 4233 389 4287 r.
408 4235 446 4290 rr.
762 4217 776 4278 1
