2826 4936
331 421 421 476 LIB.
451 421 505 474 111.
556 419 589 476 C.
612 419 662 478 vt.
705 417 731 490 ί.
755 417 786 476 6.
1024 436 1083 500 179

43 597 185 660 auctoris
203 593 308 679 elogio
328 593 551 655 imminutum.
587 611 786 656 rrurtsuvs.
823 595 938 676 Ignari
961 595 1084 680 magis)

42 702 161 780 Magis
181 696 334 780 particula
355 695 520 764 redundat,
548 715 682 778 casuque
701 715 760 758 nec
776 697 875 758 Aldus
894 698 999 770 habet,
1024 719 1085 760 nec

43 803 182 882 antiqui.
217 814 429 859 crsrzcotuvs.
473 797 611 858 Pietatis
631 791 801 860 admodum
822 799 984 881 expertes)
1035 801 1083 864 Ab

43 905 192 966 editione
222 895 365 961 Vossraua
389 896 501 958 absunt
527 899 586 960 hae
612 919 723 972 voces,
758 921 878 982 neque,
911 915 1019 962 utrum
1045 903 1086 964 de

45 1003 199 1065 industria
221 999 376 1083 expulsae,
397 1021 436 1060 an
454 1001 674 1082 imprudenter
690 1001 826 1072 omissae,
849 1002 976 1066 coustat.
1016 1003 1085 1066 Nur

43 1106 171 1167 nuliam
196 1102 317 1164 causam
343 1103 500 1173 vidimus,
535 1123 589 1162 cur
611 1124 677 1164 non
699 1104 948 1176 restitueremus,
982 1125 1084 1186 quum

44 1209 109 1270 sint
129 1209 162 1268 in
183 1207 274 1268 MSS.
328 1203 397 1264 Nec
414 1225 490 1264 vero
510 1203 623 1264 desunt
639 1207 796 1276 rationes,
820 1225 876 1267 cur
893 1207 1010 1288 probae
1028 1225 1086 1270 uo·

47 1325 101 1370 tae
124 1311 192 1369 sint.
243 1307 339 1370 Certe
362 1305 445 1366 nihil
463 1305 521 1374 esi,
549 1307 634 1366 unde
657 1309 783 1390 colligas
800 1307 858 1368 esse
877 1309 1086 1389 appendicem

45 1411 251 1494 glossematis,
278 1408 376 1488 quud,
402 1421 439 1467 ut
461 1410 494 1466 iu
517 1408 597 1478 aliis,
622 1410 665 1468 ita
686 1413 767 1470 etin
791 1410 1018 1472 Mediolanensi
1035 1430 1087 1471 ex·

46 1513 105 1576 stat
126 1513 218 1572 libro.
255 1531 277 1572 r.
305 1527 510 1570 onouovtvs.
565 1510 662 1592 Quod
686 1513 894 1592 expunxerim
921 1533 955 1572 ea
978 1513 1086 1582 verba,

45 1617 80 1676 id
103 1615 177 1674 ideo
195 1611 264 1680 seci,
288 1611 374 1692 quod
395 1608 555 1671 manifeste
574 1627 729 1692 appareat,
754 1633 788 1673 ea
803 1611 863 1674 esse
879 1614 1089 1694 appendicem

47 1715 245 1800 glossematis
267 1713 481 1794 praecedentia
504 1715 607 1792 magis
623 1733 718 1795 qnam
734 1713 817 1774 aliae
836 1727 945 1794 gentes
965 1715 1091 1797 aliqua·

47 1831 143 1878 tersus
164 1831 268 1876 rameu
291 1815 395 1894 gnari,
421 1815 545 1894 pietatis
565 1813 735 1876 admodum
751 1829 901 1896 expertes,
924 1817 1088 1896 quomodo

46 1921 83 1980 in
100 1920 253 1980 Vaticano
269 1930 299 1977 et
319 1919 350 1974 iu
368 1915 536 1985 omnibus,
560 1935 640 1997 quos
662 1917 747 1988 vidi,
771 1917 1002 1998 antiquioribus
1022 1916 1091 1978 scri·

47 2035 147 2105 ptum
174 2021 286 2080 inveni
313 2017 412 2078 libris.
466 2019 504 2078 ln
531 2017 738 2098 quibusdam,
774 2017 825 2079 sed
849 2020 1090 2106 recentioribus,

49 2117 178 2184 orniss'ts
202 2119 379 2202 prioribus,
424 2116 582 2200 sequentia
612 2133 736 2180 tanturn
769 2133 970 2200 comparent,
1003 2121 1092 2202 quod

49 2247 120 2286 non
144 2223 265 2305 probo;
300 2223 511 2302 nequeenim
533 2223 639 2288 iuvat,
672 2222 691 2280 sr
718 2223 789 2304 quis
812 2223 984 2290 existimet,
1017 2225 1091 2284 ideo

51 2328 163 2386 haeca
182 2325 265 2384 Mela
285 2324 357 2390 dici,
384 2323 469 2403 quod
483 2322 593 2384 Strabo
615 2320 691 2410 [lib.
707 2335 742 2402 4.
759 2345 790 2404 p.
802 2345 845 2384 m.
865 2318 1092 2410 139.s.201.]

53 2426 190 2496 reserat,
235 2423 353 2484 incolas
389 2425 543 2485 Iuvernae
575 2445 648 2484 curn
681 2425 834 2485 matribus
864 2438 897 2483 et
933 2423 1093 2486 sororibus

52 2527 191 2590 misceri.
243 2527 335 2588 ldem
357 2527 444 2586 enim
461 2525 499 2586 de
515 2527 666 2586 omnibus
682 2527 842 2586 Britannis
857 2523 951 2586 refert
968 2523 1093 2587 Caesar:

54 2627 177 2718 [dett.
197 2627 286 2703 G.5,
308 2623 385 2712 rip]
417 2626 538 2686 Uxores
559 2625 676 2686 liabent
700 2627 773 2686 deni
797 2625 991 2706 detoderu'qree
1012 2627 1095 2688 t‘rtter

47 2726 86 2824 se
108 2751 303 2796 corremrures,
331 2741 360 2788 et
376 2729 512 2788 maxime
523 2719 651 2816 fratres
666 2749 735 2786 eum
750 2719 918 2824 fratribus
937 2741 968 2788 er
984 2747 1095 2805 paren·

54 2848 103 2894 tes
126 2853 198 2892 eum
223 2827 339 2890 liberis.
385 2849 514 2890 vostras
543 2831 574 2889 iu
599 2829 772 2909 appendice
796 2827 841 2888 ad
864 2829 896 2889 h.
918 2827 940 2890 Ι.
995 2829 1097 2892 Verba

54 2935 261 3016 aliquatenus
275 2945 380 2990 tamen
401 2931 496 3010 gerari
513 2943 619 3011 aperte
637 2929 741 2991 adsuta
757 2928 826 2989 sunt
843 2943 875 2990 et
890 2929 970 2990 maie
988 2927 1095 2994 sedulo

54 3034 321 3106 defendendendi
347 3031 445 3094 studio
468 3045 549 3094 nata.
612 3035 653 3092 dt
674 3051 750 3093 vero
777 3033 844 3091 ilia:
878 3031 979 3112 magis
1001 3050 1097 3112 quam

53 3139 142 3199 aliae
163 3148 281 3216 gentes,
305 3147 347 3200 et,
371 3133 501 3210 pietatis
517 3131 688 3192 admodum
709 3149 850 3213 expertes
867 3131 966 3192 dubio
987 3135 1098 3196 nimis·
1127 3205 1130 3214 ,
1160 3206 1163 3213 ¹

55 3261 121 3322 que
147 3242 270 3298 incerto
290 3237 409 3296 iudicio
431 3235 571 3294 damnari
595 3237 761 3314 videntur,
793 3249 826 3296 et
848 3233 900 3294 vel
922 3233 1036 3298 melius
1059 3235 1098 3298 stc

55 3341 226 3404 servantur
250 3339 386 3420 integra,
424 3337 476 3398 vel
499 3337 635 3396 omuino
657 3339 868 3404 omittuntur,
902 3335 989 3414 quod
1012 3355 1099 3418 prae·

55 3443 211 3506 tulerim,
254 3459 326 3497 cum
360 3439 519 3498 adiectum
553 3449 695 3514 expertes
729 3437 870 3499 colorem
900 3433 1099 3518 formamque

56 3543 217 3606 orationis
239 3539 479 3620 Ponrponianae
504 3539 637 3599 mininie
659 3535 788 3608 reserat,
823 3539 879 3598 nist
901 3537 971 3617 quis
991 3552 1102 3600 contre

55 3648 162 3706 libros
177 3639 216 3706 τὸ
239 3642 346 3720 ignari
365 3641 477 3701 eiicere
496 3641 595 3702 malit.
647 3641 733 3700 Tum
749 3659 826 3702 vero
843 3637 1023 3707 adurodum.
1052 3653 1101 3701 ut·

59 3767 189 3828 cunque
211 3744 364 3822 explices,
392 3741 500 3802 minus
518 3741 598 3802 bene
621 3742 791 3810 convenit,
818 3743 919 3800 immo
937 3753 970 3798 et
988 3739 1100 3814 Meus,

60 3853 94 3910 ui
115 3849 217 3916 fartor,
238 3859 268 3904 et
286 3843 381 3903 nexui
396 3843 499 3922 aptius
516 3840 634 3902 suiss'et:
660 3843 796 3902 oraru'um
817 3845 971 3900 vlrtutum
988 3844 1102 3922 ignari,

61 3953 197 4028 pietatis
225 3949 344 4026 atique.
396 3943 552 4004 Pietatem
576 3945 663 4002 enim
684 3963 722 4004 ex
746 3944 897 4003 ouuribus
927 3943 1103 4007 virtutibus

60 4053 96 4110 in
119 4053 227 4134 primo
250 4048 319 4108 loco
342 4057 373 4106 et
395 4045 533 4104 maxime
554 4043 696 4124 exposito
721 4042 974 4125 conspiciendum
999 4047 1102 4126 ponit,

59 4167 210 4235 recteque
234 4151 268 4210 id
287 4147 371 4218 steri,
397 4144 462 4229 ipsa
480 4142 578 4208 Vossti
597 4159 673 4208 uota
695 4148 821 4226 patitur.
868 4144 977 4206 diovit
998 4161 1104 4210 tamen

683 4245 719 4306 M
748 4260 770 4312 Ω
