2784 4944
323 417 387 484 38ss
626 407 868 468 POMPONII
905 409 1064 466 MELAE

334 585 413 646 126.
432 581 452 646 l.
475 593 555 660 182.
578 576 686 646 scabino
708 577 854 656 λιθῶδες.
908 583 949 644 Ar
967 583 987 642 li
1004 583 1057 644 vel
1074 601 1197 660 campus
1211 577 1338 642 infercias

329 687 393 754 hic,
419 683 533 746 rolirlet
550 699 654 746 tamen
676 685 761 754 litus,
788 685 826 745 ad
844 685 935 766 quod
958 705 1014 767 per
1031 683 1251 768 arlposttionem
1268 702 1337 739 corn·

328 809 388 866 pru
408 784 610 848 referendum
630 787 678 848 lit.
727 787 830 848 Porro
848 790 945 848 etium
959 787 998 848 sic
1010 789 1125 850 rectius
1139 783 1190 880 est,
1212 803 1297 866 quam
1314 792 1339 842 et

329 891 455 975 legitur.
495 887 569 950 Poll
590 887 674 950 Gud.
696 901 728 950 et
747 900 878 952 vocant.

405 1089 606 1173 Albiana)
654 1091 701 1153 lta
720 1091 793 1154 libri
814 1111 937 1164 omnes,
963 1105 997 1155 et
1016 1091 1089 1156 etld.
1113 1091 1260 1172 antiquae,
1284 1101 1339 1147 tan·

330 1209 400 1256 tum
427 1217 455 1256 r.
480 1191 637 1266 tatbiona,·
677 1207 710 1271 5.
739 1177 888 1267 atheum
925 1209 1098 1276 praeeunte
1121 1193 1267 1259 varliano,
1295 1190 1338 1250 16.

337 1310 391 1372 ιδ.
415 1313 473 1358 21.
500 1311 557 1358 Μ.
587 1307 641 1374 24.
672 1307 727 1372 25.
758 1296 973 1368 Olivarianae‚
1012 1297 1165 1364 Vinctus,
1196 1293 1338 1357 Schottus.

330 1395 470 1466 Vossius,
495 1409 555 1473 4ο.
577 1409 636 1475 sit.
660 1408 720 1476 42.
742 1395 920 1470 Albiousut‚·
946 1419 1021 1458 cum
1042 1397 1255 1459 lieiuolrlianls
1274 1405 1340 1454 cete·

330 1519 381 1560 rae
404 1501 518 1559 iteruin
542 1496 685 1561 Albiones.
736 1498 808 1559 Post
831 1519 887 1580 pro
909 1499 1046 1579 Bergion
1069 1497 1162 1562 Paris.
1185 1519 1211 1560 r.
1230 1513 1259 1558 Ω.
1279 1495 1341 1554 Ber·

329 1603 436 1682 girum
462 1599 564 1661 Vatic.
589 1613 619 1678 5.
645 1613 677 1660 et
700 1599 790 1684 Prag.
815 1601 968 1679 Gergiou,⁸
995 1600 1027 1662 V
1029 1596 1127 1666 clitus
1142 1621 1178 1661 ex
1195 1596 1341 1660 nonnullis

329 1700 424 1764 refert
447 1701 631 1780 Burgiuuo;
667 1721 707 1761 ex
730 1702 803 1763 etld.
830 1702 911 1762 duce
936 1701 1079 1763 Vadiauo
1110 1704 1251 1769 eaedem,
1275 1715 1341 1780 quae

329 1817 429 1872 antea,
457 1803 625 1882 Bergioua.
656 1821 861 1864 uzecuvctsu.
912 1801 977 1866 Pro
993 1801 1131 1866 Albiana
1147 1804 1226 1884 [virl.
1241 1802 1286 1862 erl.
1301 1799 1341 1876 5.]

330 1905 530 1966 scribendum
555 1900 699 1966 Albiones.
734 1923 919 1966 nannenus.
975 1904 1133 1966 Nonnulli
1151 1919 1265 1964 veteres
1281 1899 1342 1958 libri

329 2008 440 2090 legunt
459 2005 638 2085 Burgiouo,
665 2005 717 2064 alii
742 2005 886 2085 Gorgion.
937 2005 1129 2085 Auouymus
1146 2009 1183 2067 do
1204 2005 1276 2070 Diis.
1299 1999 1343 2080 qul

330 2107 545 2188 Apollodorus
569 2105 665 2188 vulgo
689 2106 844 2176 creditur,
875 2106 971 2168 hosce
997 2109 1143 2189 Neptuni
1165 2109 1241 2168 lilios
1265 2113 1343 2164 vocat

330 2201 385 2293 [o.
410 2219 442 2282 5,
475 2199 550 2292 10.]
577 2199 755 2282 ’Λλεβίωνα
779 2221 811 2268 et
832 2204 1007 2296 Δέρκυνον,
1038 2211 1144 2292 aitque
1168 2228 1220 2270 eos
1243 2201 1343 2267 occisos

328 2307 417 2369 luille
441 2307 479 2368 nb
506 2308 651 2369 Hercule.
702 2309 754 2370 Sic
776 2329 902 2391 quoque
923 2312 1056 2370 Tzetzes
1081 2309 1275 2374 chiliarlibus.
1297 2298 1343 2388 [2t

332 2403 437 2493 glun]
465 2409 522 2469 ubi
543 2409 583 2469 de
600 2409 735 2470 Hercule
758 2411 834 2493 agit.
885 2413 1018 2472 atvero
1040 2413 1119 2472 ulter
1133 2415 1271 2478 Tactus,
1294 2407 1345 2483 Ly·

328 2511 502 2594 cophronis
524 2511 689 2593 interpres,
713 2511 767 2590 [ad
785 2533 817 2573 u.
835 2512 935 2592 648]
961 2511 1087 2573 fratrem
1112 2512 1271 2574 Alebionis
1290 2507 1345 2585 [uti

327 2613 454 2694 quitiam
472 2612 536 2684 ibi;
563 2613 595 2670 in
611 2613 679 2672 aliis
694 2599 895 2692 Ἀλεξίωνος]
916 2627 1006 2675 vocat
1029 2614 1191 2696 Ligurem.
1219 2627 1344 2672 rosetus.

327 2716 505 2776 Enimvero
532 2714 666 2795 dignuin
701 2711 885 2796 politilltuto
913 2715 1095 2797 Pomponio
1130 2711 1281 2776 nitorem!
1317 2723 1345 2768 ut

327 2817 472 2876 eiusdem
494 2815 715 2876 declinationis
739 2815 818 2876 duos
838 2811 922 2876 caius
941 2817 979 2876 stc
1002 2818 1118 2876 variata
1137 2813 1344 2876 terminatione

328 2917 469 2988 efferret,
511 2917 596 2977 nulla
636 2913 779 2996 prorsum
813 2915 972 2978 suavitatis
1004 2917 1126 3001 gratia?
1189 2919 1267 3001 Quis
1295 2913 1346 2972 huc

327 3018 458 3079 credat‘l
514 3019 609 3097 Atqui
643 3019 704 3076 iarn
741 3019 818 3076 olim
855 3018 907 3078 hic
937 3019 1055 3080 lectum
1080 3017 1234 3089 Albiana,
1272 3013 1345 3074 uuile

326 3119 480 3180 Barbarus
502 3119 632 3178 monuit
656 3119 828 3201 legendum
849 3117 991 3180 Albiano.
1046 3122 1155 3180 lmnro
1180 3117 1243 3200 iple
1263 3117 1347 3178 etiam

326 3221 361 3278 in
388 3221 455 3280 MS.
481 3219 542 3302 legi
566 3221 645 3279 clare
665 3217 815 3288 Albiones,
847 3219 1004 3302 habetque
1026 3223 1086 3282 iant
1108 3223 1236 3281 Iuntina
1258 3217 1345 3280 editio

326 3334 360 3380 et
377 3319 444 3382 MS.
464 3321 723 3390 Mediolanensrs,
752 3339 810 3380 nec
829 3321 918 3383 aliter
938 3323 1054 3384 citabat
1071 3318 1198 3386 Volllus
1218 3334 1300 3404 pater
1318 3319 1346 3375 in

326 3421 383 3492 lib.
414 3443 441 3484 1.
469 3421 509 3482 de
532 3423 711 3483 ltlololatria
737 3422 856 3484 Gentil.
881 3443 945 3506 cap.
973 3437 1030 3504 55.
1083 3426 1194 3503 ltaque
1217 3424 1277 3482 boc
1297 3435 1345 3500 pro

326 3519 495 3584 certiffimo
523 3524 715 3584 babendum.
768 3524 910 3584 Alterum
941 3525 1099 3606 Bergiona
1131 3527 1225 3605 plone
1250 3525 1347 3584 fictum

325 3623 500 3705 falluntque
515 3623 574 3684 elle
589 3638 716 3706 apparet
730 3624 782 3683 vel
800 3626 891 3696 inde,
922 3628 1006 3708 quorl
1030 3619 1155 3687 Voffius
1177 3625 1300 3687 testetur
1318 3623 1346 3678 iu

324 3725 393 3786 aliis
412 3725 572 3788 veteribus
593 3727 683 3786 libris
704 3727 767 3808 legi
786 3726 939 3806 Gorgion,
973 3743 1042 3788 turn
1060 3729 1157 3788 etiam
1176 3748 1215 3788 ex
1232 3724 1346 3788 Graecis

322 3823 557 3898 fabulatoribus,
582 3831 637 3909 qui
653 3827 738 3887 hunc
752 3827 944 3907 pollrernuur
961 3843 1075 3892 vocant
1097 3825 1267 3914 Δέρκυνον,
1293 3825 1346 3883 11⁰0

323 3928 379 3997 ell.
414 3928 570 3990 vocabulo
602 3931 709 3990 tertiae
736 3929 967 3994 declinationis.
1019 3933 1089 4016 Ego
1114 3943 1199 3991 certe
1225 3931 1257 3987 in
1286 3925 1346 3984 uls.

323 4019 485 4111 perspicue
511 4031 573 4114 legi
599 4031 747 4108 Bergion.
808 4033 916 4112 ltaque
951 4031 1053 4094 secure
1085 4045 1118 4094 et
1143 4043 1273 4112 propter
1298 4025 1346 4084 has

321 4134 457 4194 rationes
476 4133 593 4194 abhinc
613 4134 724 4194 edatur
742 4128 877 4216 Albiano
894 4148 924 4196 et
941 4135 1086 4216 Bergion.
1137 4133 1202 4194 Sed
1221 4145 1253 4192 et
1269 4143 1347 4212 prae-
