2792 4940
12 433 17 532 i

356 445 445 502 urs.
477 447 512 500 n.
556 443 588 502 c.
611 447 661 502 nr.
704 445 782 516 si.
1022 455 1079 518 181

49 617 218 681 Gronovius
250 617 317 680 fine
351 617 451 681 dubio
480 640 519 684 ex
544 621 595 684 ed.
620 619 778 690 Putsohii,
812 617 869 682 ubi
895 619 934 682 fic
958 617 1014 682 lib.
1046 635 1077 682 s.

47 741 68 800 p.
85 741 161 800 ¹9¹·
186 721 324 805 legitur.
377 725 419 784 dt
439 722 474 784 in
495 723 546 784 ed.
569 725 671 806 prima
691 723 788 786 Pierii
812 723 968 802 Cynrinii.
996 719 1077 782 Nes·

46 823 96 902 poli
122 835 236 902 1532.
259 819 320 884 foi.
346 842 378 904 p.
403 835 460 900 78.
484 826 641 908 reperitur
665 829 818 904 pressione.
854 845 912 886 nuc
934 825 1022 883 aliter
1041 823 1076 884 in

46 923 153 986 dnobus
183 924 361 988 Ciceronis
385 925 480 996 locis.
512 927 599 1008 quud
620 943 652 988 et
675 929 716 988 iio
745 927 873 1008 reperiit
900 925 1076 986 constanter

44 1024 82 1084 ed.
95 1025 185 1088 usfil.
210 1037 322 1101 ¹55¹·
343 1037 377 1102 8.
404 1047 436 1108 p.
457 1039 540 1106 234.
573 1028 628 1090 sifi
644 1029 718 1090 aiios
737 1029 880 1107 proxime
894 1039 925 1086 et
941 1027 1076 1086 maxims

44 1127 164 1188 invicem
186 1129 390 1188 commutari
413 1129 591 1190 docueruut
614 1129 824 1212 Oudendorp.
845 1129 882 1188 ad
904 1129 962 1188 lui.
986 1125 1073 1190 Caes.

46 1225 123 1290 reu.
144 1227 186 1289 G.
210 1229 270 1288 iib.
292 1241 325 1304 3.
342 1225 365 1290 f.
392 1241 423 1290 et
442 1249 523 1310 quos
541 1245 708 1292 memoror.
760 1233 822 1292 Sed
845 1229 915 1290 sunt
940 1229 1074 1310 piurima

46 1329 88 1388 dir
107 1331 281 1410 utriusque
303 1327 423 1392 formae
447 1332 481 1390 in
496 1331 654 1394 adverbiis
670 1332 831 1414 exempla,
857 1351 935 1412 quae
954 1349 969 1388 n
987 1329 1075 1392 libris

45 1431 155 1492 remitis
172 1445 208 1492 et
225 1431 407 1492 editoribus
422 1433 518 1492 etiarn
534 1435 704 1496 variantur.
731 1435 785 1496 Sic
798 1423 919 1523 secrete
942 1429 1075 1490 Publius

46 1531 98 1606 Syr.
116 1553 149 1594 v.
167 1531 263 1617 697.
301 1532 356 1592 ubi
375 1532 540 1596 Bentleius
552 1525 687 1626 secreto.
741 1533 837 1596 Certo
860 1545 1007 1601 eirene,
1034 1531 1074 1592 ds

45 1633 140 1710 oribus
161 1633 316 1696 scheller
349 1635 383 1694 in
409 1633 576 1698 observati.
609 1655 641 1718 p.
665 1649 725 1716 39.
759 1635 845 1716 spud
876 1635 1008 1696 Terent.
1040 1631 1075 1692 in

45 1732 160 1796 Phorm.
189 1755 222 1804 ι,
248 1749 284 1812 3,
311 1751 365 1798 12.
409 1735 601 1816 Opportuna
622 1749 656 1796 et
677 1749 854 1818 opportune
875 1737 908 1796 in
932 1731 1023 1796 Oroi.
1042 1744 1075 1810 5,

49 1849 91 1910 15.
119 1835 177 1896 nbi
203 1857 242 1894 v.
269 1835 480 1918 Havercsmp.
505 1859 538 1920 p.
561 1851 644 1918 323.
694 1833 861 1926 Inofitato
882 1837 964 1918 opud
989 1833 1074 1898 Plio.

46 1935 244 2021 ioPanegyr.
270 1956 339 2018 cap.
364 1949 396 2014 5.
422 1939 510 2018 quod
533 1939 578 2000 ibi
600 1939 740 2000 exercuit
761 1939 872 2000 doctos
893 1941 1000 2006 viros,
1033 1935 1075 1996 de

45 2057 95 2114 quo
108 2037 335 2101 schwartzius
352 2039 391 2098 od
414 2059 441 2102 c.
458 2039 479 2099 l.
530 2039 704 2103 Commodo
722 2059 761 2102 ex
778 2039 920 2102 Charii'ro
936 2051 967 2100 si
985 2035 1076 2100 Cice·

44 2157 107 2199 rone
127 2139 194 2221 ipio
219 2151 335 2199 tuetur
356 2139 521 2203 Manutius
543 2142 581 2202 od
603 2141 705 2204 Cicer.
728 2141 766 2202 sd
783 2138 896 2202 divers.
919 2161 948 2209 s,
972 2159 1001 2202 1.
1028 2157 1076 2200 rs·

45 2241 151 2301 nitente
181 2255 302 2301 samen
329 2239 478 2304 Graevio.
528 2245 576 2304 lu
603 2243 741 2302 maximo
770 2261 829 2324 pro
852 2241 1004 2308 maxime,
1037 2251 1075 2300 ut

48 2361 105 2400 oero
122 2361 179 2422 pro
197 2361 278 2402 vere
300 2341 370 2402 vuit
385 2341 529 2406 Gronov.
551 2345 585 2404 in
601 2343 705 2405 Gellio
726 2361 780 2422 19,
805 2357 838 2420 3.
876 2343 928 2404 Sic
948 2361 1075 2410 arcano,

49 2445 140 2512 tacito,
163 2433 275 2532 falso,
297 2445 409 2520 primo,
431 2445 471 2504 de
485 2443 602 2526 quibus
619 2457 741 2526 praeter
755 2441 932 2508 charisium
952 2437 1075 2504 Voffius

50 2541 84 2600 de
100 2558 156 2604 ane
177 2544 364 2605 Gramma.
383 2546 417 2614 6,
445 2565 456 2604 r
464 2561 499 2624 9.
557 2545 621 2606 Hic
645 2557 751 2626 aperte
777 2545 900 2606 codices
922 2543 1077 2604 ioeiinant

47 2643 79 2699 ud
96 2647 262 2720 proximo,
288 2645 375 2724 quod
391 2663 524 2706 movere
541 2660 595 2708 aut
616 2659 738 2708 mutare
756 2645 910 2708 dubitavi.
953 2645 979 2706 1.
997 2643 1077 2706 Gru·

44 2749 148 2808 novius
163 2747 325 2809 emendat
342 2767 364 2806 o
379 2747 542 2826 proximo,
570 2749 690 2832 dequo
706 2747 868 2832 deinceps.
961 2787 965 2792 ·

100 2939 309 3040 spatiosa
339 2961 379 3010 et
404 2947 581 3034 Helias)
630 2951 821 3014 Reinoldins
842 2947 931 3012 dedit
951 2959 982 3009 et
998 2936 1078 3037 spo·

43 3041 116 3140 riusa
130 3065 162 3112 et
177 3049 316 3121 Helian
349 3051 399 3112 sd.
417 3051 535 3138 Soling.
557 3049 697 3136 (1558.)
725 3071 781 3132 29.
805 3065 863 3132 33.
883 3048 925 3144 est
947 3047 1079 3120 Hellasr

42 3149 75 3211 ro*
95 3167 126 3214 et
149 3167 231 3214 ante
246 3150 362 3214 Helias
376 3151 490 3214 abiecit
508 3149 631 3217 Voffius
647 3173 783 3235 cumque
804 3173 843 3216 eo
863 3161 923 3232 4⁰·
939 3161 998 3229 [μ.
1014 3161 1075 3228 42.

41 3271 93 3312 neo
125 3251 297 3336 agnoviiie
329 3253 481 3316 videntur
505 3253 599 3318 Poris.
624 3271 656 3320 2.
681 3267 713 3334 3.
747 3267 778 3316 st
810 3253 933 3316 servant
966 3251 1079 3331 reliqui

42 3354 165 3416 codices
186 3373 266 3414 oum
283 3353 482 3418 editionibus
497 3357 576 3417 eliis.
609 3357 635 3418 1.
653 3356 840 3418 Gronovius
858 3367 964 3416 tomen
983 3355 1080 3412 eriam

44 3451 129 3541 efter
143 3467 177 3515 et
197 3473 241 3516 ex
256 3452 360 3516 codd.
383 3453 494 3518 adfert.
532 3457 596 3519 Pro
611 3456 724 3520 Hellas
743 3455 825 3539 Lips.
848 3455 943 3526 ellim
970 3453 1076 3514 Horu.

45 3551 129 3639 Prag.
154 3553 248 3626 elmi
287 3573 315 3616 ¹·
339 3562 372 3634 ὅ·
395 3565 482 3635 4.st
504 3557 638 3621 Vinctus
660 3557 782 3632 Helm,-
818 3575 848 3620 Ω.
874 3554 1010 3626 Heleon
1044 3571 1078 3632 9.

46 3655 172 3718 linteas.
218 3673 425 3720 rzscuvcns.
485 3661 532 3721 Ac
558 3661 702 3742 proxime
723 3647 876 3752 spatiosa
899 3653 942 3748 est
969 3654 1081 3718 uenas

47 3753 184 3840 nomine)
237 3757 348 3819 Scribo
367 3759 414 3820 Ac
434 3761 576 3840 proxime
589 3751 742 3853 spatioso
762 3773 792 3820 ee
810 3757 924 3822 Helius
944 3757 1080 3818 nomine.

50 3876 249 3920 rrnrrsnvs.
302 3859 365 3920 Pro
386 3857 544 3954 verborfi
566 3864 598 3924 in
616 3863 652 3924 V.
667 3861 705 3924 G.
730 3861 915 3923 coniunctio
938 3871 969 3920 et
988 3857 1082 3918 habs·

50 3973 108 4030 ur,
143 3975 183 4020 ur
207 3959 383 4042 legendum
404 3960 457 4022 fit:
508 3967 555 4026 Ac
573 3965 718 4044 proxime
736 3951 888 4053 speciosa
912 3973 943 4021 er
968 3959 1083 4022 Hellas

51 4065 181 4124 nomine.
210 4079 422 4126 crocconrvs.
470 4061 595 4126 Mutari
612 4063 857 4134 distinctionem,
879 4081 978 4144 quum
996 4061 1082 4130 hoec,

53 4163 124 4226 iiic
145 4165 312 4249 legantur.
344 4183 411 4227 non
427 4159 544 4248 poffinr
565 4167 718 4252 coniungi
740 4163 1018 4250 praecedentibus.
1052 4174 1085 4225 et
