2784 4944
291 389 356 466 3⁶⁴
581 381 842 448 romoetu,
874 381 1039 473 diem

291 575 329 624 ut
353 561 389 624 iit
420 557 549 630 Puden,
590 555 746 626 Pedonis,
781 567 835 616 aut
866 567 951 618 certe
985 553 1125 626 Panion,
1158 553 1313 624 hulonis,

290 665 425 726 omnino
452 661 531 722 eiius
557 679 574 720 a
600 659 707 728 Pado,
748 658 1005 738 qnandoquidem
1032 657 1228 739 Pomponius
1257 657 1315 718 hoc

288 767 362 828 loco
379 767 495 824 Verum
518 781 646 822 amnem
664 759 810 828 Padone,
837 773 893 820 ant
914 759 1020 842 fiquie
1039 761 1080 822 iti
1100 761 1205 830 malit,
1238 759 1315 818 Pau·

289 867 359 928 ione
373 867 450 925 dicit
467 863 527 924 effe
544 841 716 924 notiorem.
744 879 931 924 tenuem.
982 859 1081 924 Scrib.
1108 862 1184 921 Tum
1208 860 1315 921 Padon

288 981 320 1028 et
343 965 461 1028 Varus.
496 983 675 1026 ecuowve.
742 961 871 1026 Plinius
891 961 1015 1022 Padum
1037 963 1100 1024 hoc
1125 961 1315 1032 loco.habet‚

288 1067 343 1128 ubi
365 1081 470 1128 temen
493 1067 636 1147 optimus
657 1083 748 1125 meus
778 1065 877 1125 codex
903 1063 998 1125 habet
1026 1065 1123 1134 Palo,
1162 1063 1315 1126 manifeste

288 1189 347 1254 pro
369 1167 480 1228 Paulo.
513 1187 655 1230 voeetvs.
707 1165 829 1228 Omnes
852 1166 1008 1226 Hardnini
1025 1169 1149 1230 codices
1166 1169 1198 1227 in
1214 1165 1315 1230 Plinio

289 1273 365 1332 dant
392 1267 498 1338 Pado,
534 1288 593 1351 pro
617 1287 680 1350 qno
706 1281 812 1328 temen
842 1270 938 1328 etiem
959 1283 1049 1330 antea
1074 1269 1175 1330 Paulo
1197 1269 1316 1330 volebat

289 1371 459 1434 Cluverius
476 1370 509 1430 in
529 1371 595 1431 ital.
614 1382 679 1431 ant.
702 1389 729 1436 1.
748 1389 782 1446 9.
805 1389 837 1450 p.
855 1371 912 1432 62.
942 1371 1026 1451 qnod
1044 1385 1076 1432 et
1091 1369 1229 1452 reposuit
1242 1371 1316 1431 iiez·

287 1473 393 1535 zonici
418 1473 450 1532 in
473 1471 600 1553 disquis.
627 1471 712 1534 Plin.
735 1472 775 1532 T.
803 1487 835 1534 2.
860 1491 892 1552 p-
922 1483 977 1550 14.
1009 1471 1064 1532 ubi
1088 1473 1130 1534 de
1153 1492 1191 1533 eo
1213 1471 1315 1532 multa.

286 1574 389 1637 Paulo
419 1575 547 1634 videtur
577 1587 700 1655 praeter
733 1571 851 1632 nostroe
875 1573 1001 1634 codices
1035 1575 1134 1634 etiam
1165 1574 1316 1636 vindicare

288 1675 483 1739 hodiernum
504 1677 572 1736 eius
590 1693 711 1736 nomen
734 1673 902 1752 Ραςὶίοηι,
933 1671 954 1736 s.
976 1675 1116 1740 Paiiion.

365 1927 402 1994 V
408 1927 544 2010 arum)
582 1927 722 1990 Vindob.
748 1925 798 1990 bie
818 1924 855 1990 V
852 1946 945 1999 arun
969 1924 1062 2012 Prag.
1085 1930 1236 1998 Pharum,
1254 1926 1316 2010 post

287 2052 360 2095 cum
382 2033 450 2092 aliie
465 2031 556 2094 codd.
578 2045 609 2091 et
626 2031 699 2090 edd.
721 2029 753 2092 V
755 2049 862 2100 arnm3
886 2044 1012 2090 tantum
1027 2031 1183 2093 Schottns
1198 2046 1227 2092 et
1249 2031 1314 2092 iiei·

285 2135 415 2196 noldiue
432 2133 463 2192 in
484 2131 542 2192 iuis
559 2129 608 2193 bie
626 2131 743 2194 Varus.
779 2150 981 2194 izscuvctte,
1037 2133 1126 2216 Lego
1145 2133 1267 2193 Panion
1287 2144 1315 2191 et

288 2235 399 2300 Varus
428 2253 465 2295 ex
489 2232 643 2295 Strabone
667 2229 721 2320 [4.
746 2253 777 2313 p.
804 2254 848 2294 m.
875 2247 953 2304 127.
979 2231 1000 2295 i.
1023 2229 1127 2320 134]
1161 2251 1192 2296 et
1215 2233 1315 2298 Ptole-

286 2355 388 2404 maeo,
415 2331 469 2422 [α.
491 2354 543 2396 ιο.
564 2327 608 2418 f.]
636 2335 715 2394 adde
731 2335 837 2404 etiam,
861 2334 880 2391 fi
900 2333 1012 2414 piacet,
1036 2331 1133 2398 Vibio
1149 2335 1313 2417 Sequessre.

286 2435 339 2528 [p.
358 2453 415 2498 20.
434 2427 564 2520 obed]
600 2453 796 2496 etwriddve.
851 2435 907 2504 lta,
926 2450 963 2496 ut
978 2435 1119 2517 superior
1135 2452 1209 2498 nota
1225 2437 1314 2496 decia·

284 2556 348 2608 rat,
372 2537 499 2599 volebat
518 2539 615 2598 etiam
636 2535 786 2596 Schottue
807 2535 969 2616 deditque.
1007 2539 1044 2598 in
1063 2537 1190 2600 Graecis
1211 2537 1313 2598 diserte
1372 2567 1373 2574 .

284 2643 410 2703 additur
425 2633 494 2700 τόν.
526 2637 633 2698 Varus
647 2637 710 2696 fine
727 2639 934 2718 discrepantia
949 2637 1033 2718 apud
1049 2637 1168 2700 Lucan.
1193 2662 1218 2708 ι,
1235 2649 1313 2717 404.

284 2757 316 2804 et
340 2743 377 2801 fic
401 2737 524 2800 fortass‘e
545 2739 660 2799 rectius
683 2737 743 2806 est,
778 2738 836 2798 nisi
854 2741 923 2818 quis
945 2753 1111 2820 utramque
1131 2740 1263 2802 formam
1284 2742 1314 2798 in

283 2843 341 2904 usu
365 2841 453 2902 suiffe
476 2841 563 2901 velit.
617 2839 699 2899 Nam
717 2853 799 2900 certe
820 2841 853 2898 in
874 2839 935 2902 tab.
952 2839 1103 2924 Peuting.
1127 2861 1156 2904 2.
1181 2845 1218 2904 E.
1243 2843 1314 2925 legi·

283 2959 335 3006 tur
350 2937 398 3034 fl.
419 2943 553 3004 Varum.
594 2939 702 3004 Potest
719 2955 824 3000 tamen
840 2943 934 3000 etiam
950 2963 987 3003 ex
1007 2963 1090 3003 nexu
1110 2964 1184 3004 cum
1196 2939 1314 3032 stamen

160 3035 166 3046 ⁸
283 3047 376 3108 altera
391 3043 490 3106 forma
508 3043 648 3126 probari,
674 3043 722 3101 uti
745 3041 865 3102 Ledum
878 3037 1019 3130 flumen.
1046 3059 1079 3106 et
1094 3046 1170 3116 alia,
1198 3048 1236 3105 de
1252 3045 1313 3126 qni·

282 3147 343 3208 bus
368 3147 405 3207 ad
429 3164 458 3216 2,
482 3157 513 3220 5.
535 3147 568 3206 6.
623 3143 714 3204 Nihil
739 3144 835 3225 igitur
856 3145 908 3204 hic
937 3159 1046 3206 contra
1069 3145 1168 3209 libros
1198 3161 1314 3208 muten-

282 3249 363 3308 dum
384 3245 436 3308 est.
488 3235 832 3335 Postcibin.div1·sa;
867 3245 1051 3308 vindobon.
1071 3239 1217 3338 dilapsa,
1244 3268 1312 3310 con·

281 3347 402 3409 fusione
429 3357 515 3410 nota.
574 3345 638 3408 Pro
669 3347 774 3406 notius
802 3345 941 3410 Vindob.
969 3361 1003 3408 et
1024 3347 1175 3412 Schottue
1196 3351 1312 3418 notiam

281 3470 409 3532 nempe,
435 3449 507 3530 quia
526 3447 624 3508 iidem
644 3445 753 3509 Varus
775 3447 900 3508 volunt.

452 3705 482 3780 §.
514 3719 568 3764 10.
601 3697 668 3761 vab
694 3701 785 3784 his)
836 3695 1312 3790 Cibin.hiis;Prag.abipsis;

280 3801 376 3870 Parit.
398 3822 428 3868 1.
449 3821 477 3864 ε.
498 3817 529 3882 3.
558 3803 670 3863 Venet.
693 3805 799 3867 Havn.
822 3807 974 3866 videntur
992 3805 1130 3866 habuiffe
1146 3825 1219 3866 cnm
1241 3801 1310 3864 edd.

283 3923 316 3968 2.
334 3920 366 3982 3.
389 3916 424 3983 4.
443 3918 476 3981 5.
495 3907 528 3966 6.
547 3919 579 3976 7.
599 3915 633 3981 8.
657 3921 690 3982 9.
711 3925 766 3968 10.
789 3927 842 3970 ιι.
869 3923 923 3968 12.
948 3907 1077 3988 aliisque
1097 3907 1135 3966 ad
1159 3923 1218 3985 42.
1242 3921 1311 3964 cum

282 4008 504 4068 Reinoidianis
528 4007 583 4076 iis;
610 4007 684 4065 inde
706 4007 744 4066 ab
764 4008 814 4069 ed.
830 4017 889 4085 44.
913 4009 965 4068 his
982 4011 1062 4070 duce
1085 4011 1118 4070 A.
1138 4005 1311 4073 Gronovio,

281 4111 367 4190 quod
391 4111 479 4170 idem
500 4119 590 4169 notat
607 4127 646 4167 ex
671 4107 752 4172 voff.
779 4129 808 4172 1.
830 4123 862 4170 α.
884 4122 916 4188 3.
943 4121 975 4187 5.
1009 4109 1142 4172 Mediol.
1169 4107 1310 4174 Perizon.
