2792 4940
334 457 392 502 m
632 445 874 504 POMPONll
909 447 1069 504 Matio

330 617 403 681 eacin
425 617 479 680 rel
500 616 620 688 exinde.
645 651 696 668 -
725 631 758 682 et
780 633 853 681 tum
876 633 985 704 rogat,
1020 619 1182 682 undenam
1206 617 1365 682 hauserim

330 721 403 782 exin
425 732 546 782 rectum
571 719 738 804 siguificare
759 720 845 784 litua.
889 720 1009 803 Nonne
1029 721 1091 782 hoc
1112 720 1203 783 dixi?
1239 724 1366 784 Tamen

242 869 246 875 .
324 817 466 882 'veneror
481 818 584 882 seuam
600 835 633 882 et
646 821 692 880 illi
709 819 858 884 satisfacio
874 841 912 884 ex
933 841 1000 906 cap.
1017 831 1051 904 4.
1075 821 1171 884 huius
1188 821 1271 892 libri,
1297 822 1366 890 nbi,

329 921 492 1005 poliquam
516 921 613 992 dixit.
646 923 764 984 aPado
785 923 823 983 ad
847 925 1009 984 Anconam
1027 925 1150 984 transiri
1167 923 1367 989 Ravennam.

332 1023 524 1090 Ariminum,
559 1020 730 1101 Pisaurum,
766 1023 940 1085 Fanelirem
961 1025 1119 1086 coloniam
1145 1025 1209 1086 stne
1233 1024 1369 1086 notabili

332 1132 431 1186 terrae
453 1121 568 1184 recessa
590 1137 624 1186 et
644 1123 677 1185 in
701 1138 787 1186 recto
809 1125 917 1196 litore,
948 1126 1070 1209 pergit:
1112 1127 1201 1186 Exin
1219 1124 1278 1185 itta
1300 1139 1365 1186 etc.

332 1225 424 1286 Vnde
439 1223 530 1285 simul
547 1237 649 1306 patet.
683 1223 767 1286 fatue
786 1225 824 1286 ab
841 1221 947 1288 Voffio
964 1229 1138 1311 cogitatum
1157 1225 1213 1288 lib.
1230 1239 1262 1301 3.
1284 1245 1312 1286 c.
1332 1227 1367 1288 6.

331 1325 421 1390 Exin
456 1326 680 1390 scandinavia.
732 1346 756 1388 r.
789 1344 983 1389 ououovrva
1009 1329 1043 1389 in
1077 1341 1156 1388 uota
1187 1325 1364 1418 posteriori.

332 1425 466 1490 Seniue:
502 1429 607 1489 danos
624 1427 666 1490 esi
685 1429 839 1489 memoria
859 1428 964 1513 digna.
990 1429 1095 1512 digna.
1118 1445 1198 1508 quaa
1218 1429 1367 1488 nomine·

332 1539 396 1598 tur,
422 1545 487 1590 non
503 1547 558 1609 per
575 1526 613 1599 le,
638 1526 689 1590 sed
704 1530 776 1610 quia
791 1529 915 1590 condita
931 1529 1024 1591 eliab
1044 1531 1159 1591 Aenea.
1197 1527 1369 1604 Nili-enim

331 1639 397 1690 tarn
420 1628 569 1690 illustrem
592 1643 753 1690 auctorem
776 1629 944 1700 habuisset,
978 1649 995 1690 a
1014 1629 1097 1692 Mela
1118 1649 1185 1691 nou
1201 1631 1368 1690 nominata

332 1727 445 1792 suisset.
488 1731 541 1790 Sic
557 1731 696 1792 Valeriae
711 1729 870 1792 Maximus
887 1733 919 1801 6,
936 1749 970 1810 9,
986 1749 1017 1810 9.
1049 1733 1088 1792 dc
1111 1731 1259 1792 Ventidio
1276 1729 1367 1792 Balio

332 1829 414 1892 hanc
433 1849 545 1891 vocem
565 1831 707 1893 adhibet.
756 1833 808 1894 Sic
826 1831 949 1913 Cyllene
963 1845 1095 1894 vocatur
1112 1831 1250 1915 inignit,
1277 1832 1367 1912 quod

333 1931 531 1993 Mercurium
546 1931 591 1991 ibi
606 1947 718 1993 natum
734 1932 921 1994 arbitrantur
944 1949 976 2002 Ω.
994 1947 1026 2012 3,
1048 1933 1129 2012 136.
1180 1929 1231 1994 ef.
1255 1950 1285 2003 r,
1315 1947 1368 2008 ¹8·

337 2043 396 2112 53.
433 2051 463 2101 a.
491 2043 545 2124 1⁸5,
570 2045 623 2110 ¹8·
660 2035 856 2102 2.2.116.
896 2051 926 2104 2.
953 2047 984 2114 3.
1012 2051 1066 2118 ις).
1087 2047 1120 2093 et
1148 2041 1228 2115 144.
1252 2046 1286 2093 et
1307 2049 1367 2112 92.

336 2147 368 2202 2·
391 2142 426 2211 4.
454 2145 532 2208 105.
576 2148 608 2202 a.
634 2151 666 2214 7,
695 2135 914 2198 roo-roa.
966 2134 1049 2196 Nlale
1071 2151 1146 2218 ergo
1168 2134 1368 2202 Ciacconiuc.

332 2232 502 2303 Schottne,
544 2227 674 2295 Vossrua'
690 2249 722 2296 et
748 2236 807 2299 luc.
830 2235 1014 2298 Gronovius
1037 2249 1160 2298 textum
1182 2248 1308 2298 mutare
1337 2248 1369 2294 et

334 2330 439 2420 legare
463 2335 576 2394 malint
594 2337 666 2396 exin
688 2336 741 2398 val
762 2348 863 2398 extra.
900 2355 1049 2399 uaaatva.
1112 2337 1254 2418 Repetiit
1279 2338 1368 2396 idem

332 2431 488 2496 summam
511 2433 605 2496 huint
631 2449 725 2498 notae
754 2437 793 2497 ad
815 2437 914 2500 Valet.
938 2437 1022 2500 Max.
1046 2458 1073 2500 c.
1097 2437 1119 2500 l.
1170 2439 1205 2500 Si
1230 2441 1368 2498 retineas

333 2553 449 2597 rocem
465 2537 589 2605 eximio,
616 2537 702 2618 quod
718 2537 830 2598 iubent
849 2537 920 2597 libri
939 2557 1059 2606 omues.
1090 2557 1156 2598 non
1174 2539 1271 2600 nimia
1295 2541 1369 2598 acri·

332 2647 382 2698 ter
398 2635 629 2698 inhaerendum
651 2637 695 2700 est
712 2638 837 2700 usitatae
854 2643 921 2700 eiua
943 2637 1170 2722 significationi,
1196 2659 1275 2720 quae
1296 2641 1368 2720 plus

332 2739 429 2800 valet.
482 2739 568 2799 Facit
588 2752 694 2800 tamen
716 2739 838 2802 Aeneae
862 2739 1039 2807 celebritas.
1073 2753 1109 2800 ut
1130 2736 1204 2802 serti
1231 2744 1368 2801 omuino

333 2833 438 2921 poffit.
480 2839 561 2901 Aliae
575 2841 609 2900 iu
625 2835 838 2924 prograffione
854 2841 968 2902 rectius
983 2839 1136 2903 defidercr
1156 2855 1276 2903 extra.
1305 2842 1366 2901 Pro

331 2941 436 3002 Aenos
460 2939 566 3003 Cibin.
592 2941 730 3002 Vindob.
754 2941 844 3025 Prag.
866 2963 956 3016 enos;
997 2941 1105 3004 Cibiu.
1128 2953 1235 3004 totum
1257 2941 1367 3004 locum

332 3038 374 3102 stc
395 3041 543 3104 exhibet:
579 3039 641 3134 Est
661 3053 693 3102 et
713 3061 786 3103 enos
805 3044 920 3104 eximia
940 3039 981 3104 ab
1001 3061 1108 3107 aenea.

409 3243 522 3303 circa
546 3275 595 3292 ·-
625 3240 825 3327 Cicones)
873 3245 1056 3307 Vindobon.
1081 3245 1214 3318 circum
1255 3245 1308 3318 ed.
1333 3255 1366 3322 3.

333 3343 492 3423 exemplar
513 3363 552 3404 ex
576 3345 771 3406 correctione
799 3345 897 3418 citro;
939 3346 1075 3407 Vindob.
1104 3343 1247 3418 aelirum
1286 3343 1364 3425 Lipi.

227 3455 231 3464 ’
333 3440 426 3526 Prag.
450 3441 570 3516 ebrum3
596 3443 703 3506 Cibin.
724 3447 888 3528 cyclicum
915 3447 1085 3531 lieltdiget.
1103 3463 1247 3529 cycone53
1272 3444 1364 3528 Prag.

334 3543 484 3607 ciccones.
524 3563 724 3608 azecuvcua.
786 3547 891 3631 Lego:
925 3547 1016 3610 Citra
1046 3544 1185 3608 Hebrum
1216 3546 1364 3625 Cleonem

334 3641 474 3725 sequitur
497 3645 585 3706 enim
607 3645 846 3707 transeundem
862 3639 1036 3738 Doriscos;
1066 3650 1365 3728 confirmatur-quo·

334 3757 398 3826 que
428 3745 613 3831 auctoritate
644 3743 812 3808 Herodoti.
841 3743 1001 3835 [8‚'59.]
1042 3767 1238 3810 eructante.
1290 3751 1365 3829 Spe·

334 3847 418 3907 mem
437 3848 549 3930 ntique
571 3847 667 3908 habet
686 3846 763 3908 haec
779 3848 918 3910 Pintiaui
939 3851 1120 3910 emendatio
1142 3849 1180 3908 ab
1199 3847 1264 3930 ipio
1283 3849 1365 3910 Mela

335 3947 473 4020 inducta,
506 3945 667 4029 facilisque
693 3947 757 4008 fuit
777 3950 965 4021 commistio,
996 3951 1036 4012 de
1057 3969 1117 4031 qua
1141 3947 1181 4012 ci.
1204 3948 1364 4012 Drakeub.

335 4049 374 4109 ad
389 4049 445 4112 Sil.
465 4050 531 4111 ltol.
558 4051 611 4119 16,
636 4051 719 4112 661.
738 4065 771 4111 et
795 4052 865 4112 Liv.
886 4067 943 4121 αι,
968 4059 1026 4129 48,
1046 4051 1081 4114 6.
1131 4049 1279 4112 Attamen
1301 4069 1366 4110 non

336 4167 416 4232 opua
432 4148 474 4212 eli
492 4149 652 4234 vulgatum
668 4149 823 4224 deserere,
850 4153 923 4234 quia
943 4164 1085 4216 auctores
1107 4153 1141 4213 in
1157 4165 1286 4234 utraque
1303 4153 1367 4232 ripa
