<?xml version="1.0" encoding="UTF-8"?>
<!DOCTYPE html PUBLIC "-//W3C//DTD XHTML 1.0 Transitional//EN"
    "http://www.w3.org/TR/xhtml1/DTD/xhtml1-transitional.dtd">
<html xmlns="http://www.w3.org/1999/xhtml" xml:lang="en" lang="en">
 <head>
  <title>
</title>
<meta http-equiv="Content-Type" content="text/html;charset=utf-8" />
  <meta name='ocr-system' content='tesseract 3.04.00' />
  <meta name='ocr-capabilities' content='ocr_page ocr_carea ocr_par ocr_line ocrx_word'/>
</head>
<body>
  <div class='ocr_page' id='page_1' title='image "./pomponiimelaede05melagoog_0649.png"; bbox 0 0 2788 4942; ppageno 0'>
   <div class='ocr_carea' id='block_1_1' title="bbox 340 453 1067 527">
    <p class='ocr_par' dir='ltr' id='par_1_1' title="bbox 340 453 1067 527">
     <span class='ocr_line' id='line_1_1' title="bbox 340 453 1067 527; baseline -0.01 -11"><span class='ocrx_word' id='word_1_1' title='bbox 340 457 428 516; x_wconf 76' lang='lat' dir='ltr'>Lili-</span> <span class='ocrx_word' id='word_1_2' title='bbox 458 461 512 519; x_wconf 79' lang='lat'>111.</span> <span class='ocrx_word' id='word_1_3' title='bbox 557 457 635 516; x_wconf 86' lang='lat' dir='ltr'>c.1.</span> <span class='ocrx_word' id='word_1_4' title='bbox 678 453 757 527; x_wconf 70' lang='lat'>§.6-</span> <span class='ocrx_word' id='word_1_5' title='bbox 1029 463 1067 510; x_wconf 75' lang='grc' dir='ltr'>Ιι</span> 
     </span>
    </p>
   </div>
   <div class='ocr_carea' id='block_1_2' title="bbox 15 622 1076 4268">
    <p class='ocr_par' dir='ltr' id='par_1_2' title="bbox 15 622 1076 4268">
     <span class='ocr_line' id='line_1_2' title="bbox 52 622 1070 722; baseline 0 -30"><span class='ocrx_word' id='word_1_6' title='bbox 52 649 151 693; x_wconf 78' lang='lat' dir='ltr'>atara.</span> <span class='ocrx_word' id='word_1_7' title='bbox 202 623 304 722; x_wconf 81' lang='lat' dir='ltr'>Balsa</span> <span class='ocrx_word' id='word_1_8' title='bbox 335 651 466 716; x_wconf 89' lang='lat' dir='ltr'>quoque</span> <span class='ocrx_word' id='word_1_9' title='bbox 498 631 720 700; x_wconf 77' lang='lat' dir='ltr'>Ptolemaeus.</span> <span class='ocrx_word' id='word_1_10' title='bbox 749 623 804 718; x_wconf 79' lang='lat' dir='ltr'>[a.</span> <span class='ocrx_word' id='word_1_11' title='bbox 830 622 889 718; x_wconf 77' lang='lat'>4.]</span> <span class='ocrx_word' id='word_1_12' title='bbox 923 629 1070 712; x_wconf 69' lang='lat' dir='ltr'>quamvis</span> 
     </span>
     <span class='ocr_line' id='line_1_3' title="bbox 51 723 1070 820; baseline 0 -28"><span class='ocrx_word' id='word_1_13' title='bbox 51 735 118 812; x_wconf 86' lang='lat' dir='ltr'>apud</span> <span class='ocrx_word' id='word_1_14' title='bbox 147 733 233 792; x_wconf 92' lang='lat' dir='ltr'>illum</span> <span class='ocrx_word' id='word_1_15' title='bbox 259 727 403 808; x_wconf 76' lang='grc' dir='ltr'>Ἵβαλσα</span> <span class='ocrx_word' id='word_1_16' title='bbox 431 737 543 818; x_wconf 81' lang='lat' dir='ltr'>legerit</span> <span class='ocrx_word' id='word_1_17' title='bbox 572 733 760 794; x_wconf 77' lang='lat' dir='ltr'>Marcianus.</span> <span class='ocrx_word' id='word_1_18' title='bbox 791 727 842 820; x_wconf 87' lang='lat' dir='ltr'>[p.</span> <span class='ocrx_word' id='word_1_19' title='bbox 861 743 922 810; x_wconf 64' lang='lat' dir='ltr'>aa.</span> <span class='ocrx_word' id='word_1_20' title='bbox 947 723 1070 818; x_wconf 76' lang='lat' dir='ltr'>fluat]</span> 
     </span>
     <span class='ocr_line' id='line_1_4' title="bbox 50 835 1070 916; baseline -0.003 -21"><span class='ocrx_word' id='word_1_21' title='bbox 50 835 111 895; x_wconf 86' lang='lat' dir='ltr'>Scio</span> <span class='ocrx_word' id='word_1_22' title='bbox 130 835 275 914; x_wconf 86' lang='lat' dir='ltr'>quidem.</span> <span class='ocrx_word' id='word_1_23' title='bbox 310 837 342 896; x_wconf 90' lang='lat' dir='ltr'>iu</span> <span class='ocrx_word' id='word_1_24' title='bbox 368 835 519 897; x_wconf 77' lang='lat' dir='ltr'>sexcentis</span> <span class='ocrx_word' id='word_1_25' title='bbox 541 835 664 896; x_wconf 80' lang='lat' dir='ltr'>literam</span> <span class='ocrx_word' id='word_1_26' title='bbox 688 835 772 894; x_wconf 90' lang='lat' dir='ltr'>illam</span> <span class='ocrx_word' id='word_1_27' title='bbox 798 835 937 916; x_wconf 82' lang='lat' dir='ltr'>priorem</span> <span class='ocrx_word' id='word_1_28' title='bbox 964 835 1070 904; x_wconf 88' lang='lat' dir='ltr'>adiici.</span> 
     </span>
     <span class='ocr_line' id='line_1_5' title="bbox 51 927 1071 1018; baseline 0.003 -26"><span class='ocrx_word' id='word_1_29' title='bbox 51 932 92 994; x_wconf 86' lang='lat' dir='ltr'>sed</span> <span class='ocrx_word' id='word_1_30' title='bbox 114 937 216 1017; x_wconf 90' lang='lat' dir='ltr'>utique</span> <span class='ocrx_word' id='word_1_31' title='bbox 233 951 269 998; x_wconf 88' lang='lat' dir='ltr'>ut</span> <span class='ocrx_word' id='word_1_32' title='bbox 286 927 500 1004; x_wconf 82' lang='lat' dir='ltr'>Ptblemaens.</span> <span class='ocrx_word' id='word_1_33' title='bbox 528 939 569 998; x_wconf 90' lang='lat' dir='ltr'>ita</span> <span class='ocrx_word' id='word_1_34' title='bbox 588 955 718 1018; x_wconf 83' lang='lat' dir='ltr'>quoqne</span> <span class='ocrx_word' id='word_1_35' title='bbox 738 939 985 1016; x_wconf 70' lang='lat' dir='ltr'>epitomatorem</span> <span class='ocrx_word' id='word_1_36' title='bbox 1001 937 1071 997; x_wconf 85' lang='lat' dir='ltr'>eiua</span> 
     </span>
     <span class='ocr_line' id='line_1_6' title="bbox 51 1035 1072 1122; baseline 0.006 -29"><span class='ocrx_word' id='word_1_37' title='bbox 51 1035 228 1098; x_wconf 80' lang='lat' dir='ltr'>Marcianum</span> <span class='ocrx_word' id='word_1_38' title='bbox 247 1039 389 1122; x_wconf 77' lang='lat' dir='ltr'>scripsisse</span> <span class='ocrx_word' id='word_1_39' title='bbox 411 1040 580 1100; x_wconf 78' lang='lat' dir='ltr'>verisimile</span> <span class='ocrx_word' id='word_1_40' title='bbox 598 1037 651 1101; x_wconf 84' lang='lat' dir='ltr'>est.</span> <span class='ocrx_word' id='word_1_41' title='bbox 705 1039 795 1099; x_wconf 86' lang='lat' dir='ltr'>Errat</span> <span class='ocrx_word' id='word_1_42' title='bbox 812 1055 940 1118; x_wconf 82' lang='lat' dir='ltr'>quoqne</span> <span class='ocrx_word' id='word_1_43' title='bbox 964 1039 996 1096; x_wconf 92' lang='lat' dir='ltr'>in</span> <span class='ocrx_word' id='word_1_44' title='bbox 1020 1055 1072 1110; x_wconf 84' lang='lat' dir='ltr'>et).</span> 
     </span>
     <span class='ocr_line' id='line_1_7' title="bbox 15 1133 1073 1224; baseline 0.005 -29"><span class='ocrx_word' id='word_1_45' title='bbox 15 1173 17 1176; x_wconf 94' lang='lat'>-</span> <span class='ocrx_word' id='word_1_46' title='bbox 51 1139 121 1218; x_wconf 80' lang='lat' dir='ltr'>quod</span> <span class='ocrx_word' id='word_1_47' title='bbox 145 1134 371 1224; x_wconf 63' lang='grc' dir='ltr'>πληθυντικῶς</span> <span class='ocrx_word' id='word_1_48' title='bbox 392 1133 598 1218; x_wconf 75' lang='grc' dir='ltr'>τᾰἼβαλσα</span> <span class='ocrx_word' id='word_1_49' title='bbox 622 1141 754 1202; x_wconf 87' lang='lat' dir='ltr'>vocarit.</span> <span class='ocrx_word' id='word_1_50' title='bbox 787 1159 928 1202; x_wconf 84' lang='lat' dir='ltr'>roastve.</span> <span class='ocrx_word' id='word_1_51' title='bbox 980 1139 1073 1220; x_wconf 75' lang='lat' dir='ltr'>Myr·</span> 
     </span>
     <span class='ocr_line' id='line_1_8' title="bbox 52 1233 1072 1332; baseline 0.003 -34"><span class='ocrx_word' id='word_1_52' title='bbox 52 1239 116 1308; x_wconf 82' lang='lat' dir='ltr'>tilis.</span> <span class='ocrx_word' id='word_1_53' title='bbox 144 1233 244 1332; x_wconf 81' lang='lat' dir='ltr'>Balsa</span> <span class='ocrx_word' id='word_1_54' title='bbox 271 1245 408 1304; x_wconf 85' lang='lat' dir='ltr'>correxit</span> <span class='ocrx_word' id='word_1_55' title='bbox 433 1243 624 1304; x_wconf 72' lang='lat' dir='ltr'>Hermolaus</span> <span class='ocrx_word' id='word_1_56' title='bbox 648 1261 686 1302; x_wconf 84' lang='lat' dir='ltr'>ex</span> <span class='ocrx_word' id='word_1_57' title='bbox 713 1241 838 1310; x_wconf 83' lang='lat' dir='ltr'>Plinio,</span> <span class='ocrx_word' id='word_1_58' title='bbox 872 1239 1072 1311; x_wconf 85' lang='lat' dir='ltr'>Ptolemaeo.</span> 
     </span>
     <span class='ocr_line' id='line_1_9' title="bbox 53 1338 1072 1426; baseline 0.002 -26"><span class='ocrx_word' id='word_1_59' title='bbox 53 1341 199 1404; x_wconf 78' lang='lat' dir='ltr'>Antoniou</span> <span class='ocrx_word' id='word_1_60' title='bbox 216 1357 248 1404; x_wconf 92' lang='lat' dir='ltr'>et</span> <span class='ocrx_word' id='word_1_61' title='bbox 267 1345 390 1406; x_wconf 73' lang='lat' dir='ltr'>ceteris.</span> <span class='ocrx_word' id='word_1_62' title='bbox 425 1345 462 1406; x_wconf 90' lang='lat' dir='ltr'>In</span> <span class='ocrx_word' id='word_1_63' title='bbox 479 1345 595 1426; x_wconf 80' lang='lat' dir='ltr'>quibua</span> <span class='ocrx_word' id='word_1_64' title='bbox 611 1364 713 1425; x_wconf 89' lang='lat' dir='ltr'>quum</span> <span class='ocrx_word' id='word_1_65' title='bbox 731 1343 812 1402; x_wconf 87' lang='lat' dir='ltr'>nihil</span> <span class='ocrx_word' id='word_1_66' title='bbox 835 1343 960 1425; x_wconf 87' lang='lat' dir='ltr'>culpare</span> <span class='ocrx_word' id='word_1_67' title='bbox 978 1338 1072 1426; x_wconf 76' lang='lat' dir='ltr'>possit</span> 
     </span>
     <span class='ocr_line' id='line_1_10' title="bbox 52 1437 1072 1528; baseline 0.007 -29"><span class='ocrx_word' id='word_1_68' title='bbox 52 1437 173 1514; x_wconf 79' lang='lat' dir='ltr'>Vossuta.</span> <span class='ocrx_word' id='word_1_69' title='bbox 205 1447 311 1528; x_wconf 88' lang='lat' dir='ltr'>culpat</span> <span class='ocrx_word' id='word_1_70' title='bbox 337 1447 509 1508; x_wconf 86' lang='lat' dir='ltr'>lectionem</span> <span class='ocrx_word' id='word_1_71' title='bbox 545 1445 697 1506; x_wconf 88' lang='lat' dir='ltr'>Marciani</span> <span class='ocrx_word' id='word_1_72' title='bbox 720 1437 886 1520; x_wconf 79' lang='grc' dir='ltr'>Ἰβαλσα,</span> <span class='ocrx_word' id='word_1_73' title='bbox 919 1457 1072 1524; x_wconf 81' lang='lat' dir='ltr'>putatque</span> 
     </span>
     <span class='ocr_line' id='line_1_11' title="bbox 52 1538 1074 1630; baseline 0 -26"><span class='ocrx_word' id='word_1_74' title='bbox 52 1538 175 1625; x_wconf 78' lang='lat' dir='ltr'>[tripolio</span> <span class='ocrx_word' id='word_1_75' title='bbox 198 1540 336 1616; x_wconf 79' lang='grc' dir='ltr'>Βὰλσα,</span> <span class='ocrx_word' id='word_1_76' title='bbox 370 1561 407 1607; x_wconf 92' lang='lat' dir='ltr'>ut</span> <span class='ocrx_word' id='word_1_77' title='bbox 427 1549 511 1630; x_wconf 86' lang='lat' dir='ltr'>apud</span> <span class='ocrx_word' id='word_1_78' title='bbox 536 1547 767 1608; x_wconf 87' lang='lat' dir='ltr'>Ptolemaeum.</span> <span class='ocrx_word' id='word_1_79' title='bbox 828 1547 899 1630; x_wconf 83' lang='lat' dir='ltr'>Ego</span> <span class='ocrx_word' id='word_1_80' title='bbox 922 1565 988 1606; x_wconf 88' lang='lat' dir='ltr'>nou</span> <span class='ocrx_word' id='word_1_81' title='bbox 1014 1545 1074 1604; x_wconf 90' lang='lat' dir='ltr'>du-</span> 
     </span>
     <span class='ocr_line' id='line_1_12' title="bbox 50 1640 1071 1728; baseline -0.009 -13"><span class='ocrx_word' id='word_1_82' title='bbox 50 1640 120 1714; x_wconf 63' lang='lat' dir='ltr'>bim·</span> <span class='ocrx_word' id='word_1_83' title='bbox 144 1649 218 1727; x_wconf 87' lang='lat' dir='ltr'>quin</span> <span class='ocrx_word' id='word_1_84' title='bbox 235 1641 380 1722; x_wconf 77' lang='grc' dir='ltr'>’Ὶβαλσα</span> <span class='ocrx_word' id='word_1_85' title='bbox 400 1669 511 1710; x_wconf 82' lang='lat' dir='ltr'>vetum</span> <span class='ocrx_word' id='word_1_86' title='bbox 531 1649 565 1709; x_wconf 79' lang='lat' dir='ltr'>stt</span> <span class='ocrx_word' id='word_1_87' title='bbox 588 1667 708 1708; x_wconf 85' lang='lat' dir='ltr'>nornen</span> <span class='ocrx_word' id='word_1_88' title='bbox 726 1649 821 1708; x_wconf 88' lang='lat' dir='ltr'>etiam</span> <span class='ocrx_word' id='word_1_89' title='bbox 839 1647 921 1728; x_wconf 90' lang='lat' dir='ltr'>apud</span> <span class='ocrx_word' id='word_1_90' title='bbox 942 1647 1071 1718; x_wconf 90' lang='lat' dir='ltr'>Melam.</span> 
     </span>
     <span class='ocr_line' id='line_1_13' title="bbox 51 1745 1071 1833; baseline 0.009 -32"><span class='ocrx_word' id='word_1_91' title='bbox 51 1745 124 1808; x_wconf 83' lang='lat' dir='ltr'>cuitu</span> <span class='ocrx_word' id='word_1_92' title='bbox 146 1769 255 1810; x_wconf 82' lang='lat' dir='ltr'>reram</span> <span class='ocrx_word' id='word_1_93' title='bbox 287 1748 467 1833; x_wconf 91' lang='lat' dir='ltr'>scripturam</span> <span class='ocrx_word' id='word_1_94' title='bbox 498 1771 565 1810; x_wconf 88' lang='lat' dir='ltr'>uon</span> <span class='ocrx_word' id='word_1_95' title='bbox 594 1747 758 1810; x_wconf 81' lang='lat' dir='ltr'>adsecutus</span> <span class='ocrx_word' id='word_1_96' title='bbox 786 1747 845 1808; x_wconf 92' lang='lat' dir='ltr'>suit</span> <span class='ocrx_word' id='word_1_97' title='bbox 870 1749 1071 1810; x_wconf 68' lang='lat' dir='ltr'>Hermolaus.</span> 
     </span>
     <span class='ocr_line' id='line_1_14' title="bbox 51 1843 1072 1934; baseline 0.006 -30"><span class='ocrx_word' id='word_1_98' title='bbox 51 1843 118 1906; x_wconf 87' lang='lat' dir='ltr'>Nam</span> <span class='ocrx_word' id='word_1_99' title='bbox 137 1869 236 1930; x_wconf 87' lang='lat' dir='ltr'>quum</span> <span class='ocrx_word' id='word_1_100' title='bbox 260 1851 313 1912; x_wconf 91' lang='lat' dir='ltr'>bic</span> <span class='ocrx_word' id='word_1_101' title='bbox 333 1855 410 1914; x_wconf 90' lang='lat' dir='ltr'>citet</span> <span class='ocrx_word' id='word_1_102' title='bbox 435 1850 664 1934; x_wconf 80' lang='lat' dir='ltr'>Myrtiiihalio.</span> <span class='ocrx_word' id='word_1_103' title='bbox 701 1851 796 1930; x_wconf 81' lang='lat' dir='ltr'>idque</span> <span class='ocrx_word' id='word_1_104' title='bbox 818 1871 878 1934; x_wconf 85' lang='lat' dir='ltr'>ego</span> <span class='ocrx_word' id='word_1_105' title='bbox 902 1848 992 1910; x_wconf 89' lang='lat' dir='ltr'>seiam</span> <span class='ocrx_word' id='word_1_106' title='bbox 1019 1869 1072 1910; x_wconf 83' lang='lat' dir='ltr'>ex·</span> 
     </span>
     <span class='ocr_line' id='line_1_15' title="bbox 50 1944 1071 2037; baseline 0.005 -31"><span class='ocrx_word' id='word_1_107' title='bbox 50 1944 110 2009; x_wconf 75' lang='lat' dir='ltr'>liare</span> <span class='ocrx_word' id='word_1_108' title='bbox 133 1953 164 2012; x_wconf 91' lang='lat' dir='ltr'>in</span> <span class='ocrx_word' id='word_1_109' title='bbox 189 1952 319 2014; x_wconf 76' lang='lat' dir='ltr'>dnobus</span> <span class='ocrx_word' id='word_1_110' title='bbox 345 1951 481 2037; x_wconf 78' lang='lat' dir='ltr'>scriptia.</span> <span class='ocrx_word' id='word_1_111' title='bbox 515 1955 612 2016; x_wconf 86' lang='lat' dir='ltr'>etiam</span> <span class='ocrx_word' id='word_1_112' title='bbox 636 1953 669 2014; x_wconf 90' lang='lat' dir='ltr'>in</span> <span class='ocrx_word' id='word_1_113' title='bbox 695 1951 924 2014; x_wconf 79' lang='lat' dir='ltr'>Mediolanensi</span> <span class='ocrx_word' id='word_1_114' title='bbox 952 1951 1071 2012; x_wconf 85' lang='lat' dir='ltr'>viderit</span> 
     </span>
     <span class='ocr_line' id='line_1_16' title="bbox 50 2047 1072 2136; baseline 0.009 -30"><span class='ocrx_word' id='word_1_115' title='bbox 50 2047 145 2120; x_wconf 85' lang='lat' dir='ltr'>Frater.</span> <span class='ocrx_word' id='word_1_116' title='bbox 176 2069 209 2115; x_wconf 92' lang='lat' dir='ltr'>et</span> <span class='ocrx_word' id='word_1_117' title='bbox 232 2053 316 2114; x_wconf 88' lang='lat' dir='ltr'>haud</span> <span class='ocrx_word' id='word_1_118' title='bbox 339 2055 436 2116; x_wconf 88' lang='lat' dir='ltr'>dubie</span> <span class='ocrx_word' id='word_1_119' title='bbox 459 2055 587 2116; x_wconf 79' lang='lat' dir='ltr'>exstabit</span> <span class='ocrx_word' id='word_1_120' title='bbox 604 2075 729 2136; x_wconf 87' lang='lat' dir='ltr'>quoqne</span> <span class='ocrx_word' id='word_1_121' title='bbox 752 2057 785 2114; x_wconf 92' lang='lat' dir='ltr'>in</span> <span class='ocrx_word' id='word_1_122' title='bbox 806 2053 883 2122; x_wconf 80' lang='lat' dir='ltr'>aliia.</span> <span class='ocrx_word' id='word_1_123' title='bbox 909 2051 1072 2115; x_wconf 81' lang='lat' dir='ltr'>manifesta</span> 
     </span>
     <span class='ocr_line' id='line_1_17' title="bbox 50 2145 1074 2244; baseline 0.004 -33"><span class='ocrx_word' id='word_1_124' title='bbox 50 2167 156 2232; x_wconf 85' lang='lat' dir='ltr'>apparet</span> <span class='ocrx_word' id='word_1_125' title='bbox 170 2157 258 2216; x_wconf 89' lang='lat' dir='ltr'>idern</span> <span class='ocrx_word' id='word_1_126' title='bbox 275 2155 375 2216; x_wconf 88' lang='lat' dir='ltr'>satum</span> <span class='ocrx_word' id='word_1_127' title='bbox 395 2157 490 2218; x_wconf 81' lang='lat' dir='ltr'>buius</span> <span class='ocrx_word' id='word_1_128' title='bbox 508 2157 595 2218; x_wconf 84' lang='lat' dir='ltr'>vocit</span> <span class='ocrx_word' id='word_1_129' title='bbox 610 2155 714 2226; x_wconf 79' lang='lat' dir='ltr'>suilie.</span> <span class='ocrx_word' id='word_1_130' title='bbox 741 2156 825 2238; x_wconf 89' lang='lat' dir='ltr'>qnod</span> <span class='ocrx_word' id='word_1_131' title='bbox 844 2155 932 2216; x_wconf 84' lang='lat' dir='ltr'>vocie</span> <span class='ocrx_word' id='word_1_132' title='bbox 951 2145 1074 2244; x_wconf 81' lang='lat' dir='ltr'>Hispal</span> 
     </span>
     <span class='ocr_line' id='line_1_18' title="bbox 52 2248 1070 2348; baseline 0.009 -37"><span class='ocrx_word' id='word_1_133' title='bbox 52 2248 123 2332; x_wconf 89' lang='lat' dir='ltr'>supra</span> <span class='ocrx_word' id='word_1_134' title='bbox 143 2271 173 2317; x_wconf 87' lang='lat' dir='ltr'>et</span> <span class='ocrx_word' id='word_1_135' title='bbox 193 2255 337 2339; x_wconf 83' lang='lat' dir='ltr'>scripliffe</span> <span class='ocrx_word' id='word_1_136' title='bbox 357 2257 475 2320; x_wconf 86' lang='lat' dir='ltr'>Melam</span> <span class='ocrx_word' id='word_1_137' title='bbox 496 2257 624 2339; x_wconf 70' lang='lat' dir='ltr'>Myrtil.</span> <span class='ocrx_word' id='word_1_138' title='bbox 651 2249 773 2348; x_wconf 82' lang='lat' dir='ltr'>Ibnlfo.</span> <span class='ocrx_word' id='word_1_139' title='bbox 812 2275 834 2316; x_wconf 89' lang='lat' dir='ltr'>t.</span> <span class='ocrx_word' id='word_1_140' title='bbox 861 2275 1070 2320; x_wconf 84' lang='lat' dir='ltr'>onouovtva.</span> 
     </span>
     <span class='ocr_line' id='line_1_19' title="bbox 52 2349 1073 2448; baseline 0.007 -35"><span class='ocrx_word' id='word_1_141' title='bbox 52 2353 189 2434; x_wconf 75' lang='lat' dir='ltr'>Myrtilis,</span> <span class='ocrx_word' id='word_1_142' title='bbox 212 2349 316 2448; x_wconf 83' lang='lat' dir='ltr'>Basso</span> <span class='ocrx_word' id='word_1_143' title='bbox 336 2359 375 2420; x_wconf 90' lang='lat' dir='ltr'>ab</span> <span class='ocrx_word' id='word_1_144' title='bbox 398 2361 550 2421; x_wconf 78' lang='lat' dir='ltr'>omnibus</span> <span class='ocrx_word' id='word_1_145' title='bbox 573 2359 769 2440; x_wconf 87' lang='lat' dir='ltr'>appellantur</span> <span class='ocrx_word' id='word_1_146' title='bbox 792 2359 868 2420; x_wconf 86' lang='lat' dir='ltr'>baec</span> <span class='ocrx_word' id='word_1_147' title='bbox 893 2359 1028 2440; x_wconf 88' lang='lat' dir='ltr'>oppida.</span> <span class='ocrx_word' id='word_1_148' title='bbox 1055 2377 1073 2420; x_wconf 83' lang='lat' dir='ltr'>a</span> 
     </span>
     <span class='ocr_line' id='line_1_20' title="bbox 51 2459 1073 2542; baseline 0.008 -30"><span class='ocrx_word' id='word_1_149' title='bbox 51 2459 160 2520; x_wconf 88' lang='lat' dir='ltr'>nemine</span> <span class='ocrx_word' id='word_1_150' title='bbox 176 2474 283 2522; x_wconf 86' lang='lat' dir='ltr'>antem</span> <span class='ocrx_word' id='word_1_151' title='bbox 301 2459 412 2541; x_wconf 89' lang='lat' dir='ltr'>Myrtil</span> <span class='ocrx_word' id='word_1_152' title='bbox 431 2461 484 2522; x_wconf 84' lang='lat' dir='ltr'>vel</span> <span class='ocrx_word' id='word_1_153' title='bbox 511 2461 615 2522; x_wconf 86' lang='lat' dir='ltr'>lbalse.</span> <span class='ocrx_word' id='word_1_154' title='bbox 670 2461 753 2522; x_wconf 86' lang='lat' dir='ltr'>Natu</span> <span class='ocrx_word' id='word_1_155' title='bbox 771 2461 854 2542; x_wconf 88' lang='lat' dir='ltr'>qnod</span> <span class='ocrx_word' id='word_1_156' title='bbox 876 2460 1073 2520; x_wconf 86' lang='lat' dir='ltr'>Marcianum</span> 
     </span>
     <span class='ocr_line' id='line_1_21' title="bbox 53 2553 1072 2645; baseline 0.008 -33"><span class='ocrx_word' id='word_1_157' title='bbox 53 2553 252 2622; x_wconf 83' lang='lat' dir='ltr'>Heracleotam</span> <span class='ocrx_word' id='word_1_158' title='bbox 272 2565 395 2631; x_wconf 88' lang='lat' dir='ltr'>attinet.</span> <span class='ocrx_word' id='word_1_159' title='bbox 422 2563 474 2624; x_wconf 85' lang='lat' dir='ltr'>ille</span> <span class='ocrx_word' id='word_1_160' title='bbox 491 2583 555 2624; x_wconf 91' lang='lat' dir='ltr'>nnn</span> <span class='ocrx_word' id='word_1_161' title='bbox 576 2563 682 2645; x_wconf 90' lang='lat' dir='ltr'>potuit</span> <span class='ocrx_word' id='word_1_162' title='bbox 696 2563 784 2623; x_wconf 88' lang='lat' dir='ltr'>aliter</span> <span class='ocrx_word' id='word_1_163' title='bbox 801 2559 952 2642; x_wconf 76' lang='lat' dir='ltr'>scripsisse.</span> <span class='ocrx_word' id='word_1_164' title='bbox 974 2579 1072 2642; x_wconf 88' lang='lat' dir='ltr'>quam</span> 
     </span>
     <span class='ocr_line' id='line_1_22' title="bbox 53 2654 1073 2746; baseline 0.011 -34"><span class='ocrx_word' id='word_1_165' title='bbox 53 2654 246 2730; x_wconf 83' lang='lat' dir='ltr'>Ptolemaeus.</span> <span class='ocrx_word' id='word_1_166' title='bbox 272 2677 304 2724; x_wconf 90' lang='lat' dir='ltr'>et</span> <span class='ocrx_word' id='word_1_167' title='bbox 328 2663 488 2724; x_wconf 80' lang='lat' dir='ltr'>mauiselle</span> <span class='ocrx_word' id='word_1_168' title='bbox 509 2665 592 2746; x_wconf 93' lang='lat' dir='ltr'>apud</span> <span class='ocrx_word' id='word_1_169' title='bbox 616 2665 701 2725; x_wconf 87' lang='lat' dir='ltr'>httuc</span> <span class='ocrx_word' id='word_1_170' title='bbox 723 2665 834 2724; x_wconf 87' lang='lat' dir='ltr'>ultima</span> <span class='ocrx_word' id='word_1_171' title='bbox 855 2662 1073 2744; x_wconf 83' lang='lat' dir='ltr'>praecedentia</span> 
     </span>
     <span class='ocr_line' id='line_1_23' title="bbox 53 2762 1073 2846; baseline 0.008 -32"><span class='ocrx_word' id='word_1_172' title='bbox 53 2762 122 2822; x_wconf 78' lang='lat' dir='ltr'>rocio</span> <span class='ocrx_word' id='word_1_173' title='bbox 144 2765 231 2824; x_wconf 88' lang='lat' dir='ltr'>litera</span> <span class='ocrx_word' id='word_1_174' title='bbox 254 2765 389 2826; x_wconf 78' lang='lat' dir='ltr'>adhaesit</span> <span class='ocrx_word' id='word_1_175' title='bbox 411 2767 507 2824; x_wconf 87' lang='lat' dir='ltr'>initio</span> <span class='ocrx_word' id='word_1_176' title='bbox 529 2765 695 2846; x_wconf 82' lang='lat' dir='ltr'>seqtteutie.</span> <span class='ocrx_word' id='word_1_177' title='bbox 736 2785 872 2827; x_wconf 76' lang='lat' dir='ltr'>voratus</span> <span class='ocrx_word' id='word_1_178' title='bbox 898 2765 930 2824; x_wconf 86' lang='lat' dir='ltr'>iu</span> <span class='ocrx_word' id='word_1_179' title='bbox 954 2783 1073 2842; x_wconf 79' lang='lat' dir='ltr'>appen-</span> 
     </span>
     <span class='ocr_line' id='line_1_24' title="bbox 54 2855 1072 2950; baseline 0.012 -36"><span class='ocrx_word' id='word_1_180' title='bbox 54 2855 161 2922; x_wconf 81' lang='lat' dir='ltr'>dicead</span> <span class='ocrx_word' id='word_1_181' title='bbox 180 2867 211 2928; x_wconf 80' lang='lat' dir='ltr'>ir.</span> <span class='ocrx_word' id='word_1_182' title='bbox 238 2865 260 2927; x_wconf 87' lang='lat' dir='ltr'>s.</span> <span class='ocrx_word' id='word_1_183' title='bbox 321 2865 466 2950; x_wconf 81' lang='lat' dir='ltr'>Nugatur</span> <span class='ocrx_word' id='word_1_184' title='bbox 487 2867 519 2926; x_wconf 93' lang='lat' dir='ltr'>in</span> <span class='ocrx_word' id='word_1_185' title='bbox 544 2868 726 2948; x_wconf 80' lang='lat' dir='ltr'>Appendice</span> <span class='ocrx_word' id='word_1_186' title='bbox 748 2861 873 2928; x_wconf 77' lang='lat' dir='ltr'>voffiua</span> <span class='ocrx_word' id='word_1_187' title='bbox 897 2879 1003 2926; x_wconf 75' lang='lat' dir='ltr'>tacens</span> <span class='ocrx_word' id='word_1_188' title='bbox 1031 2865 1072 2926; x_wconf 76' lang='lat' dir='ltr'>de</span> 
     </span>
     <span class='ocr_line' id='line_1_25' title="bbox 53 2957 1074 3050; baseline 0.013 -37"><span class='ocrx_word' id='word_1_189' title='bbox 53 2957 123 3023; x_wconf 80' lang='lat' dir='ltr'>liluie</span> <span class='ocrx_word' id='word_1_190' title='bbox 143 2967 291 3046; x_wconf 78' lang='lat' dir='ltr'>antiquie.</span> <span class='ocrx_word' id='word_1_191' title='bbox 317 2969 398 3026; x_wconf 84' lang='lat' dir='ltr'>nihil</span> <span class='ocrx_word' id='word_1_192' title='bbox 422 2967 530 3028; x_wconf 89' lang='lat' dir='ltr'>sanum</span> <span class='ocrx_word' id='word_1_193' title='bbox 547 2969 672 3038; x_wconf 84' lang='lat' dir='ltr'>iaciene.</span> <span class='ocrx_word' id='word_1_194' title='bbox 697 2970 783 3050; x_wconf 84' lang='lat' dir='ltr'>quod</span> <span class='ocrx_word' id='word_1_195' title='bbox 801 2967 837 3028; x_wconf 93' lang='lat' dir='ltr'>ad</span> <span class='ocrx_word' id='word_1_196' title='bbox 860 2967 978 3028; x_wconf 90' lang='lat' dir='ltr'>Melam</span> <span class='ocrx_word' id='word_1_197' title='bbox 1003 2985 1074 3048; x_wconf 83' lang='lat' dir='ltr'>per·</span> 
     </span>
     <span class='ocr_line' id='line_1_26' title="bbox 53 3061 1072 3162; baseline 0.009 -45"><span class='ocrx_word' id='word_1_198' title='bbox 53 3061 160 3128; x_wconf 92' lang='lat' dir='ltr'>tineret.</span> <span class='ocrx_word' id='word_1_199' title='bbox 194 3087 217 3128; x_wconf 88' lang='lat'>1.</span> <span class='ocrx_word' id='word_1_200' title='bbox 239 3087 434 3130; x_wconf 79' lang='lat' dir='ltr'>cuouortra</span> <span class='ocrx_word' id='word_1_201' title='bbox 455 3071 486 3130; x_wconf 87' lang='lat' dir='ltr'>iu</span> <span class='ocrx_word' id='word_1_202' title='bbox 509 3081 587 3129; x_wconf 76' lang='lat' dir='ltr'>aeota</span> <span class='ocrx_word' id='word_1_203' title='bbox 609 3069 781 3162; x_wconf 77' lang='lat' dir='ltr'>posteriori.</span> <span class='ocrx_word' id='word_1_204' title='bbox 835 3071 873 3128; x_wconf 87' lang='lat' dir='ltr'>lu</span> <span class='ocrx_word' id='word_1_205' title='bbox 891 3065 1072 3130; x_wconf 87' lang='lat' dir='ltr'>Ptolemaei</span> 
     </span>
     <span class='ocr_line' id='line_1_27' title="bbox 52 3163 1074 3240; baseline 0.01 -20"><span class='ocrx_word' id='word_1_206' title='bbox 52 3163 230 3232; x_wconf 74' lang='lat' dir='ltr'>editionibus</span> <span class='ocrx_word' id='word_1_207' title='bbox 249 3169 364 3230; x_wconf 88' lang='lat' dir='ltr'>Graeca</span> <span class='ocrx_word' id='word_1_208' title='bbox 388 3183 511 3230; x_wconf 87' lang='lat' dir='ltr'>tantum</span> <span class='ocrx_word' id='word_1_209' title='bbox 533 3171 689 3232; x_wconf 81' lang='lat' dir='ltr'>exhibent</span> <span class='ocrx_word' id='word_1_210' title='bbox 712 3165 853 3240; x_wconf 76' lang='grc' dir='ltr'>Ἰουλία,</span> <span class='ocrx_word' id='word_1_211' title='bbox 889 3169 999 3230; x_wconf 82' lang='lat' dir='ltr'>Latina</span> <span class='ocrx_word' id='word_1_212' title='bbox 1021 3188 1074 3230; x_wconf 88' lang='lat' dir='ltr'>au·</span> 
     </span>
     <span class='ocr_line' id='line_1_28' title="bbox 55 3265 1074 3354; baseline 0.013 -35"><span class='ocrx_word' id='word_1_213' title='bbox 55 3265 120 3326; x_wconf 79' lang='lat' dir='ltr'>etius</span> <span class='ocrx_word' id='word_1_214' title='bbox 141 3271 225 3330; x_wconf 83' lang='lat' dir='ltr'>Iulio</span> <span class='ocrx_word' id='word_1_215' title='bbox 248 3271 408 3352; x_wconf 76' lang='lat' dir='ltr'>Myrtilis.</span> <span class='ocrx_word' id='word_1_216' title='bbox 441 3271 495 3334; x_wconf 86' lang='lat' dir='ltr'>etst</span> <span class='ocrx_word' id='word_1_217' title='bbox 518 3273 615 3334; x_wconf 86' lang='lat' dir='ltr'>etiam</span> <span class='ocrx_word' id='word_1_218' title='bbox 638 3273 700 3334; x_wconf 90' lang='lat' dir='ltr'>hoc</span> <span class='ocrx_word' id='word_1_219' title='bbox 721 3293 758 3334; x_wconf 85' lang='lat' dir='ltr'>ex</span> <span class='ocrx_word' id='word_1_220' title='bbox 783 3271 851 3334; x_wconf 88' lang='lat' dir='ltr'>MS.</span> <span class='ocrx_word' id='word_1_221' title='bbox 873 3269 928 3334; x_wconf 92' lang='lat' dir='ltr'>suo</span> <span class='ocrx_word' id='word_1_222' title='bbox 950 3267 1074 3354; x_wconf 81' lang='lat' dir='ltr'>profert</span> 
     </span>
     <span class='ocr_line' id='line_1_29' title="bbox 55 3363 1074 3454; baseline 0.009 -31"><span class='ocrx_word' id='word_1_223' title='bbox 55 3363 219 3432; x_wconf 77' lang='lat' dir='ltr'>Harduinua</span> <span class='ocrx_word' id='word_1_224' title='bbox 246 3373 283 3432; x_wconf 90' lang='lat' dir='ltr'>ad</span> <span class='ocrx_word' id='word_1_225' title='bbox 308 3373 392 3434; x_wconf 84' lang='lat' dir='ltr'>Plio.</span> <span class='ocrx_word' id='word_1_226' title='bbox 417 3383 451 3450; x_wconf 75' lang='grc'>4,</span> <span class='ocrx_word' id='word_1_227' title='bbox 476 3387 534 3451; x_wconf 77' lang='lat'>35.</span> <span class='ocrx_word' id='word_1_228' title='bbox 559 3371 580 3436; x_wconf 89' lang='lat' dir='ltr'>s.</span> <span class='ocrx_word' id='word_1_229' title='bbox 600 3389 658 3436; x_wconf 82' lang='lat' dir='ltr'>aa.</span> <span class='ocrx_word' id='word_1_230' title='bbox 697 3375 730 3434; x_wconf 93' lang='lat' dir='ltr'>iu</span> <span class='ocrx_word' id='word_1_231' title='bbox 760 3393 823 3454; x_wconf 89' lang='lat' dir='ltr'>quo</span> <span class='ocrx_word' id='word_1_232' title='bbox 849 3387 932 3434; x_wconf 90' lang='lat' dir='ltr'>certe</span> <span class='ocrx_word' id='word_1_233' title='bbox 956 3373 1074 3434; x_wconf 90' lang='lat' dir='ltr'>eodem</span> 
     </span>
     <span class='ocr_line' id='line_1_30' title="bbox 54 3469 1075 3564; baseline 0.012 -42"><span class='ocrx_word' id='word_1_234' title='bbox 54 3469 137 3530; x_wconf 88' lang='lat' dir='ltr'>mudo</span> <span class='ocrx_word' id='word_1_235' title='bbox 159 3475 284 3556; x_wconf 80' lang='lat' dir='ltr'>legitur.</span> <span class='ocrx_word' id='word_1_236' title='bbox 338 3475 521 3536; x_wconf 83' lang='lat' dir='ltr'>Antonione</span> <span class='ocrx_word' id='word_1_237' title='bbox 537 3495 564 3536; x_wconf 93' lang='lat' dir='ltr'>c.</span> <span class='ocrx_word' id='word_1_238' title='bbox 580 3475 601 3536; x_wconf 92' lang='lat' dir='ltr'>l.</span> <span class='ocrx_word' id='word_1_239' title='bbox 622 3475 762 3557; x_wconf 81' lang='lat' dir='ltr'>Myrtili.</span> <span class='ocrx_word' id='word_1_240' title='bbox 788 3475 825 3535; x_wconf 90' lang='lat' dir='ltr'>ad</span> <span class='ocrx_word' id='word_1_241' title='bbox 847 3495 942 3564; x_wconf 77' lang='lat' dir='ltr'>quem</span> <span class='ocrx_word' id='word_1_242' title='bbox 958 3471 1075 3534; x_wconf 83' lang='lat' dir='ltr'>Welse·</span> 
     </span>
     <span class='ocr_line' id='line_1_31' title="bbox 54 3565 1075 3659; baseline 0.002 -27"><span class='ocrx_word' id='word_1_243' title='bbox 54 3565 118 3650; x_wconf 71' lang='lat' dir='ltr'>ling.</span> <span class='ocrx_word' id='word_1_244' title='bbox 134 3595 170 3634; x_wconf 86' lang='lat' dir='ltr'>ex</span> <span class='ocrx_word' id='word_1_245' title='bbox 192 3577 292 3636; x_wconf 88' lang='lat' dir='ltr'>idatio</span> <span class='ocrx_word' id='word_1_246' title='bbox 313 3576 345 3635; x_wconf 90' lang='lat' dir='ltr'>in</span> <span class='ocrx_word' id='word_1_247' title='bbox 364 3573 455 3638; x_wconf 87' lang='lat' dir='ltr'>MSS.</span> <span class='ocrx_word' id='word_1_248' title='bbox 470 3574 591 3658; x_wconf 80' lang='lat' dir='ltr'>profert</span> <span class='ocrx_word' id='word_1_249' title='bbox 606 3577 744 3659; x_wconf 74' lang='lat' dir='ltr'>Martysi</span> <span class='ocrx_word' id='word_1_250' title='bbox 759 3577 795 3636; x_wconf 84' lang='lat' dir='ltr'>ad</span> <span class='ocrx_word' id='word_1_251' title='bbox 820 3595 869 3638; x_wconf 86' lang='lat' dir='ltr'>au.</span> <span class='ocrx_word' id='word_1_252' title='bbox 894 3577 948 3639; x_wconf 86' lang='lat'>16.</span> <span class='ocrx_word' id='word_1_253' title='bbox 967 3575 1075 3634; x_wconf 86' lang='lat' dir='ltr'>Theo·</span> 
     </span>
     <span class='ocr_line' id='line_1_32' title="bbox 56 3667 1074 3762; baseline 0.013 -37"><span class='ocrx_word' id='word_1_254' title='bbox 56 3667 119 3730; x_wconf 85' lang='lat' dir='ltr'>dosti</span> <span class='ocrx_word' id='word_1_255' title='bbox 141 3677 181 3736; x_wconf 95' lang='lat' dir='ltr'>ll.</span> <span class='ocrx_word' id='word_1_256' title='bbox 233 3677 326 3738; x_wconf 83' lang='lat' dir='ltr'>Addo</span> <span class='ocrx_word' id='word_1_257' title='bbox 347 3677 495 3758; x_wconf 84' lang='lat' dir='ltr'>Myrtisiu</span> <span class='ocrx_word' id='word_1_258' title='bbox 516 3697 555 3740; x_wconf 85' lang='lat' dir='ltr'>ex</span> <span class='ocrx_word' id='word_1_259' title='bbox 581 3677 699 3762; x_wconf 80' lang='lat' dir='ltr'>Geogr.</span> <span class='ocrx_word' id='word_1_260' title='bbox 720 3679 842 3738; x_wconf 83' lang='lat' dir='ltr'>lieren.</span> <span class='ocrx_word' id='word_1_261' title='bbox 862 3687 896 3756; x_wconf 73' lang='grc'>4,</span> <span class='ocrx_word' id='word_1_262' title='bbox 918 3687 977 3757; x_wconf 77' lang='lat'>43.</span> <span class='ocrx_word' id='word_1_263' title='bbox 1031 3677 1074 3738; x_wconf 80' lang='lat' dir='ltr'>lia</span> 
     </span>
     <span class='ocr_line' id='line_1_33' title="bbox 55 3767 1074 3860; baseline 0.01 -32"><span class='ocrx_word' id='word_1_264' title='bbox 55 3767 136 3850; x_wconf 79' lang='lat' dir='ltr'>igitur</span> <span class='ocrx_word' id='word_1_265' title='bbox 152 3777 190 3837; x_wconf 89' lang='lat' dir='ltr'>de</span> <span class='ocrx_word' id='word_1_266' title='bbox 208 3777 364 3858; x_wconf 85' lang='lat' dir='ltr'>scriptura.</span> <span class='ocrx_word' id='word_1_267' title='bbox 391 3797 464 3838; x_wconf 88' lang='lat' dir='ltr'>cum</span> <span class='ocrx_word' id='word_1_268' title='bbox 479 3798 517 3840; x_wconf 85' lang='lat' dir='ltr'>ett</span> <span class='ocrx_word' id='word_1_269' title='bbox 534 3779 662 3841; x_wconf 82' lang='lat' dir='ltr'>Graecia</span> <span class='ocrx_word' id='word_1_270' title='bbox 682 3779 762 3838; x_wconf 86' lang='lat' dir='ltr'>nihil</span> <span class='ocrx_word' id='word_1_271' title='bbox 780 3775 903 3838; x_wconf 89' lang='lat' dir='ltr'>subsidii</span> <span class='ocrx_word' id='word_1_272' title='bbox 922 3777 1074 3860; x_wconf 77' lang='lat' dir='ltr'>subpetat.</span> 
     </span>
     <span class='ocr_line' id='line_1_34' title="bbox 56 3869 1075 3960; baseline 0.005 -25"><span class='ocrx_word' id='word_1_273' title='bbox 56 3869 88 3930; x_wconf 71' lang='lat' dir='ltr'>ibt</span> <span class='ocrx_word' id='word_1_274' title='bbox 104 3891 203 3938; x_wconf 88' lang='lat' dir='ltr'>tamen</span> <span class='ocrx_word' id='word_1_275' title='bbox 217 3877 481 3960; x_wconf 88' lang='lat' dir='ltr'>adquiescendum</span> <span class='ocrx_word' id='word_1_276' title='bbox 496 3881 634 3948; x_wconf 84' lang='lat' dir='ltr'>videtur.</span> <span class='ocrx_word' id='word_1_277' title='bbox 660 3893 697 3940; x_wconf 90' lang='lat' dir='ltr'>nt</span> <span class='ocrx_word' id='word_1_278' title='bbox 715 3899 788 3940; x_wconf 90' lang='lat' dir='ltr'>cum</span> <span class='ocrx_word' id='word_1_279' title='bbox 806 3877 969 3940; x_wconf 77' lang='lat' dir='ltr'>codicibus</span> <span class='ocrx_word' id='word_1_280' title='bbox 988 3897 1075 3960; x_wconf 81' lang='lat' dir='ltr'>praa·</span> 
     </span>
     <span class='ocr_line' id='line_1_35' title="bbox 56 3966 1075 4062; baseline 0.015 -36"><span class='ocrx_word' id='word_1_281' title='bbox 56 3966 173 4039; x_wconf 73' lang='lat' dir='ltr'>letamur</span> <span class='ocrx_word' id='word_1_282' title='bbox 195 3981 323 4062; x_wconf 77' lang='lat' dir='ltr'>Myrtili</span> <span class='ocrx_word' id='word_1_283' title='bbox 352 3985 577 4044; x_wconf 88' lang='lat' dir='ltr'>terminatione</span> <span class='ocrx_word' id='word_1_284' title='bbox 601 3985 634 4042; x_wconf 94' lang='lat' dir='ltr'>in</span> <span class='ocrx_word' id='word_1_285' title='bbox 659 3979 834 4062; x_wconf 84' lang='lat' dir='ltr'>Hispanicia</span> <span class='ocrx_word' id='word_1_286' title='bbox 858 3979 990 4042; x_wconf 72' lang='lat' dir='ltr'>urbibus</span> <span class='ocrx_word' id='word_1_287' title='bbox 1016 3977 1075 4041; x_wconf 79' lang='lat' dir='ltr'>sra-</span> 
     </span>
     <span class='ocr_line' id='line_1_36' title="bbox 56 4073 1074 4175; baseline 0.003 -38"><span class='ocrx_word' id='word_1_288' title='bbox 56 4089 193 4149; x_wconf 87' lang='lat' dir='ltr'>quentata.</span> <span class='ocrx_word' id='word_1_289' title='bbox 244 4073 344 4175; x_wconf 83' lang='lat' dir='ltr'>Balsa</span> <span class='ocrx_word' id='word_1_290' title='bbox 367 4099 489 4166; x_wconf 85' lang='lat' dir='ltr'>praeter</span> <span class='ocrx_word' id='word_1_291' title='bbox 512 4085 669 4146; x_wconf 87' lang='lat' dir='ltr'>Graecum</span> <span class='ocrx_word' id='word_1_292' title='bbox 693 4083 914 4143; x_wconf 88' lang='lat' dir='ltr'>Ptolemaeum</span> <span class='ocrx_word' id='word_1_293' title='bbox 937 4083 1074 4162; x_wconf 88' lang='lat' dir='ltr'>probant</span> 
     </span>
     <span class='ocr_line' id='line_1_37' title="bbox 57 4172 1076 4268; baseline 0.006 -30"><span class='ocrx_word' id='word_1_294' title='bbox 57 4172 139 4240; x_wconf 82' lang='lat' dir='ltr'>iidem</span> <span class='ocrx_word' id='word_1_295' title='bbox 152 4199 290 4248; x_wconf 73' lang='lat' dir='ltr'>auctores</span> <span class='ocrx_word' id='word_1_296' title='bbox 307 4185 423 4257; x_wconf 84' lang='lat' dir='ltr'>Latini,</span> <span class='ocrx_word' id='word_1_297' title='bbox 449 4199 483 4248; x_wconf 88' lang='lat' dir='ltr'>et</span> <span class='ocrx_word' id='word_1_298' title='bbox 498 4183 537 4248; x_wconf 82' lang='lat' dir='ltr'>stc</span> <span class='ocrx_word' id='word_1_299' title='bbox 551 4187 649 4248; x_wconf 80' lang='lat' dir='ltr'>etiam</span> <span class='ocrx_word' id='word_1_300' title='bbox 664 4185 699 4245; x_wconf 87' lang='lat' dir='ltr'>in</span> <span class='ocrx_word' id='word_1_301' title='bbox 710 4183 873 4246; x_wconf 90' lang='lat' dir='ltr'>Marciano</span> <span class='ocrx_word' id='word_1_302' title='bbox 888 4183 951 4268; x_wconf 77' lang='lat' dir='ltr'>leg.</span> <span class='ocrx_word' id='word_1_303' title='bbox 970 4179 1076 4246; x_wconf 86' lang='lat' dir='ltr'>censet</span> 
     </span>
    </p>
   </div>
   <div class='ocr_carea' id='block_1_3' title="bbox 0 0 1406 4942">
    <p class='ocr_par' dir='ltr' id='par_1_3' title="bbox 0 0 1406 4942">
     <span class='ocr_line' id='line_1_38' title="bbox 0 0 1406 4942; baseline 0 0"><span class='ocrx_word' id='word_1_304' title='bbox 0 0 1406 4942; x_wconf 95' lang='lat' dir='ltr'> </span> 
     </span>
    </p>
   </div>
  </div>
 </body>
</html>
