2792 4940
336 439 394 507 ιη
453 419 456 426 ’
634 430 873 488 rourourr
912 431 1073 488 niutan

331 602 461 676 Serinm,
482 605 533 664 uti
548 603 584 668 h.
597 595 801 688 Gronovius]
829 617 866 664 ut
880 602 913 664 in
930 603 1037 667 Plinio
1059 601 1112 682 [ad
1127 612 1162 682 4,
1182 615 1236 682 ¹8·
1251 601 1273 666 l'.
1286 619 1305 664 r
1318 605 1363 684 1.]

330 703 585 775 monstravimus,
610 718 664 766 aut
682 705 888 786 Zerynthium
911 725 950 766 ex
973 704 1183 786 Lycophrone
1208 701 1262 792 [v.
1281 700 1361 790 77.]

330 823 366 868 ac
392 805 571 875 Nicandro,
601 803 720 893 [Ther.
754 825 787 868 r.
817 801 925 894 462]
958 807 1012 888 qui
1042 807 1227 887 proximum
1256 808 1362 868 Zonae

329 919 455 968 rutrum
497 907 632 968 Hecatae
671 907 809 966 dicatum
848 909 893 968 ita
931 908 1143 969 nominarit.'
1177 925 1362 968 eauunuvs.

328 1006 414 1072 Ante
435 1007 644 1068 Hermolaum
665 1007 838 1085 Seriphinm
854 1003 925 1094 [-
941 1004 1004 1095 on]
1028 1008 1199 1091 legebatur.
1234 1009 1364 1070 Solinus

329 1125 357 1172 c.
379 1127 434 1172 to.
456 1103 499 1194 [l.
527 1103 603 1194 tin]
630 1109 669 1168 de
686 1107 816 1190 Orpheo
833 1129 921 1190 quem
932 1106 1007 1198 five
1019 1100 1186 1199 sacrorum
1198 1105 1273 1199 five
1289 1130 1364 1170 cun·

329 1213 419 1272 tuum
436 1199 559 1300 ficretn
588 1211 621 1270 in
642 1209 789 1287 Sperchio
815 1210 1030 1289 promontorio
1055 1201 1190 1298 ugitaffe
1214 1207 1362 1272 tradunt.

327 1305 508 1374 Marcianos
523 1309 648 1392 Capella
668 1310 724 1372 lib.
742 1311 775 1372 6.
801 1305 852 1398 [p.
866 1325 906 1374 or
918 1330 948 1373 o.
966 1303 1079 1396 Gron]
1111 1312 1201 1372 Nam
1217 1311 1249 1370 iu
1264 1309 1362 1390 Spar·

328 1413 376 1474 tio
398 1415 614 1491 promontorio
636 1411 686 1472 itte
708 1412 808 1472 uitam
831 1425 890 1472 aut
904 1403 1021 1502 saeris,
1053 1424 1090 1472 ut
1110 1413 1211 1482 aiunt,
1243 1413 1362 1490 impert·

327 1512 393 1584 dit,
419 1525 478 1574 aut
491 1510 624 1602 fidibus.
666 1531 869 1574 crtccourvs.
922 1513 1043 1576 Omnes
1060 1513 1133 1574 iibri
1151 1514 1262 1598 legunt
1278 1511 1362 1572 Seri·

325 1614 440 1694 phion,
466 1614 552 1672 unde
575 1614 736 1696 vulgatam
754 1613 924 1674 lectionem
941 1615 1146 1677 excuderunt.
1197 1613 1259 1676 Sed
1280 1613 1361 1672 arbi·

325 1724 394 1774 tror
419 1711 536 1774 Melam
561 1711 702 1792 [eriphile
729 1713 936 1792 Zerynthum.
998 1715 1265 1778 Promontorium
1296 1715 1362 1776 hoc

326 1815 449 1876 dictum
469 1813 506 1872 ab
528 1828 619 1874 antro
634 1815 809 1892 Zerynthio
827 1815 882 1874 suo
904 1817 937 1876 iu
956 1818 1068 1878 eodem
1085 1829 1206 1878 monte.
1260 1815 1361 1876 Mons

325 1917 379 1976 llle
400 1913 535 1974 conhtue
555 1915 598 1976 est
616 1916 799 1976 nemoribus
816 1916 887 1984 illie.
910 1936 990 1997 quae
1006 1916 1151 1998 Orpheus
1168 1917 1243 1976 illuc
1263 1931 1362 1976 cantu

324 2004 381 2078 ho
398 2015 564 2075 transtulit.
616 2011 765 2098 Ὀρφέως
783 2006 871 2104 δρύες
886 2018 950 2077 illic
966 2031 1189 2084 memorantur.
1214 2015 1268 2076 iub
1288 2019 1362 2097 qui·

324 2113 384 2178 bue
405 2131 531 2176 antrum
556 2115 767 2196 Zerynthium
789 2115 963 2188 vilebatur,
997 2119 1071 2180 telle
1096 2117 1246 2178 Nicandri
1271 2115 1361 2180 icho-

323 2217 417 2278 liahe.
454 2213 512 2304 [ud
534 2235 560 2278 c.
580 2211 622 2302 1.]
679 2219 741 2279 Sed
767 2231 799 2278 et
825 2219 937 2281 orbern
968 2210 1163 2298 zerynthum
1194 2219 1259 2280 illic
1291 2239 1362 2280 me·

323 2331 427 2380 morat
455 2317 650 2397 Stephanus,
689 2331 721 2379 ct
751 2320 908 2400 templum
939 2319 1091 2400 Apollinis
1124 2319 1235 2380 Livius
1272 2315 1359 2406 [53‚

271 2468 272 2471 ,
322 2415 462 2504 4¹⁵4]
488 2418 609 2479 etalii.
662 2419 747 2478 Huic
778 2439 855 2480 vero
887 2421 991 2480 monti
1018 2417 1238 2482 viciniffimam
1265 2417 1361 2482 soille

322 2521 454 2589 Zonam,
477 2517 624 2578 testantur
639 2537 761 2580 omnes.
798 2519 874 2581 Non
891 2521 990 2602 potest
1007 2523 1111 2601 itaque
1127 2525 1241 2582 veritas
1256 2521 1360 2582 huius

321 2620 468 2682 lectionis
490 2619 680 2680 indubium
702 2621 818 2682 vocari.
869 2622 997 2682 Solinus
1021 2623 1200 2702 Sperchium
1225 2625 1362 2682 vocavit

321 2721 383 2784 hoc
413 2722 691 2804 promuntorium,
732 2721 889 2796 vocabulo
927 2737 1072 2804 corrupto
1111 2743 1151 2790 ex
1189 2723 1360 2802 Seriphion

321 2822 435 2892 Melae,
461 2822 546 2882 uude
568 2825 703 2903 adparet,
730 2841 824 2903 quum
847 2820 1004 2884 vetustum
1029 2823 1062 2882 lit
1084 2824 1161 2884 istud
1184 2827 1358 2888 mendum.
1386 2831 1387 2836 ’

321 2923 448 3004 Nempe
466 2925 613 3006 ignotum
628 2937 692 2982 erat
711 2922 842 2984 librariis
863 2925 1119 3003 promuntorium
1132 2925 1359 3003 Zerynthium,

321 3037 354 3104 et
374 3021 476 3085 forsan
497 3025 611 3103 aliquid
633 3025 773 3108 legerant
790 3025 843 3084 vel
862 3025 946 3104 apud
970 3025 1128 3095 Tacitum,
1157 3021 1291 3111 [huual.
1317 3030 1358 3102 4,

322 3139 381 3187 or.
402 3118 500 3206 extu]
525 3124 575 3183 vel
592 3125 680 3192 alios,
707 3125 745 3182 de
762 3123 999 3203 luxoSeriphio,
1022 3126 1157 3206 ideoque
1176 3127 1252 3184 illud
1272 3139 1360 3186 tarn·

321 3243 414 3305 quarn
435 3225 542 3284 uotiua
562 3222 794 3284 substituerunt.
847 3224 935 3285 Idem
953 3245 1029 3286 vero
1050 3227 1092 3286 est
1107 3241 1138 3286 et
1159 3227 1297 3288 Serrium
1317 3242 1357 3288 et

320 3325 528 3400 Zerynthium
551 3326 822 3404 promuntorium.
857 3343 997 3386 vossrva.
1064 3328 1211 3387 Retinuit
1241 3341 1357 3388 tamen

320 3419 445 3486 Volhue
464 3425 495 3482 in
520 3420 586 3502 ipio
607 3437 757 3484 contextu
775 3425 923 3494 Serri1uu‚
950 3445 1053 3506 neque
1076 3446 1135 3509 ego
1158 3427 1232 3486 inde
1251 3428 1359 3488 disce·

321 3525 462 3588 denduut
484 3523 625 3586 arbitror.
677 3526 886 3603 Zerynthium
909 3528 1165 3606 promontorium
1191 3547 1356 3605 nusquam

320 3626 433 3708 reperi.
484 3626 526 3686 ht
558 3623 672 3686 vetulli
702 3638 842 3686 auctores
872 3639 998 3686 antrum
1029 3626 1186 3688 celebrant
1213 3627 1355 3690 Hecatae

321 3725 541 3790 consecratum.
593 3725 665 3786 Vid.
694 3725 850 3806 Lycophr.
873 3745 906 3788 v.
932 3741 989 3800 77.
1015 3741 1047 3786 et
1070 3747 1107 3788 ex
1130 3745 1168 3787 eo
1195 3729 1354 3808 Stephan.

320 3827 354 3890 h.
373 3848 406 3889 v.
440 3838 523 3886 utet
543 3824 647 3888 Schol.
668 3825 816 3908 Nicandri
832 3846 858 3888 c.
880 3827 902 3888 l.
940 3827 1073 3888 Tzetzes
1088 3807 1127 3888 ad
1143 3829 1354 3908 Lycophron.

320 3950 353 3990 v.
372 3935 457 4009 449.
499 3927 653 3988 Venerem
669 3929 762 3986 etiam
781 3927 826 3987 ibi
844 3927 960 3988 cultam
977 3941 1087 3998 narrat,
1110 3941 1142 3990 et
1160 3929 1270 3990 Livius
1290 3943 1355 4008 58.

320 4040 382 4108 4¹⁹
403 4038 438 4107 4.
477 4027 679 4107 Zerynthium
712 4027 858 4110 ternplum
889 4028 1051 4109 Apollinis.
1111 4027 1207 4090 Multi
1241 4045 1357 4092 tamen

320 4126 517 4210 Zerynthum
550 4129 614 4190 live
648 4129 776 4200 urbem,
812 4129 894 4201 five,
930 4130 1015 4211 qnod
1048 4131 1188 4212 plerique
1220 4133 1359 4205 habent,
