2826 4936
358 469 451 530 ΗΒ.
480 467 532 527 ttt.
577 467 610 528 0.
640 475 691 528 tn.
734 473 758 543 i.
786 487 812 542 5.
1069 487 1111 554 93

72 645 221 710 reriione
236 645 338 708 utimr
351 643 542 718 Pintianue,
575 645 819 730 adspirationem
840 648 1025 732 praeponit,
1050 669 1112 712 nec

67 749 129 810 nist
152 747 249 810 semel
266 763 356 811 antea
373 749 559 812 Guarinuer'
577 767 636 830 pro
652 769 674 831 y
689 749 836 820 adhibet,
862 771 957 832 quam
980 751 1114 832 quidem

70 847 258 932 scriptoram
280 851 376 912 unice
399 869 508 912 veram
536 851 724 934 pronuntiat
748 851 919 916 Clnreriua
943 853 976 912 in
999 851 1110 916 Germ.

69 967 139 1014 ant.
158 965 190 1032 3.
216 961 276 1030 47.
302 973 335 1036 p.
362 965 446 1026 702.
480 953 554 1034 quia
578 951 744 1014 Germania
766 945 882 1034 'procul
906 953 1005 1016 dnbio
1029 953 1112 1016 dicta

67 1049 170 1115 fuerit
190 1051 507 1124 tter-Hannonem,
530 1071 547 1114 a
568 1053 737 1135 primitivo
757 1057 829 1116 ther
845 1054 947 1117 Hora.
984 1055 1112 1118 Graecia

71 1151 250 1216 Oriciniom
271 1155 387 1216 dictam
405 1151 493 1216 inille
511 1155 605 1216 tradit
620 1155 787 1218 Boccatitrt
805 1155 825 1218 l.
842 1177 875 1217 v.
892 1155 1036 1228 Ericina,
1059 1157 1111 1220 tle·

69 1269 184 1338 ceptae
207 1252 275 1316 falla
297 1253 434 1318 Caesarie
462 1255 612 1319 lectione.
664 1255 791 1340 Nempe
815 1257 925 1318 Graeci
947 1247 1112 1344 Ἐρκὺνιος

68 1355 175 1419 solent
198 1353 346 1427 scribere,
380 1375 519 1440 qnomm
542 1359 638 1419 etiam
658 1361 815 1420 rationem
837 1357 1027 1440 sequendam
1051 1359 1111 1422 elle

67 1473 185 1520 monet
201 1457 365 1522 Drakenb.
383 1459 421 1520 ad
438 1459 509 1522 Lir.
527 1471 560 1536 5.
577 1469 635 1542 34,
649 1469 684 1540 4.
711 1461 766 1522 etfi
789 1463 896 1544 negari
913 1479 980 1522 non
998 1461 1110 1544 potell,

67 1560 168 1622 etiam
185 1559 260 1620 alibi
279 1559 414 1622 inlibris
432 1561 619 1622 Latinorum
637 1575 805 1623 anctorum
822 1561 1002 1644 frequenter
1024 1583 1080 1646 per
1099 1565 1112 1626 ι’

68 1661 189 1732 efferri,
220 1663 373 1744 aliterque
391 1663 487 1724 etiam
503 1681 623 1724 nomen
648 1665 819 1745 corrumpi,
854 1667 944 1726 cuiue
965 1665 1110 1746 exempla

66 1777 261 1846 proponunt
284 1761 448 1825 Drakenb.
474 1763 510 1826 etl
529 1763 661 1824 Livium
679 1783 706 1826 c.
728 1763 750 1826 Ι.
777 1779 810 1826 et
829 1763 964 1826 Fischeri
984 1765 1110 1830 libellue

66 1885 153 1928 verr.
183 1865 270 1927 lectt.
299 1863 338 1926 ad
367 1865 451 1927 Flor.
480 1885 509 1936 r,
535 1877 646 1942 ¹128·
674 1885 705 1947 p.
731 1881 789 1928 20.
861 1867 960 1950 Quod
990 1867 1110 1932 Cluve-

65 1967 137 2028 riue
153 1985 180 2028 c.
197 1965 219 2029 1.
239 1979 397 2048 praeterea
420 1965 580 2035 adfirmat,
615 1981 727 2028 concta
750 1963 885 2030 Caesarie
908 1969 1108 2051 exemplaria,

67 2081 151 2150 quot
171 2067 306 2139 viderit,
331 2067 447 2128 habere
465 2065 595 2128 Orcinia
614 2055 766 2130 hactenus
786 2069 917 2150 quidem
940 2071 1033 2140 valet,
1058 2069 1110 2132 led

66 2189 137 2232 non
164 2169 313 2231 omnino.
363 2167 536 2250 Pleraeque
557 2171 645 2230 enim
661 2171 786 2232 codicee
802 2169 951 2232 exhibere
970 2169 1112 2254 Orcynio

67 2271 203 2334 monuit
217 2269 479 2352 Oudendorpinr,
502 2283 534 2330 et
550 2269 687 2352 probum
704 2270 764 2333 elle
782 2272 878 2334 docet
892 2273 1111 2356 interpretatio

70 2373 203 2435 Graeca.
245 2373 268 2432 Ι
289 2387 322 2434 et
337 2392 367 2452 y,
391 2372 460 2454 qnia
481 2371 606 2442 dixerit,
634 2375 760 2454 quotiet
783 2373 816 2432 in
837 2373 887 2436 hie
908 2371 1108 2438 misceantur.

68 2473 133 2538 Sed
154 2467 307 2561 ’Δρκιὶνια
329 2463 386 2560 ὅρη
415 2491 473 2556 pro
492 2467 646 2562 Ὲρκύνια
668 2475 733 2536 iam
761 2474 844 2536 dixit
866 2473 1048 2539 Aristoteles
1074 2477 1109 2538 in
1142 2535 1147 2550 ,

66 2573 244 2638 Meteorol.
270 2593 300 2646 ι,
327 2587 382 2656 13.

148 2755 190 2806 et
223 2743 391 2828 aliquot
416 2733 546 2834 sunt)
608 2743 757 2808 Ciaccon.
794 2755 826 2806 et
859 2743 982 2830 aliquot
1011 2747 1109 2810 etiam

60 2837 165 2938 sunu
207 2845 315 2908 Cibin.
338 2856 370 2906 et
399 2845 459 2906 atie
479 2845 602 2927 quidem
622 2838 723 2936 farte,
757 2847 844 2928 quod
866 2867 905 2908 ex
932 2847 1110 2912 editoribut

69 2948 155 3010 [oltra
178 2944 282 3028 poluit
298 2947 443 3008 Vinetua.
481 2947 597 3008 Parnm
614 2945 719 3018 refert,
740 2967 844 3029 neque
860 2949 939 3008 tanti
954 2948 996 3010 eil
1011 2951 1109 3012 unitae

68 3051 209 3118 codicia,
235 3047 289 3109 etit
307 3047 380 3110 aliae
399 3047 530 3128 optimi,
561 3067 640 3117 vox,
672 3061 709 3108 nt
726 3049 853 3133 vulgata
874 3050 969 3111 lectio
991 3049 1110 3114 tlelera·

66 3165 134 3212 tur.
175 3151 316 3210 Tantum
345 3151 379 3209 in
405 3149 489 3212 Gud.
515 3163 590 3212 ante
612 3150 736 3233 aliquot
766 3149 849 3212 deell
871 3162 912 3212 et.
958 3147 1009 3215 To*
1032 3143 1110 3243 [tant

65 3249 171 3316 abelle
187 3249 316 3313 iubebat
331 3249 525 3336 Contingiue
539 3270 566 3314 c.
586 3251 607 3314 l.
628 3249 732 3314 nescio
751 3251 814 3323 hic,
837 3251 1042 3334 quambene.

147 3417 325 3502 habent)
374 3418 483 3483 Cibin.
507 3417 664 3492 habeam
700 3420 773 3482 edd.
801 3433 855 3499 15.
885 3441 939 3500 ¹7·
969 3441 1025 3486 tto.
1051 3437 1109 3505 25.

67 3544 135 3588 rtorr
157 3520 285 3584 habene.
326 3521 367 3582 At
387 3521 459 3604 iplie
480 3519 668 3583 nominibua
691 3537 983 3586 commemorantur
1003 3525 1036 3584 in
1058 3545 1111 3586 au·

70 3625 216 3688 etoribtta
235 3619 384 3692 Gabreta,
411 3621 556 3692 Serrana,
579 3623 762 3694 Martiana,
788 3619 913 3714 Caefla,
939 3625 978 3686 de
995 3623 1110 3706 quibu·

70 3727 144 3790 Vol.
171 3739 205 3787 a.
256 3721 307 3787 Cf.
334 3723 465 3784 interim
499 3723 671 3785 Clttveriue
703 3723 736 3782 in
767 3721 876 3785 Germ.
903 3737 967 3787 ant.
988 3743 1018 3795 a,
1046 3735 1108 3808 47.

68 3849 101 3910 p.
125 3843 198 3904 702
218 3823 281 3908 sqq.
324 3837 357 3888 et
389 3826 521 3908 Spener.
559 3825 594 3886 in
624 3825 741 3886 notitia
777 3823 886 3888 Germ.
921 3837 985 3890 ant.
1014 3845 1047 3900 2,
1075 3843 1109 3910 3.

68 3950 99 4012 r·
115 3941 165 4008 82
184 3925 247 4012 fra·

139 4089 403 4192 sexaginta)
442 4091 540 4160 Paris.
563 4115 591 4160 t.
613 4093 844 4180 quadraginta.
878 4095 916 4159 ln
935 4095 1108 4186 llehdiger.

71 4199 151 4266 deell
175 4203 245 4262 iter.
937 4227 941 4238 =
