2792 4940
344 402 437 458 tut
466 403 504 458 u.
547 403 580 460 r.
609 406 645 458 u.
688 405 820 482 tage
1048 421 1104 482 ιιι

59 569 236 639 §almae
263 603 323 618 -
373 573 424 636 Ab
451 575 583 638 Coliuto
607 577 730 638 dietum
755 571 951 652 Coffioiten.
982 577 1104 646 iuratur

57 675 92 736 est
110 671 241 738 l'offiue
268 695 315 738 ex
339 675 497 738 Holllenii
520 679 604 740 notia
626 680 665 738 ad
690 679 849 742 Ortelium
872 701 905 764 p.
928 681 986 746 60.
1039 685 1102 746 Sed

57 779 116 856 quie
132 773 246 838 Voffio
265 779 356 837 dixit
377 775 544 840 Colintunr
561 779 620 840 elle
636 781 819 862 oppidum?
859 800 882 846 ι.
901 801 1101 848 deonotus

55 881 177 940 nanta
198 876 394 968 posteriori.
446 878 533 942 Nolo
555 882 693 960 prolixae
711 881 757 942 illi
776 895 807 944 et
824 883 970 946 molestae
992 883 1100 966 palsuu

54 979 263 1058 disputationi
294 981 479 1043 immorari.
531 979 582 1044 Cl.
608 982 757 1045 Perizon.
782 985 822 1046 ed
850 985 971 1048 deliro.
995 988 1032 1048 V.
1055 989 1099 1052 ll.

57 1098 81 1148 a.
101 1081 156 1142 26.
185 1093 221 1143 et
247 1079 431 1162 illenagius
451 1081 488 1142 ad
506 1083 642 1164 Diogen.
662 1083 764 1146 Laert.
782 1095 815 1162 8,
839 1105 893 1148 ιι.
944 1086 1099 1150 Bistorridi

53 1181 96 1242 lu'c
119 1183 277 1254 inhaeret
304 1179 436 1244 Salmal.
463 1183 501 1244 ad
523 1185 668 1246 solinum
697 1203 724 1248 c.
752 1203 808 1250 ιο.
831 1183 852 1246 l.
878 1187 930 1250 ι6.
953 1207 985 1268 p.
1016 1201 1098 1266 rra.

54 1295 80 1342 et
97 1283 167 1362 quia
189 1285 228 1343 in
246 1283 372 1344 Solino
396 1281 517 1366 legatur
533 1283 807 1378 deindeflagnum
827 1286 1017 1376 Bistonium.
1043 1311 1099 1350 uec

55 1383 133 1463 lenge
149 1387 242 1464 regio
267 1384 446 1452 ,llarouern
471 1403 550 1466 quae
567 1385 660 1448 rerba
676 1407 715 1448 ert
732 1385 837 1450 nolito
858 1385 1006 1470 exscripta
1028 1391 1098 1460 fint,

56 1485 139 1545 itaet
162 1485 221 1546 bic
246 1485 432 1568 legendum
454 1485 557 1546 ceulet
566 1486 724 1578 stagnum
737 1485 902 1578 Brflortum
923 1503 977 1548 aut
994 1489 1099 1581 lisso-

55 1589 112 1656 ru‘r,·
136 1606 263 1648 vocem
277 1581 414 1672 jluvr'us
431 1605 447 1646 a
465 1585 565 1648 lciolie
583 1591 723 1648 additam
740 1589 810 1650 elle.
848 1593 888 1650 tr
911 1592 1007 1650 nimir
1029 1595 1098 1652 vio·

55 1686 128 1748 lente
149 1687 196 1748 est
219 1688 308 1748 haec
330 1689 524 1758 emendatio,
550 1689 604 1750 etli
624 1689 768 1780 Bistonis
789 1689 944 1750 librorum
965 1693 1098 1753 lectioui

54 1790 176 1869 propius
201 1789 347 1850 accedit.
409 1789 543 1850 Flumen
566 1803 671 1850 tamen
696 1790 791 1852 huitu
810 1793 952 1852 uoruiuie
975 1795 1098 1867 ignora·

55 1903 116 1960 tur,
149 1891 203 1950 eui
228 1891 335 1948 etiarn
353 1907 417 1950 vox
438 1891 528 1970 ripae
546 1888 743 1972 respondeat.
805 1893 865 1954 Sed
887 1907 919 1952 et
942 1895 1098 1954 Sclrurnus

53 1990 83 2048 io
100 1991 161 2052 hoe
175 2005 289 2050 tractu
308 1991 481 2074 ignoratur,
502 1993 603 2072 etqui
619 1993 754 2052 occurrit
768 1992 943 2072 Schoenus,
964 1997 997 2054 iu
1012 1997 1098 2056 The·

54 2091 137 2150 baira
150 2093 204 2151 illa
223 2089 291 2150 luit
311 2095 452 2174 regione.
489 2093 559 2154 l'id.
575 2092 687 2154 Strabo
703 2113 737 2172 9.
759 2114 790 2174 p.
808 2115 853 2156 ιιι.
874 2109 956 2172 231.
975 2093 994 2156 i'.
1010 2109 1097 2174 4⁰8·

55 2193 147 2252 ldem
173 2194 263 2254 ralet
295 2193 335 2253 de
369 2189 463 2254 voffii
485 2191 601 2284 Nesto,
636 2215 734 2274 quem
763 2214 821 2256 nec
846 2195 916 2254 libri
946 2197 1097 2268 iuuuunt,

57 2311 116 2353 nee
133 2311 285 2354 anctoree
307 2293 360 2352 hic
380 2309 644 2356 commemorant.
696 2295 784 2354 Turn
801 2315 878 2356 vero
899 2297 995 2358 etiam
1017 2297 1097 2360 infru

59 2393 156 2454 noster
178 2415 221 2456 ex
246 2407 405 2476 perpetua
425 2395 518 2476 ipfiue
542 2394 770 2456 cousuetudine
787 2393 959 2477 scriptillet:
1000 2398 1098 2458 Vltro

61 2495 167 2586 Nestos
188 2496 278 2556 alter
289 2489 384 2580 stult.
437 2497 509 2558 Vid.
530 2497 647 2558 dehoc
672 2499 697 2558 l.
717 2497 860 2556 Gronov.
885 2497 920 2556 ad
947 2513 980 2566 ιι.
1005 2513 1035 2567 ι.
1062 2517 1096 2577 9.

57 2596 143 2658 l'nur
161 2599 198 2656 in
222 2597 345 2656 vicinia
365 2597 446 2677 apud
463 2598 623 2676 Scylacem
642 2618 668 2660 c.
688 2597 707 2656 l.
730 2598 860 2677 ponitur
879 2597 1017 2658 Credatur
1040 2601 1096 2658 llu-
1189 2671 1194 2682 Ι

58 2698 135 2766 rius,
161 2717 268 2779 quem
289 2709 393 2758 rauren
416 2717 512 2758 neruo
535 2717 573 2758 ex
595 2698 686 2760 MSS.
709 2698 761 2758 lric
777 2700 944 2760 extuderit.
996 2699 1033 2758 ln
1048 2699 1097 2760 laia

57 2799 149 2880 igitur
170 2799 321 2860 tenebris
342 2799 468 2878 praestat
490 2799 658 2860 adhaerere
680 2799 781 2860 verbo
804 2799 975 2867 Sclureuus.
1010 2799 1099 2880 quod

58 2903 180 2962 codices
206 2899 330 2980 optimi
354 2897 518 2970 adferunt,
553 2921 647 2980 quuu
672 2899 801 2960 incertia
822 2899 957 2980 pedibus
983 2899 1097 2984 vagari.

58 3001 138 3060 llinc
163 3021 249 3062 vero
273 3001 415 3080 adparet,
447 3021 542 3080 quam
563 3013 646 3060 recte
669 3001 821 3062 Cellariue
844 3003 876 3058 in
893 2999 1008 3082 Geugr.
1031 3013 1097 3062 ant.

58 3117 88 3170 a,
108 3115 163 3178 15,
187 3103 248 3164 ιδ.
290 3101 407 3162 Melam
421 3103 534 3163 errorir
552 3101 788 3170 iusunularerir,
809 3101 893 3180 quod
914 3100 1098 3162 Maroneam

56 3223 154 3285 prope
174 3201 302 3262 Neston
326 3200 473 3282 posuerit,
507 3221 581 3264 curn
603 3222 639 3264 ea
660 3201 860 3283 repreheulio
881 3201 921 3262 td
946 3199 1098 3274 volitum,

57 3324 120 3366 uon
139 3306 183 3365 ad
206 3303 330 3364 Melam
351 3305 516 3384 pertineat.

228 3507 261 3583 §.
288 3521 323 3582 9.
373 3503 593 3566 Diomeden
602 3503 621 3586 )
672 3501 755 3586 Lipl'.
784 3501 923 3566 Virrdob.
953 3499 1037 3562 Gud.
1066 3512 1100 3564 et

58 3609 130 3670 tdd.
155 3607 319 3688 quaedam
344 3605 548 3679 Diomedem
587 3605 761 3688 Rehtliger.
790 3605 880 3686 Prag.
909 3601 1099 3684 dyuruedem,

59 3713 103 3770 oti
127 3708 202 3792 pust
225 3727 283 3789 per
305 3727 335 3788 γ.
394 3707 515 3770 Placuit
536 3708 660 3770 dudum
688 3725 762 3766 curn
785 3707 853 3766 aliia
874 3703 1100 3764 terminatione

61 3813 178 3874 Graeca
207 3809 341 3868 reddere
363 3806 552 3870 Diomeden.
603 3805 678 3872 Post
699 3805 883 3868 Vindobon.
910 3799 1102 3874 madendot‚·

61 3911 154 3997 Prag.
192 3908 392 3971 mauderrdir.
451 3911 540 3972 ldenr
573 3929 630 3992 pro
663 3905 805 3968 advertor
839 3905 929 3966 dedit
968 3905 1100 3964 olianus.

61 4016 85 4074 T
89 4037 145 4076 um
171 4031 214 4074 ex
239 4029 330 4072 more
353 4009 461 4076 Cibin.
483 4011 658 4094 llehdigir.
681 4007 773 4090 l'rrg.
804 4003 944 4066 vindob.
969 4001 1101 4066 hisdem.

61 4119 140 4179 :late
154 4109 234 4176 urbs
249 4111 334 4174 deell
351 4115 384 4173 iu
399 4113 449 4178 ed.
467 4125 525 4192 38.
538 4125 573 4176 et
589 4109 689 4196 Lugd.
706 4109 810 4184 1605.
826 4119 867 4170 et.
894 4120 1100 4167 rzrcurcua.

702 4209 717 4270 1
747 4223 769 4272 n
