2826 4936
341 414 400 476 162
638 417 881 476 rottromt
919 419 1080 476 truta

342 585 545 680 Σεμνᾶθεοι]
577 591 689 654 ambos
718 594 807 654 enim
837 611 1024 676 congruere.
1067 591 1140 656 Pon
1162 590 1241 653 idem
1261 591 1296 652 Τ.
1310 605 1333 654 a.

341 694 398 756 lib.
416 707 450 772 4.
467 715 495 756 c.
515 706 569 770 ¹5·
585 715 615 775 p.
629 709 673 756 ‘to
685 691 746 774 sqq.
769 713 868 774 aeque
884 695 1005 775 prolixe
1020 695 1059 756 de
1074 694 1130 756 hac
1143 711 1217 756 rore
1231 690 1333 758 distent,

340 817 434 878 quam
456 809 560 856 tamen
579 797 780 856 coniunctam
800 797 912 876 ponit,
940 797 1126 860 Galliceuus.
1173 797 1233 856 Diu
1251 791 1333 854 secte

342 896 450 958 didisse
475 899 536 966 ait,
566 897 742 958 Galliceuos
765 897 937 980 legendum
961 897 1038 968 esse,
1068 899 1150 980 quod
1171 913 1201 958 et
1223 893 1333 954 sulliout

340 999 471 1062 Flavius
491 996 641 1078 Vopiscus
658 1000 692 1059 in
715 999 885 1060 Aureliano
906 1019 973 1080 cap.
991 1009 1052 1078 44.
1084 1001 1139 1081 qui
1161 996 1250 1059 sertor
1264 993 1333 1056 Galli·

340 1119 430 1162 cauca
451 1101 586 1160 Druidae
608 1099 789 1161 consuluisse
810 1101 849 1160 de
869 1101 1005 1182 imperio
1024 1103 1109 1183 apud
1130 1099 1270 1182 posserot,
1290 1113 1334 1175 qur

340 1221 421 1263 voce
443 1201 546 1260 arltlita
562 1222 578 1260 a
595 1202 783 1262 Britannicis
799 1215 831 1262 et
848 1201 1045 1264 Germanicia
1064 1201 1246 1270 distinxerit;
1267 1210 1293 1257 et
1305 1195 1334 1254 iic

338 1321 454 1364 vocem
478 1300 615 1390 Vestalis
638 1323 676 1364 ex
704 1303 863 1364 arliectiro
888 1303 1039 1365 tranaiilse
1060 1306 1094 1364 in
1123 1301 1334 1364 Sobilantt'rttm.

341 1399 414 1494 [Cs.
440 1405 525 1464 idem
543 1405 575 1462 in
595 1403 782 1464 Numeriani
799 1405 865 1464 vita
887 1416 964 1467 extr.
987 1407 1027 1466 de
1046 1396 1265 1486 Diocletiano]
1299 1399 1335 1458 tin

340 1525 418 1566 vero
442 1503 575 1564 veritum
597 1505 658 1565 hoc
681 1507 722 1565 ita
737 1503 888 1572 absolute,
912 1519 948 1564 ot
967 1505 1036 1574 hic,
1063 1507 1196 1588 politum
1215 1509 1336 1564 occurrtlt

339 1607 483 1668 dubitare
503 1605 587 1666 licet.
637 1607 689 1668 stc
708 1605 869 1666 Gallicani
886 1607 1074 1668 mercatores
1094 1609 1232 1668 dicuntur
1250 1605 1277 1661 in
1292 1601 1337 1660 Ett-

338 1709 440 1770 mettii
456 1726 605 1790 panegyr.
621 1707 657 1768 ad
677 1705 1019 1792 commemorem.
1036 1723 1097 1772 ια.
1119 1721 1151 1770 er
1163 1707 1261 1768 similia
1272 1699 1337 1762 alibi.

337 1810 425 1870 Turn
455 1805 606 1890 Vopiscua
636 1809 669 1868 in
701 1807 901 1870 Numeriano
923 1828 950 1870 c.
973 1809 995 1872 l.
1029 1809 1150 1870 Druirla
1176 1809 1251 1868 illam
1273 1799 1337 1881 apud

304 1953 310 1967 .
336 1911 484 1994 Tungros
500 1909 532 1968 itt
549 1907 644 1968 Gallia
662 1909 790 1992 Belgica
809 1922 975 1980 memorat,
1001 1913 1187 1974 eromuino
1207 1907 1337 1988 scriptores

335 2010 441 2072 histor.
462 2009 542 2092 Aug.
568 2007 654 2092 saepe
674 2011 799 2071 addunt
820 2011 943 2081 mulier,
976 2013 1061 2093 quod
1086 2023 1234 2095 repugnat
1252 2022 1336 2088 perpe·

334 2125 407 2173 tuae
438 2110 611 2195 virginitati
638 2111 671 2169 in
700 2111 823 2184 nostro,
866 2131 939 2173 cum
965 2133 1024 2194 qua
1059 2117 1176 2174 mulier
1200 2105 1334 2173 coalescere
1375 2143 1376 2194 p

333 2231 497 2294 nunquam
520 2213 637 2292 poterit
660 2209 793 2276 divulsa.
845 2215 905 2276 Sed
924 2227 956 2274 et
980 2215 1067 2276 idern
1086 2215 1202 2274 Martio
1217 2212 1334 2284 deinceps

332 2313 465 2376 recurrit
488 2313 526 2374 ad
548 2311 702 2374 coucam
725 2311 887 2398 linguam,
921 2317 955 2376 in
977 2335 1078 2397 eaque
1102 2315 1222 2397 quaerit
1245 2305 1334 2372 natales

333 2417 392 2486 sic,
426 2429 462 2476 ttt
491 2426 652 2497 comparet
684 2433 759 2474 cum
794 2415 848 2479 Gr.
876 2409 1004 2505 σεμνὸς,
1043 2415 1244 2482 venerabilis,
1270 2405 1334 2468 unde
1375 2435 1376 2480 3

333 2518 413 2603 legit
447 2515 533 2581 Galli
565 2515 674 2578 Settas.
727 2515 835 2579 Freret
866 2517 905 2578 cle
933 2518 962 2578 ln
992 2519 1129 2602 religion
1156 2518 1209 2578 dee
1233 2509 1335 2574 Gautoir

333 2640 366 2702 p.
387 2628 470 2702 4⁰5.
495 2617 549 2697 (iu
567 2615 739 2679 Memoiree
757 2618 797 2680 de
812 2619 972 2680 literature
995 2651 1043 2666 -
1065 2621 1107 2679 ‹le
1124 2620 1208 2679 Parit
1226 2616 1262 2676 T.
1279 2607 1335 2687 24.)

333 2721 451 2784 retinet
470 2717 581 2790 Cenat,
607 2719 660 2780 vel
682 2719 754 2778 rult
774 2719 882 2780 Keuar
896 2739 913 2779 a
927 2737 1007 2782 voce
1024 2719 1146 2780 Gallica
1167 2714 1277 2782 Keuud,
1298 2707 1337 2768 tel

333 2820 469 2892 uanae,
496 2821 518 2884 i.
535 2841 563 2884 e.
584 2821 755 2901 interpret,
780 2820 946 2901 propheta.
998 2821 1098 2904 Quod
1120 2821 1242 2902 quidam
1256 2815 1338 2874 Zetus

333 2922 468 2994 habeut,
504 2915 543 2986 ri
567 2921 599 2982 Z
615 2919 722 3002 priscis
749 2920 847 2982 Gallia
873 2923 976 2984 valere
1001 2923 1085 2982 Sex
1110 2913 1338 3000 inscriptionibus

332 3025 480 3088 evincere
500 3021 603 3084 sludet
625 3023 743 3082 Martio
765 3042 797 3102 p.
817 3032 875 3104 74.
896 3042 923 3084 c.
946 3023 965 3084 l.
1019 3023 1111 3084 Idem
1135 3039 1226 3104 porro
1249 3037 1277 3099 p.
1292 3028 1338 3087 7⁰·

259 3111 261 3116 ⁵
331 3124 409 3194 esse,
435 3125 596 3194 adfirmat.
631 3124 839 3205 quiquidem
866 3123 951 3184 Galli
973 3124 1072 3184 Seuer
1095 3125 1216 3208 legent,
1246 3115 1290 3177 sed
1309 3129 1339 3173 ex

331 3226 439 3310 lingua
454 3225 564 3286 Latina
579 3225 746 3306 explicent,
773 3224 855 3305 quast
869 3215 933 3314 sex
949 3221 1088 3296 suerint;
1114 3243 1194 3306 quoe
1213 3217 1339 3300 equidem

331 3329 458 3413 ignoro.
497 3325 631 3405 Keysler
660 3326 694 3386 iu
725 3326 884 3406 antiquitt.
911 3327 1128 3408 Septentrion.
1154 3345 1185 3406 p.
1209 3315 1338 3401 ofilius·

332 3427 494 3512 postquam
505 3421 603 3488 voffit
617 3427 815 3508 aliorumque
829 3427 1040 3508 interpretum
1055 3428 1223 3508 opiniones
1237 3417 1337 3482 reiecit,

336 3529 420 3592 Galli
440 3529 542 3590 Genus
561 3529 733 3612 legendum
754 3525 875 3601 censet;
909 3547 1024 3610 nempe
1049 3527 1164 3594 Germ,
1189 3524 1291 3604 inquit
1312 3527 1339 3576 et

333 3629 456 3726 Queeue
479 3630 643 3692 Germania
669 3629 828 3710 Celtioque
853 3626 989 3690 feminae
1018 3626 1191 3690 secerdotes
1215 3619 1338 3685 diceban·

332 3745 395 3795 tur.
446 3732 599 3793 Tentavit
620 3744 653 3792 et
677 3731 764 3790 hunc
789 3731 894 3792 locum
919 3729 1074 3792 Seldenua
1099 3731 1134 3789 in
1159 3728 1241 3787 noris
1264 3737 1337 3799 upon

331 3835 503 3912 Draytott'a
523 3831 726 3911 Polyolbion.
754 3829 840 3913 Opp.
864 3831 932 3893 Vol.
959 3845 991 3909 3.
1021 3831 1059 3892 P.
1085 3848 1116 3890 e.
1143 3850 1174 3910 p.
1196 3820 1289 3903 1736.
1312 3829 1338 3877 tl
1375 3823 1376 3864 t

332 3935 385 3998 vel
404 3933 597 3996 Samarraeos
619 3931 790 4002 substituit,
814 3931 852 3992 ab
870 3933 978 3994 Indiae
993 3929 1205 4015 philosophie,
1230 3927 1265 3986 de
1283 3919 1338 4001 qui·

333 4035 391 4098 bus
409 4035 564 4119 Origenes
585 4047 693 4096 contra
712 4031 838 4096 Celsum
853 4035 893 4093 T.
915 4053 943 4096 t.
968 4055 998 4115 p.
1014 4043 1097 4112 342.
1119 4031 1170 4094 ed.
1182 4031 1220 4090 de
1233 4027 1258 4087 ta
1270 4024 1335 4085 litte.

331 4154 364 4202 et
389 4137 540 4199 Potterur
566 4136 606 4198 ad
630 4135 790 4198 Clemeur.
815 4134 904 4198 Alex.
929 4135 1048 4198 Strom.
1075 4153 1105 4198 t.
1131 4153 1164 4216 p.
1188 4141 1267 4209 359.
1293 4119 1335 4183 rel
