2880 4940
278 399 342 468 344
576 391 821 452 rourourr
866 393 1030 448 unuln

283 577 386 650 putet.
426 563 547 628 Melino
568 565 700 648 quidem
730 579 855 650 poterat
880 565 999 630 ebelle.
1032 585 1130 646 ιμιιιιι
1159 585 1239 628 curn
1263 565 1334 627 Pin·

286 671 376 728 tirno
398 669 525 730 mutari.
563 669 640 752 Quo
656 689 756 750 utque
772 671 861 730 enim
881 669 1060 750 procellerit
1083 666 1206 737 feriter.
1232 688 1336 730 exem·

286 771 343 854 plo
358 769 464 851 eliqno
481 771 594 832 dooere
612 771 681 830 vult
698 771 798 839 Mela.
820 791 880 832 uec
898 771 975 830 illud
993 769 1033 830 ab
1048 769 1208 832 omnibne
1230 785 1338 851 petere

289 885 423 955 poterat.
439 873 491 934 rel
506 871 651 942 debebat.
669 870 719 934 led
736 873 770 934 in
784 871 899 954 quibus
914 873 945 932 id
958 873 1158 954 experientia
1174 873 1339 935 doment.

291 973 394 1036 l'erba
411 974 511 1056 Super
526 993 580 1036 eos
594 995 662 1058 cop.
680 985 741 1054 49.
761 975 923 1056 incipiunt
939 975 973 1034 in
989 973 1042 1036 ed.
1059 974 1185 1036 Vineti.

367 1175 544 1260 Hanno)
601 1177 741 1260 Quidam
772 1177 909 1242 efferunt
939 1175 1003 1238 fine
1032 1175 1273 1259 adspiratione,
1305 1191 1341 1238 nt

293 1277 381 1340 Gud.
406 1279 495 1364 l’rrg.
536 1279 599 1342 sed
622 1279 700 1341 boec
719 1293 796 1342 note
811 1293 846 1342 et
865 1281 899 1340 in
915 1297 997 1340 voce
1013 1277 1189 1340 Hannibal
1206 1279 1340 1342 excnllt.

292 1379 367 1442 Poll
392 1381 478 1440 Gud.
502 1383 599 1442 coriis
622 1381 828 1460 pertnlleratt
873 1379 1062 1442 vindobon.
1087 1377 1217 1474 occasu
1239 1401 1341 1454 eorm

291 1481 387 1545 Peril.
409 1478 505 1574 occist
525 1483 664 1556 eon'ttm
697 1483 806 1546 Cibin.
831 1501 934 1546 coreo.

370 1685 477 1750 Serio
505 1675 677 1774 ὄχημα)
726 1686 880 1758 Codices,
909 1687 944 1748 in
966 1683 1083 1768 quibue
1107 1685 1210 1748 etiam
1230 1685 1339 1750 Cibin.

294 1800 421 1850 tentum
443 1789 557 1860 theou,-
593 1789 730 1851 vindob.
754 1801 843 1858 reon.
874 1801 908 1850 et
928 1787 969 1850 fio
988 1789 1063 1850 edd.
1086 1807 1116 1851 ι.
1143 1802 1180 1850 2.
1199 1801 1234 1866 3.
1250 1799 1287 1867 4.
1307 1799 1339 1865 5.

297 1909 333 1971 9.
357 1911 411 1952 ιι.
426 1910 530 1952 nuum
546 1889 740 1952 vocabulum
758 1891 852 1952 tlreou
868 1889 1004 1962 lubent3
1038 1891 1073 1954 6.
1092 1904 1128 1964 7.
1147 1901 1184 1967 8.
1207 1911 1265 1952 ιο.
1284 1905 1335 1951 ro.

303 2013 317 2052 t
326 2007 358 2071 5.
380 1993 518 2072 retiquae
538 1993 662 2053 addunt
685 1993 829 2063 ochema.
859 1994 982 2074 priores
1003 1991 1129 2054 latinio
1154 2004 1338 2072 ntmrnqne,

297 2093 483 2174 posterioree
500 2093 626 2155 Greeeir
644 2093 743 2156 literis
759 2095 837 2155 inde
853 2113 871 2155 ι
891 2105 947 2171 15.
967 2093 1022 2157 ι6.
1045 2108 1102 2168 ι7.
1130 2111 1338 2156 monem.

300 2191 428 2276 Theou)
478 2195 561 2255 tddi
579 2195 680 2276 potell
704 2193 859 2266 ochema,
891 2209 928 2255 nt
947 2193 1031 2279 legat
1057 2194 1167 2254 ereorr
1190 2192 1339 2264 Ochema,

297 2295 360 2356 boc
382 2293 441 2364 eit.
475 2297 617 2356 Deorum
641 2296 828 2358 vehiculum
849 2317 888 2358 ex
908 2297 1034 2366 Plinio,
1060 2295 1118 2374 [6.
1139 2309 1201 2376 35.
1222 2291 1339 2382 [go]

297 2397 462 2469 Strabone,
484 2397 605 2469 beterio,
635 2393 818 2487 [Hannone
836 2419 868 2480 p.
889 2411 924 2476 5.
943 2396 1044 2460 liudi.
1069 2397 1219 2460 Ptolem.
1233 2411 1266 2474 4.
1281 2390 1335 2483 5.]

298 2499 331 2558 irl
349 2499 410 2570 est.
434 2500 519 2564 θεῶν
542 2492 670 2590 ὄχημα.
704 2519 892 2562 ntuotnre.
945 2500 1087 2561 Alterum
1110 2501 1215 2560 etiem
1236 2498 1338 2592 omitit

298 2599 466 2664 Boccotiut
484 2625 511 2665 c.
527 2601 549 2663 l.
567 2616 604 2663 ot
618 2623 708 2682 ρεοη,
726 2604 839 2684 inquit.
856 2601 1032 2662 nominetur
1045 2622 1068 2660 a
1085 2601 1232 2663 Graecis.
1264 2601 1341 2664 Sine

193 2749 199 2758 .
299 2703 400 2767 (lubio
416 2719 499 2768 recte
514 2701 671 2788 [obplevit
685 2704 850 2766 nubatur.
882 2702 957 2766 Poll
972 2701 1065 2787 Prog.
1088 2704 1187 2784 iguis.
1246 2735 1251 2746 ·

466 2913 496 2988 §.
523 2911 558 2974 6.
608 2907 731 2988 longo
763 2919 907 2968 troetu
938 2905 1080 2986 longis
1111 2903 1345 2986 litoribus)

302 3009 524 3080 Emendatiue.
547 3023 690 3092 utputo.
713 3009 807 3090 longo
821 3021 928 3070 tractu
944 3007 1033 3088 lougi
1053 3007 1169 3070 litoris.
1205 3027 1346 3068 rtnrrt-

305 3131 378 3174 ure.
430 3111 618 3196 Suspectum
643 3111 686 3172 ett
710 3111 792 3172 illud
817 3109 937 3191 longit,
976 3121 1009 3170 et
1035 3105 1119 3169 lorte
1144 3123 1265 3170 vocant
1291 3109 1348 3170 itta

304 3215 400 3274 verbo
425 3215 528 3294 burgis
552 3211 696 3274 litoribus
724 3210 890 3274 obductus.
923 3227 1135 3272 cruccotttve.
1193 3211 1240 3272 At
1270 3211 1348 3271 telee

302 3319 511 3398 repetitiones
532 3335 606 3376 oum
628 3313 807 3375 iuverlione
827 3309 947 3373 formae
964 3323 1048 3372 emat
1064 3310 1161 3372 Mela.
1206 3311 1348 3393 Superbi

303 3418 355 3478 iste
370 3417 441 3480 lunt
458 3415 570 3478 fastidii
587 3417 714 3478 iudicio.
754 3415 822 3476 Nec
837 3411 1000 3476 necellaria
1016 3411 1059 3474 eil
1073 3413 1219 3472 Pintiani
1236 3433 1349 3474 emen-

303 3520 408 3593 rlati03
447 3521 492 3580 illi
516 3521 604 3580 enirn
630 3517 759 3579 ablativi
789 3515 1034 3596 explicationem
1060 3515 1153 3574 modi
1184 3511 1346 3576 inierunt.

301 3621 393 3707 l'rag.
407 3627 519 3686 ceterie
531 3615 651 3683 omill're
665 3621 709 3680 itt
724 3620 840 3680 nectit:
865 3613 1022 3679 obductos
1035 3617 1138 3700 magio
1153 3617 1276 3696 campi,
1298 3629 1347 3678 nt.

378 3818 586 3919 perspici)
635 3823 688 3886 sic
706 3820 790 3884 Voll.
813 3841 843 3884 ι.
860 3827 895 3898 4.
921 3818 1097 3881 Mediolon.
1121 3817 1210 3900 Lipl.
1233 3817 1346 3882 Cibin.

302 3927 477 4013 llebdiger.
501 3930 534 3988 in
553 3926 683 4006 reliquie
705 3923 748 3986 ell
767 3913 919 4013 prospici,
945 3921 1029 4002 quod
1046 3933 1080 3980 et
1096 3933 1211 3982 tenent
1228 3921 1348 3983 editio·

303 4051 361 4092 nee
388 4049 501 4093 ornnee
523 4029 561 4088 od
582 4039 642 4108 4²·
667 4045 742 4087 oum
764 4023 1003 4095 lleiuoldianie;
1044 4021 1180 4083 hincab
1206 4022 1260 4085 ed.
1285 4033 1347 4100 44.

303 4133 380 4196 Abr.
397 4132 584 4196 Gronovius
602 4125 741 4212 reposuit
759 4115 912 4218 perspici,
943 4123 1033 4211 quod
1055 4124 1242 4188 conlectura
1263 4123 1349 4186 odie·
