2826 4936
329 449 387 526 164
619 451 868 510 1011101111
912 453 1075 509 notio

330 625 446 688 dicare.
483 641 683 686 esuriente.
737 625 829 686 Forte
852 647 887 686 co
910 623 1143 705 navigantibus
1167 625 1265 690 edita.
1306 629 1355 688 Lu·

329 748 425 790 canuc
452 745 484 806 9.
513 727 595 806 146.
616 739 669 786 aut
689 725 770 786 illud
790 725 902 786 dedita
925 725 968 787 eil
992 725 1196 808 superfluum.
1235 749 1352 789 crocco·

332 849 423 892 utve.
474 829 554 890 Dele
571 827 665 888 verba
682 825 771 904 apud
785 827 875 897 alios.
902 839 934 888 et
954 847 1031 890 mox
1051 828 1228 908 praedicere
1250 832 1308 914 leg.
1328 845 1353 890 et

330 927 411 992 forte
437 929 562 1000 didita,
610 942 646 988 nt
674 929 822 1012 Virgilius
848 923 950 1014 [Aen.
977 939 1010 1005 8,
1040 923 1140 1014 152]
1168 944 1201 992 et
1228 933 1351 1001 Tacitus.

330 1027 461 1118 [Annei.
479 1051 532 1100 11,
554 1023 604 1113 1.]
628 1031 681 1090 vel
696 1027 815 1091 debita.
852 1029 943 1088 Nihil
957 1042 1062 1091 temen
1080 1032 1246 1093 demutare
1259 1033 1351 1094 ausim.

329 1151 505 1194 ocuo‘rrve.
559 1131 660 1194 Facile
681 1131 732 1191 hic
759 1129 979 1190 adblandiatur
1003 1131 1200 1211 praedicerc,·
1231 1135 1352 1194 alterum

330 1247 455 1304 taruco,
481 1233 566 1314 quod
589 1233 680 1292 letiue
703 1232 776 1291 eliae
799 1233 900 1300 velet,
930 1231 983 1292 hio
1004 1249 1135 1314 propter
1149 1225 1237 1322 scire
1251 1233 1353 1317 prteie
1403 1239 1404 1262 ¹

330 1336 467 1396 rendum
485 1334 626 1394 videtur.
678 1331 832 1400 Dedicat.
854 1333 941 1413 quod
960 1329 1086 1395 Vuffius
1106 1333 1224 1416 posuit,
1251 1355 1353 1396 aneto

329 1437 506 1504 adiuvatur.
533 1432 614 1496 forte
629 1435 724 1494 etiem
741 1455 758 1494 11
774 1431 869 1496 Parii.
889 1449 921 1510 5.
949 1454 1024 1494 cum
1045 1431 1141 1496 Voffii
1157 1437 1209 1499 ed.
1227 1439 1354 1498 conlato.

329 1539 457 1600 Schotti
479 1535 587 1596 didita
606 1536 702 1594 nimie
726 1549 874 1618 argutum
899 1535 960 1604 est,
992 1548 1025 1596 et
1045 1535 1197 1599 alienum.
1252 1539 1355 1616 Opera,

329 1639 414 1720 quod
432 1637 560 1719 quidem
576 1635 650 1696 libri
666 1635 805 1706 addunt,
831 1637 869 1698 cd
890 1635 1001 1720 glollus
1017 1637 1132 1700 melius
1146 1639 1316 1723 relegatur.

495 1842 524 1918 §.
551 1848 587 1919 4.
624 1837 871 1919 Britannia)
904 1839 966 1900 llic
981 1839 1122 1922 plerique
1139 1839 1212 1900 libri
1228 1840 1358 1927 segmen·

330 1955 400 2003 tum
417 1942 588 2002 narrationi
609 1942 819 2020 interponunt
848 1935 882 2024 1)
902 1941 1070 2000 intervallo
1089 1939 1181 2012 iacto,
1200 1944 1358 2005 ueletiam

330 2044 442 2105 maiori
463 2043 551 2102 litera
566 2041 614 2112 Β,
640 2041 687 2100 uti
703 2039 799 2103 Parii.
824 2061 852 2103 1.
870 2053 903 2118 3.
928 2041 1018 2125 Prag.
1043 2043 1219 2126 liehdiger.
1242 2045 1313 2108 edd.
1330 2059 1357 2122 3.
1403 2105 1404 2128 q

332 2154 367 2224 4.
393 2155 424 2220 5.
448 2143 481 2204 6.
512 2161 567 2206 ιο.
598 2157 651 2204 11.
678 2151 734 2222 14.
765 2160 820 2220 19·
875 2139 910 2222 2)
936 2144 1069 2224 praelixa
1097 2144 1304 2226 inscriptione
1326 2145 1358 2204 de
1403 2135 1404 2216 l

329 2245 514 2312 Britannia,
540 2256 577 2303 ut
598 2239 681 2322 Lipl'.
707 2243 791 2305 Gud.
813 2243 885 2304 etld.
913 2262 942 2305 1.
968 2260 1001 2306 2.
1019 2261 1059 2340 Ι9.
1090 2242 1289 2328 (capitulum
1312 2243 1358 2326 3.)

336 2367 391 2406 11.
414 2343 612 2430 (capitulum
630 2337 688 2424 9.)
724 2357 778 2422 13.
802 2341 997 2428 (capitulum
1017 2343 1075 2429 5.)
1103 2347 1156 2406 vel
1175 2347 1358 2412 Britnrariae
1403 2335 1404 2378 t

330 2433 518 2538 descriptio,
560 2457 597 2504 ut
621 2445 734 2505 Venet.
757 2443 831 2506 edd.
857 2459 889 2519 7.
913 2456 947 2522 8.
974 2458 1029 2522 15.
1059 2465 1114 2523 17.
1137 2463 1197 2510 20.
1226 2463 1278 2526 23.
1304 2447 1357 2529 (in
1403 2467 1404 2518 1

331 2547 483 2610 omnious
504 2558 598 2628 caput
620 2541 675 2630 3.)
704 2546 755 2605 vet
772 2535 942 2635 rosontio
958 2537 1079 2635 insulae
1093 2547 1292 2618 Britanniae,
1309 2548 1357 2608 uo
1403 2527 1404 2568 l

330 2647 426 2713 Parii.
444 2664 476 2710 2.
516 2643 553 2730 5)
577 2647 742 2716 vadianus,
767 2645 927 2707 Olivuriue
941 2665 1013 2706 cum
1029 2645 1090 2708 [uie
1109 2661 1141 2708 et
1155 2651 1274 2730 reliqui
1293 2671 1359 2710 con·

330 2753 420 2814 tinua
434 2748 510 2812 serie
525 2749 711 2830 procedunt.
749 2747 853 2829 Caput
869 2749 928 2810 26.
945 2747 989 2808 est
1008 2749 1041 2808 in
1060 2751 1203 2810 editione
1222 2753 1339 2814 vineti.

406 2951 624 3031 dicentur)
675 2949 814 3012 vindob.
836 2949 1006 3022 dicantem
1036 2951 1108 3012 edd.
1126 2969 1159 3030 9.
1186 2953 1363 3032 1511111111-

331 3069 393 3116 tur.
434 3055 520 3112 Tum
537 3053 644 3115 Cibiu.
661 3053 775 3134 qnippe
789 3065 821 3111 ct
836 3072 930 3133 qnam
948 3063 1013 3110 tara
1033 3051 1110 3124 clin,·
1135 3053 1209 3115 edd.
1227 3069 1290 3132 50.
1311 3071 1363 3134 52.

330 3151 442 3215 vitiose
460 3144 610 3243 cansam
643 3163 676 3229 8.
705 3167 760 3230 18.
782 3153 994 3232 principium
1021 3152 1103 3233 Lipi.
1121 3157 1225 3232 aperit
1247 3150 1366 3248 Caesar

327 3254 539 3336 principium
575 3255 610 3314 in
632 3251 725 3316 Parii.
753 3274 781 3316 1.
810 3251 922 3314 desunt
949 3253 1062 3314 verba:
1095 3246 1238 3345 clausam
1265 3259 1365 3338 aperit

258 3437 261 3442 Ι
328 3377 395 3416 ecce
413 3355 605 3436 principum.

401 3559 664 3639 propriaram
673 3555 691 3640 )
740 3557 897 3618 Vetlienus
918 3555 1070 3618 antehoc
1086 3556 1221 3619 verbum
1240 3561 1367 3622 introiit

326 3662 391 3744 qui,
412 3671 573 3741 receptum
589 3659 625 3719 eb
641 3661 713 3720 edd.
733 3677 789 3720 at.
810 3668 865 3739 14.
886 3669 942 3734 25.
961 3669 1017 3735 118.
1036 3659 1237 3741 omninoque
1255 3663 1364 3724 Vadin-

325 3763 376 3824 nie
396 3775 429 3822 et
449 3760 649 3828 mirationis,
677 3761 801 3828 vineto,
828 3760 970 3827 schotto,
995 3755 1109 3827 Vollio,
1134 3771 1195 3838 4ο.
1214 3772 1279 3840 41.
1302 3774 1361 3844 41.
1403 3757 1404 3814 l

325 3863 443 3945 Exegit
466 3863 656 3924 lleinoldiuo
679 3859 879 3941 sequentibus
903 3861 975 3920 edd.
997 3871 1056 3938 44.
1079 3875 1111 3920 et
1131 3863 1211 3925 aliie.
1266 3864 1362 3926 Certe
1403 3853 1404 3920 ἐ

325 3964 473 4048 ignorant
483 3965 605 4024 codices
616 3965 641 4024 l.
652 3977 684 4024 et
693 3964 726 4024 A.
737 3962 986 4031 Gronoviorrnn‚
999 3962 1139 4041 itemque
1154 3965 1216 4023 inei
1232 3984 1361 4032 omnes.

324 4043 463 4145 exceptio
476 4059 557 4125 forte
571 4053 665 4125 Perii.
682 4085 710 4126 1.
729 4081 759 4126 2.
778 4079 818 4132 et.
841 4058 946 4124 Vossto
963 4062 1047 4132 teile,
1069 4062 1196 4124 duobus
1212 4067 1359 4146 optimis.

321 4183 525 4228 azecnvonr.
583 4165 630 4226 Et
656 4166 739 4228 aliae.
785 4167 897 4228 Codex
918 4183 1024 4236 meus,
1058 4163 1156 4226 Aldus
1180 4178 1213 4227 et
1231 4171 1361 4249 antiqui
