2826 4936
402 451 490 510 mn.
521 457 573 516 ιιι,
617 457 650 512 c.
673 455 721 516 Vi.
765 457 791 526 ς.
813 469 842 513 e.
872 473 876 482 ⁴
1087 469 1146 534 ιω

102 625 304 688 emeterio
329 623 419 688 simili
448 626 597 690 iimcrnsa
624 627 765 691 adhibet.
818 629 865 691 ira
886 629 974 690 enim
998 641 1029 701 Ω,
1057 647 1088 702 a.
1110 631 1144 694 6.

102 719 214 820 Rheso
236 737 369 808 regnato
389 728 551 812 qnondam
576 747 655 810 pars
681 729 848 801 Thraciae,
875 730 931 791 ubi
951 751 1048 794 nemo
1069 735 1146 794 dati·

103 849 188 890 vnm
205 829 320 891 Graece
336 827 438 890 fornia
456 830 593 911 positum
609 831 669 892 eiie
683 831 864 898 diffnenur.
887 845 941 893 ont
956 831 1145 898 diesnnuiet.

104 929 158 994 cf.
176 933 213 990 ed
237 947 268 1001 2.
284 941 320 1010 4.
340 949 371 994 n.
413 931 574 1014 Geryonae
595 947 702 994 entem
725 931 960 1014 frequentatum
982 935 1146 998 veteribus

102 1029 212 1102 iuiffe.
246 1034 341 1095 docet
363 1034 509 1114 antiquus
535 1035 699 1118 genitivus
729 1037 886 1118 Geryonai
914 1037 997 1116 apnd
1032 1037 1145 1100 Lucre·

104 1135 189 1194 tium
208 1143 240 1210 5.
268 1145 323 1210 eg.
357 1135 444 1195 nsnIe
466 1137 564 1196 etiam
589 1137 738 1197 Heinsnn
759 1156 817 1220 pso
838 1137 990 1217 Geryonis
1010 1137 1043 1196 in
1067 1139 1145 1201 sino

105 1235 176 1296 lsai.
194 1249 226 1314 3.
245 1245 330 1312 422.
357 1235 462 1318 posuit
481 1237 643 1318 Geryonae
657 1237 866 1318 probantibus
881 1237 1145 1302 Drakenborchio

104 1351 139 1397 et
154 1337 321 1418 Rupertio.
347 1339 402 1418 qni
419 1335 605 1398 consulendi
629 1337 699 1400 iunt
720 1339 760 1400 de
783 1339 840 1400 hac
857 1337 958 1400 forma
973 1355 1005 1402 et
1025 1355 1147 1420 praeter

104 1457 171 1508 ene.
198 1457 278 1519 qiioe
295 1437 445 1507 indicant.
470 1458 661 1520 quemqnam
684 1439 816 1510 siobitn.
848 1463 888 1502 an
911 1455 992 1502 cesta
1013 1443 1064 1502 illa
1087 1443 1146 1504 sint

105 1553 139 1601 et
154 1553 320 1620 perpetua.
346 1559 426 1620 qnae
442 1541 616 1620 disputavit
633 1539 924 1605 Drakenborchins.
964 1545 1002 1604 in
1019 1543 1145 1606 Graecia

104 1642 193 1702 enim
218 1641 332 1722 triplex
356 1639 457 1702 forma
482 1641 598 1711 fertur.
624 1633 820 1728 Γηρυονεῖις,
847 1637 1010 1731 Γηρυόνης
1030 1659 1063 1706 et
1084 1645 1147 1730 Γῃ·

105 1735 208 1829 posin,
236 1743 285 1802 uti
300 1743 418 1804 docent
434 1743 612 1804 Germanus
626 1743 663 1803 ed
686 1745 796 1829 Virgil.
815 1749 894 1807 Aen.
911 1757 944 1822 8.
964 1761 1046 1830 292.
1081 1747 1146 1816 En·

102 1842 234 1906 inthius
252 1844 291 1904 asi
309 1841 442 1924 Dionys.
457 1865 489 1906 v.
508 1855 592 1922 558.
620 1857 652 1906 et
673 1847 817 1924 Etymol.
839 1846 884 1908 M.
903 1845 923 1908 i.
946 1867 978 1909 v.
998 1841 1145 1934 Γηρυὼν,

103 1945 326 2026 exemplisque
355 1945 505 2026 probavit
534 1947 566 2005 in
594 1949 706 2027 primis
738 1947 886 2026 verheyk
918 1949 956 2008 ad
990 1949 1147 2008 Antonini

104 2047 213 2110 Liber.
232 2045 363 2108 Metam.
381 2065 448 2127 cap.
466 2059 500 2124 4.
522 2067 554 2128 p.
572 2059 630 2121 27.
671 2045 722 2111 cf.
738 2063 770 2109 et
785 2068 865 2130 qnos
879 2051 1147 2112 commemoravit

104 2145 274 2210 Fischerne
289 2147 327 2207 ed
345 2147 572 2228 Palaephaium
593 2169 660 2232 cap.
679 2163 737 2224 25.
760 2163 792 2210 et
815 2151 847 2210 in
865 2151 969 2210 indice
992 2147 1047 2210 inb
1062 2151 1094 2214 h.
1112 2172 1144 2213 v.

47 2269 55 2282 ·
103 2249 217 2310 addito
242 2248 475 2330 Oudendorpio
506 2250 544 2310 ad
573 2251 719 2311 Suetonii
743 2253 852 2314 Tiber.
876 2273 901 2314 c.
925 2261 977 2332 14.
1022 2252 1145 2334 Geryon

103 2363 214 2412 temen
241 2343 353 2432 peffim
385 2351 446 2410 visi
474 2349 560 2412 docti
584 2353 617 2411 in
643 2351 796 2434 Geryones
822 2365 1002 2422 mutarunt,
1038 2356 1086 2414 nti
1112 2355 1144 2412 in

103 2453 201 2513 altera
223 2453 364 2513 editione
379 2451 547 2513 Claudiani
569 2453 601 2512 in
619 2453 724 2516 nunu.
749 2474 776 2522 1.
796 2465 879 2536 294.
905 2455 1065 2516 lienbine.
1107 2457 1144 2514 in

107 2553 273 2636 Geryonae
297 2567 403 2613 tamen
427 2553 537 2612 maiori
568 2573 705 2614 numero
733 2553 939 2614 consentiunt
962 2557 1023 2615 viri
1047 2557 1143 2624 docti.

102 2673 186 2736 quoe
207 2655 312 2714 landet
329 2651 487 2716 Drakenb.
506 2674 532 2716 c.
548 2655 568 2715 l.
596 2655 712 2736 qnibne
733 2657 805 2714 eddi
825 2655 950 2736 poffnot
968 2655 1142 2717 Burmann.

103 2757 145 2818 ed
170 2755 317 2818 Suetonii
334 2754 443 2816 Tiber.
468 2775 494 2818 c.
519 2767 570 2834 14.
599 2769 631 2816 et
652 2757 826 2818 Burmann.
851 2755 1003 2816 iecnndns
1021 2757 1057 2816 ad
1084 2759 1146 2817 iin-

102 2857 187 2920 thoi.
207 2857 309 2918 Latin.
328 2857 425 2918 Tom.
448 2875 476 2918 Ι.
493 2877 525 2939 p.
542 2869 627 2934 3⁰25.
661 2858 753 2940 Quae
768 2859 789 2918 ii
807 2859 1042 2940 perpendantur
1057 2855 1145 2919 facile

101 2959 278 3041 adparebit.
305 2957 419 3019 meiius
435 2955 487 3018 hic
503 2957 566 3039 legi
586 2959 755 3038 Geryonae.
788 2979 848 3019 nec
868 2957 987 3019 obstare
1008 2959 1143 3028 codices.

102 3063 140 3122 in
161 3061 278 3140 quibus
297 3079 335 3118 ne
355 3077 411 3139 per
434 3057 562 3138 simplex
586 3081 602 3118 e
622 3059 726 3121 efferri
750 3057 837 3121 solet.
890 3061 976 3120 Tum
1001 3079 1078 3121 vern
1101 3060 1146 3122 ire

101 3159 216 3246 passim
235 3162 409 3241 loquuntur
431 3175 555 3240 poetae,
582 3181 717 3241 qnorum
734 3158 851 3224 formae
867 3161 1012 3243 excipere
1029 3175 1061 3222 et
1077 3163 1147 3222 resi·

103 3265 183 3324 dere
198 3261 300 3323 noster
316 3261 410 3334 solet;
438 3281 470 3322 v.
487 3279 514 3323 c.
535 3263 643 3346 virgil.
660 3265 740 3324 Aen.
761 3275 792 3341 3.
813 3275 896 3342 398.
922 3278 1038 3322 cnsscta
1055 3263 1146 3324 soniis

101 3361 297 3426 habitantur
315 3363 439 3422 moenia
459 3363 577 3424 Graiis.
621 3365 719 3426 Ovio.
736 3365 830 3427 Trist.
852 3385 879 3433 ι,
902 3385 930 3436 ι,
955 3379 1032 3438 ¹27·
1055 3361 1145 3424 nobis

102 3463 306 3526 habitabitur
325 3461 408 3524 orbis
435 3463 585 3526 Ultimus.
636 3465 755 3526 Lucan.
782 3486 836 3536 ro.
862 3479 921 3544 73.
945 3465 1146 3540 Pompeianis

103 3565 261 3628 habitorn
284 3563 535 3626 niorsibnsnnia.
573 3565 634 3628 Sed
661 3565 738 3627 haec
760 3581 848 3628 nora.
887 3563 1027 3646 Repoini
1048 3567 1146 3648 igitur

103 3667 213 3730 ethic
240 3667 410 3747 Geryonae.
463 3665 586 3726 Plinius
608 3679 642 3744 4.
667 3667 724 3746 36.
747 3667 767 3730 s.
791 3683 846 3730 αα.
871 3669 983 3727 etiam:
1018 3669 1059 3726 In
1082 3668 1145 3728 iane

106 3770 262 3852 Geryones
279 3758 434 3854 isabirnffe
450 3785 472 3824 n
486 3764 673 3848 qnibnsdnsn
689 3765 898 3858 exssimainr,
923 3767 970 3826 uti
988 3767 1049 3854 leg.
1065 3781 1145 3850 puio

102 3889 166 3956 pso
181 3868 417 3962 exssimonrnr.
443 3868 529 3950 qnod
546 3867 687 3930 invalide
704 3881 811 3930 tuetur
827 3869 1021 3932 narduinus.

173 4063 377 4162 fertiles)
436 4071 546 4134 Scribo
568 4071 641 4154 agri
664 4069 743 4134 odeo
762 4061 897 4162 fertilis.
931 4083 966 4132 nt
987 4069 1020 4132 in
1044 4069 1144 4144 indie.

105 4171 162 4264 [ὅ.
181 4189 214 4252 7.
236 4169 288 4260 2.]
316 4187 347 4234 et
375 4185 442 4236 tam
459 4165 589 4264 ferocis
607 4167 690 4266 soii,
726 4189 762 4236 nr
788 4173 878 4236 soeiin
899 4165 1074 4264 frondibus
1095 4173 1144 4234 de·
