2826 4936
353 463 412 503 no
641 445 891 504 rourouu
933 430 1096 503 unctu

350 617 528 682 editoribus
555 631 587 681 et
613 619 848 700 interpretibus.
909 620 1000 702 Quae
1027 623 1060 682 io
1087 633 1206 702 receptu
1234 619 1349 680 lectione

350 724 521 782 immutent
543 721 675 790 codices,
702 721 778 782 brec
801 719 889 782 iunt:
925 721 1021 784 Vind.
1041 723 1069 783 ei
1082 721 1240 801 expeditu
1265 719 1349 779 Horu.

349 823 443 907 Prcp.
466 824 628 894 exortem,-
661 817 799 884 Vofflani
823 825 890 884 duo
910 827 1071 897 meritum
1109 823 1201 886 ceteri
1229 823 1349 881 turrino.

348 925 398 1002 Eu
422 925 620 986 editionibus
642 925 766 1007 potiora
790 925 883 987 boec:
925 927 1082 988 vadianus
1110 929 1227 1008 primus
1252 919 1348 1004 poiuit:

349 1040 386 1089 ιιι
411 1025 485 1086 iude
509 1023 659 1104 exrtedt'to
679 1059 730 1072 -·
753 1047 851 1088 uranu
873 1061 924 1074 —
949 1029 1044 1088 virile
1064 1026 1133 1119 fiat
1161 1037 1277 1104 pectus,
1312 1023 1349 1082 cui

348 1147 422 1190 cunt
442 1125 504 1188 iuic
519 1125 724 1188 adhaeserunt
747 1143 803 1191 21.
830 1127 883 1212 (in
901 1147 962 1210 quo
978 1143 1086 1190 tomen
1106 1129 1219 1191 excidit
1234 1121 1284 1206 ut)
1308 1139 1349 1198 ιι.

349 1243 410 1308 25.
432 1228 630 1291 ottonianae
653 1231 801 1310 reliquae,
830 1241 887 1307 28.
908 1243 966 1310 30.
992 1245 1050 1308 32.
1075 1241 1133 1314 54.
1157 1243 1213 1306 37.
1235 1231 1350 1304 (tanturn

348 1332 426 1394 baec
446 1335 576 1406 uranus)
600 1341 657 1409 38.
682 1349 755 1390 cum
775 1333 889 1394 Viueto
907 1345 940 1392 et
960 1333 1106 1394 schotto.
1153 1331 1289 1391 Veterem
1302 1325 1349 1385 rdi-
1378 1356 1379 1402 t

348 1435 476 1494 tionum
498 1433 669 1492 lectionem
688 1435 851 1493 revocavit
868 1417 999 1496 vossius.
1040 1435 1106 1496 Pro
1124 1453 1240 1498 manus.
1258 1429 1349 1490 iertttt

347 1549 455 1596 tatuen
474 1533 614 1616 priorum
631 1535 778 1602 lectione,
800 1535 874 1596 edd.
897 1556 909 1594 ι
919 1547 951 1612 5.
974 1550 1029 1609 17.
1047 1553 1105 1598 90.
1125 1535 1199 1596 tittni
1212 1548 1350 1596 ιιιιιιιιιιιιιι,Ι

248 1707 251 1714 ‚
352 1651 410 1710 23.
432 1655 580 1696 mammo.
622 1635 705 1696 ltlutt
724 1649 828 1696 tamen
847 1637 909 1696 iam
925 1637 1037 1698 inveni
1054 1639 1088 1696 in
1105 1637 1175 1698 edd.
1191 1649 1222 1710 7.
1241 1647 1271 1709 ss.
1304 1631 1349 1690 Pro

347 1729 500 1828 exseritur
527 1737 600 1798 edd.
633 1755 667 1816 9.
708 1739 961 1815 13.exteritur,·
1004 1740 1162 1798 Variionae
1196 1735 1349 1816 posteriores

346 1842 488 1920 itemque
506 1853 565 1914 30.
591 1851 647 1912 32.
670 1851 728 1916 37.
749 1841 910 1910 enutritum
943 1841 993 1900 ed.
1014 1841 1105 1900 itatit.
1129 1849 1230 1914 1538.
1247 1850 1275 1912 8·
1295 1849 1348 1893 ⁶⁰⁰¹

346 1943 482 2004 Sobotto
503 1941 655 2020 egeritur,·
694 1941 838 2008 Vinetus.
870 1935 1004 2010 Vossiue,
1039 1940 1201 2001 Gronovii
1227 1971 1262 1983 -
1288 1923 1349 2020 exse

345 2043 438 2104 titur.
493 2041 647 2120 Denique,
673 2043 821 2120 quicum
846 2043 984 2101 Variirno
1006 2055 1099 2103 antea
1122 2055 1160 2102 ut
1178 2037 1349 2100 inseruerant.

345 2145 431 2223 quod
456 2143 531 2201 inde
554 2141 741 2224 cogebatur,
776 2161 834 2224 pro
847 2140 895 2234 fit
916 2157 1044 2224 ponunt
1056 2141 1137 2234 fiat.
1176 2153 1348 2204 rzrcurcrr.

349 2243 397 2304 Ut
411 2243 483 2304 iude
498 2271 544 2284 -·
553 2239 645 2332 fiat)
685 2243 761 2304 Non
779 2243 854 2325 sopit
869 2245 944 2304 baec
960 2246 1059 2306 oratio
1077 2245 1245 2305 candorem
1263 2239 1348 2302 bielrt·

344 2365 403 2406 nec
418 2345 607 2405 brevitatem
626 2345 727 2415 illam,
759 2365 838 2426 quae
860 2343 980 2427 semper
998 2343 1185 2407 doctissirnis
1206 2343 1349 2426 quibusque

345 2446 483 2508 summae
498 2444 559 2506 fuit
576 2465 677 2510 ottrae.
720 2447 805 2531 Lego
822 2449 919 2530 igitur
937 2449 1140 2528 paucioribus
1158 2447 1265 2513 verbis.
1282 2437 1349 2501 tento

344 2549 477 2610 eodem:
512 2547 593 2608 lude
613 2547 761 2626 expedita
781 2551 813 2608 iu
834 2549 915 2608 ictus
937 2571 1057 2614 mouns.
1086 2549 1180 2609 virile
1191 2545 1236 2639 fit
1253 2556 1346 2625 pectus·

344 2665 444 2712 cetera
470 2649 680 2731 superfluunt,
713 2649 849 2718 adiecta,
883 2663 980 2730 puto,
1008 2650 1047 2711 cb
1068 2651 1203 2731 ineptis,
1229 2662 1262 2708 ut
1279 2645 1347 2705 ciunt

343 2753 574 2836 gloliatoribus.
617 2769 814 2813 rturtuuve.
870 2751 917 2811 Ut
939 2752 1011 2812 iudo
1036 2785 1078 2797 -·
1097 2749 1189 2842 scat)
1238 2751 1270 2810 ln
1292 2759 1346 2804 roto

343 2855 451 2915 codice
476 2853 550 2913 baec
576 2856 682 2912 omnia
714 2852 809 2913 verba
833 2871 940 2914 vocare
964 2853 1128 2914 videntur.
1189 2853 1277 2914 Forte
1298 2863 1347 2928 qua

342 2957 503 3024 exuritur,
526 2955 618 3013 virile
630 2951 678 3044 fit
696 2968 816 3032 pectus.
852 2973 1064 3016 cruccoutvs.
1108 2951 1199 3048 ptrue
1219 2941 1348 3032 egeritur)

341 3055 486 3138 Suspicor
503 3056 562 3138 leg.
579 3075 642 3138 qna
654 3045 787 3142 seritur.
810 3055 862 3116 vel
883 3076 947 3136 quo
964 3077 1011 3116 res
1024 3057 1153 3136 geritur.
1190 3045 1350 3115 'Ereuot'ot-

340 3179 380 3219 ro
409 3150 579 3242 βρεφόξιεν
610 3149 667 3217 τὸν
693 3143 796 3220 δεξιόν
822 3153 946 3244 μαζόν,
980 3150 1051 3224 oirr'
1075 3149 1115 3219 tiu
1138 3151 1182 3244 pii
1208 3137 1349 3226 irtuuiiq

340 3253 399 3342 ritu
419 3247 562 3328 τοξείαν.
599 3256 1057 3344 Eustcthiucinsseptupurrjv.
1086 3249 1261 3344 [v.823.]
1297 3245 1351 3312 Nifi

342 3356 423 3423 forte
447 3359 590 3419 dextram
616 3357 750 3440 proferri
771 3361 869 3428 dixit.
903 3361 989 3440 quod
1015 3359 1130 3420 statura
1152 3360 1291 3439 clypeum
1309 3367 1350 3434 ge·

341 3461 447 3522 stando
458 3461 648 3532 occultetur;
669 3480 734 3542 quo
749 3462 847 3521 ruodo
864 3481 945 3543 quoe
958 3463 1095 3522 exeritur
1110 3461 1222 3522 meiius
1236 3460 1349 3539 tegetur.

339 3565 401 3625 Sed
424 3557 550 3648 ἀπέχω.
585 3581 761 3625 ιιιιοιτιι.
800 3562 849 3622 tJr
867 3597 913 3608 -
926 3559 1017 3654 fiat)
1053 3565 1200 3623 Veterem
1216 3561 1349 3620 lituorum

339 3663 509 3725 lectionem
530 3665 728 3726 reduxintur.
765 3663 958 3726 Redundare
978 3677 1084 3724 autem
1108 3663 1254 3724 vitientur
1269 3653 1349 3718 verba

340 3765 409 3825 ilict
444 3785 525 3847 quae
547 3767 691 3827 exeritur.
744 3767 862 3826 Verum
887 3766 949 3824 iaru
972 3764 1058 3846 saepe
1085 3766 1349 3828 mortuorunm·

340 3865 436 3928 strum
456 3865 543 3927 hunc
557 3867 652 3926 etiam
669 3870 701 3926 in
721 3879 806 3927 tanto
822 3865 977 3929 brevitate
993 3866 1123 3935 babere.
1150 3867 1232 3947 quod
1252 3855 1347 3922 autern

338 3965 442 4049 poffit.
480 3987 620 4029 voeetve.
679 3969 866 4030 Perizonius
885 3970 922 4028 od
945 3989 1030 4030 oraru
1053 3967 1202 4030 Paternae
1219 3957 1347 4026 editionis

337 4083 518 4130 annotarat:
554 4071 629 4153 Leg.
655 4091 761 4138 runnu.
791 4083 827 4130 ut
849 4071 1005 4132 editiones
1028 4071 1145 4132 habent
1164 4081 1234 4128 oute
1251 4053 1345 4124 i'offit·

338 4191 422 4231 natn.
471 4173 579 4234 Lectio
603 4172 801 4252 quorundum
832 4173 922 4236 MSS.
948 4169 1032 4232 favet
1061 4173 1253 4234 coniecturae
1275 4163 1346 4225 Circ-
