2826 4936
344 445 433 502 ΗΒ.
462 445 514 500 111.
565 444 598 504 c·
625 445 661 504 v.
704 441 730 514 4.
752 441 782 500 6.
1027 453 1087 518 ²35

69 617 171 678 ilerum
191 613 275 680 iacit.
326 616 410 680 Cum
439 631 545 680 tamen
571 617 712 700 plerique
738 617 861 680 codices
888 615 1088 681 consentiant

69 719 97 778 in
115 740 287 788 occurrens,
313 721 365 781 vel
381 733 540 782 mutatum
555 719 618 782 hoc
635 720 677 782 est
698 741 737 782 ex
757 733 891 804 cognato
909 741 1086 792 occurrens,

68 823 109 880 uti
122 824 251 880 variatur
270 823 351 902 apud
369 821 516 884 Ciceron.
533 821 571 882 ad
588 819 702 884 divers.
721 833 754 898 8.
771 833 803 898 8.
820 823 866 886 iu.
886 835 919 884 et
934 821 1020 891 alibi,
1045 821 1086 884 de

69 941 122 1002 quo
138 921 173 984 cl.
192 915 458 1004 Oudeurlorpsad
474 925 620 986 Suetonii
639 923 739 1008 Calig.
757 943 824 1006 cap.
838 935 898 1002 58.
921 937 952 986 et
971 924 1086 1001 lleyne

69 1023 101 1084 ed
114 1024 226 1088 Tibull.
248 1045 276 1094 ι,
297 1041 328 1096 2,
349 1037 404 1100 25.
431 1040 473 1096 et,
497 1025 552 1106 qui
565 1026 679 1087 codem
696 1023 783 1086 lenlu
800 1029 879 1106 poni
897 1025 1085 1096 docuerunt.

68 1123 227 1188 Burmann.
246 1127 283 1186 ad
299 1125 459 1187 Velleium
477 1141 508 1198 α,
526 1127 584 1196 6ι,
600 1143 633 1190 n.
655 1140 687 1188 et
700 1127 851 1190 Scheller.
867 1128 900 1188 in
917 1127 1086 1190 observem.

69 1245 94 1305 p.
115 1241 169 1303 57.
198 1229 250 1288 rel
274 1228 412 1310 politum
436 1227 479 1288 etl
500 1247 557 1309 pro
579 1229 711 1310 limplici
732 1249 874 1300 currens,
900 1231 987 1310 quod
1006 1231 1085 1300 fieri,
1170 1219 1175 1230 ⁸

69 1331 151 1388 etiam
169 1331 201 1390 in
224 1328 378 1390 librorum
394 1329 523 1392 diversio
539 1329 740 1400 lectionibur,
766 1344 853 1414 patet
870 1351 908 1392 ex
930 1331 978 1402 iic,
1003 1348 1085 1412 quac

68 1444 248 1490 monuerunt
265 1431 408 1492 Gronov.
430 1431 467 1492 ad
491 1432 562 1494 Lir.
582 1447 638 1511 29,
655 1441 714 1512 34,
732 1444 766 1510 8.
794 1431 949 1494 Graeviur
965 1446 998 1494 et
1020 1431 1086 1494 Ou-

68 1529 206 1614 dendorp.
229 1533 268 1594 ad
291 1533 438 1595 Suetonii
463 1533 564 1617 Calig.
588 1554 654 1614 cap.
677 1535 733 1596 26.
767 1533 906 1595 Vorlliue
924 1533 963 1594 ad
984 1533 1086 1598 Valer.

68 1631 140 1692 Max.
157 1645 190 1712 4,
212 1645 248 1712 4,
272 1625 452 1716 7.ἰιΙὶἰ(]ιιο.
505 1633 617 1715 Neque
639 1631 741 1694 lolum
763 1653 802 1696 eo
825 1633 913 1694 sensu
931 1655 1087 1694 occurrere

68 1751 129 1792 cum
144 1735 186 1794 ad
210 1737 351 1816 ponitur,
376 1735 428 1797 led
447 1751 479 1798 et
495 1730 535 1800 τὸ
556 1733 595 1796 ob
617 1734 719 1817 ipsum
738 1735 825 1816 saepe
846 1735 926 1798 nihil
942 1736 1030 1797 aliud
1050 1736 1086 1796 in

68 1837 284 1920 compulitione
309 1839 425 1900 innuit.
475 1837 562 1900 Tum
585 1855 662 1898 vero
684 1835 810 1920 respicit
825 1837 933 1900 locum
950 1836 1002 1898 vel
1022 1837 1087 1918 pla·

67 1954 143 2018 gam,
176 1939 396 2008 occidentem,
428 1957 492 2020 quo
514 1937 680 2010 tendebat,
711 1959 806 2022 quam
830 1939 921 2002 verbi
944 1939 1014 2000 rim
1034 1937 1088 2002 alii

67 2040 179 2120 quidem
201 2040 321 2102 librarii
341 2043 449 2104 minut
470 2039 637 2126 percepille
661 2041 823 2106 videntur.

130 2243 308 2326 Dahas)
357 2241 477 2308 venet.
507 2242 590 2326 Lipl.
621 2243 706 2308 Gud.
733 2242 828 2308 Parii.
850 2261 883 2309 2.
912 2241 1087 2328 Rebdiger.

69 2341 208 2418 Daciam
243 2345 351 2406 Vario.
368 2359 401 2416 3.
424 2345 517 2408 Parii.
540 2359 570 2425 5.
598 2347 689 2430 Prag.
714 2347 821 2408 Havn.
841 2345 978 2416 Darasa
1008 2343 1091 2406 vin·

71 2445 176 2509 debon.
199 2445 324 2514 aelirum
356 2447 407 2504 alii
427 2449 554 2510 Dahas.
608 2449 691 2510 Edd.
715 2469 742 2510 1.
770 2465 801 2511 2.
830 2461 862 2526 3.
886 2457 922 2526 4.
943 2457 977 2522 5.
998 2461 1031 2526 7.
1053 2463 1090 2524 9.

75 2565 119 2608 ιι.
135 2549 270 2618 Ducam
297 2559 328 2623 8.
349 2547 503 2620 Darden
535 2569 544 2610 ι
557 2561 588 2626 5.
613 2564 741 2620 17.2n.
763 2561 820 2628 23.
840 2547 949 2616 Dans,
972 2547 1005 2606 in
1022 2546 1091 2608 aliie

70 2645 186 2710 Doleas.
216 2667 422 2712 rzscurcrca.
474 2649 583 2712 Scribe
608 2649 736 2721 Dahas,
762 2647 973 2710 nouDocas.
1010 2665 1091 2708 nau·

71 2767 171 2814 trare.
224 2749 374 2818 Dardae.
401 2749 527 2820 Darae.
554 2764 587 2812 et
610 2751 732 2812 Dahae
751 2753 784 2810 iu
807 2751 874 2811 aliie
898 2750 994 2810 etiam
1015 2749 1091 2808 allo·

70 2869 129 2910 rum
143 2865 308 2912 auctorum
327 2850 449 2916 mssris
468 2865 500 2914 et
515 2851 714 2914 editionibus
729 2849 983 2919 confunduntur.
1001 2850 1091 2910 cuiue

69 2955 197 3036 exempla
234 2953 354 3012 dabunt
387 2969 492 3014 notata
523 2975 539 3014 a
567 2955 644 3014 virio
677 2953 781 3014 doctis
812 2951 849 3012 ad
877 2951 1008 3010 Livium
1032 2959 1092 3029 55,

71 3061 120 3130 48.
140 3071 173 3130 5.
203 3069 261 3132 57,
281 3065 341 3132 40,
363 3065 395 3130 8.
441 3057 607 3138 Virgilium
629 3067 661 3132 8,
684 3065 768 3131 728.
801 3055 916 3115 Silium
940 3052 1006 3113 lul.
1037 3061 1091 3130 ιζ,

72 3158 142 3235 illm.
178 3157 297 3216 Lucan.
318 3171 349 3224 Ω,
376 3157 456 3234 296.
499 3156 607 3218 lullin.
634 3173 687 3226 ro,
714 3157 747 3218 6.
772 3169 851 3216 extr.
889 3153 1036 3216 Curtium
1057 3161 1091 3236 4,

76 3271 122 3322 22.
141 3259 174 3320 6.
195 3273 226 3318 et
242 3257 328 3318 alibi.
367 3257 504 3318 Dacicae
525 3255 613 3318 facile
633 3277 671 3318 ex
692 3257 890 3317 librariorum
905 3253 960 3316 ulu
977 3255 1094 3316 iudica·

73 3371 132 3430 tur;
158 3363 196 3420 irc
211 3359 310 3418 nicini
330 3377 387 3438 pro
408 3361 504 3430 rrilnl3
531 3361 564 3418 in
578 3359 696 3420 Darae
716 3359 846 3420 haerent
862 3359 957 3418 etiarn
973 3357 1094 3418 multae

72 3461 229 3526 erlitiouee.
259 3461 360 3520 veluti
382 3461 415 3520 iu
435 3459 620 3522 Ptolemaeo
637 3461 670 3531 6,
693 3479 748 3524 ro.
774 3459 829 3520 ubi
846 3473 954 3520 tamen
967 3457 1094 3518 Bertiut

72 3576 145 3620 recte
164 3545 270 3644 poluit
284 3555 389 3631 Δάαι,
416 3577 453 3620 ιιι
473 3563 507 3622 iu
527 3563 660 3642 Appiani
674 3563 743 3640 Syr.
761 3581 828 3642 cap.
845 3574 902 3640 32.
933 3557 1094 3642 Schweig-

73 3657 242 3734 nanneno,
267 3664 299 3722 in
314 3665 426 3724 Solino
442 3681 507 3743 cap.
527 3679 583 3725 20.
599 3661 619 3724 l.
632 3673 664 3740 5.
692 3663 866 3729 Salmasurs.
887 3660 942 3740 qui
957 3657 1095 3722 conferri

74 3763 164 3838 potest
188 3787 220 3846 p.
238 3785 282 3824 ιιι.
301 3779 384 3842 559.
422 3763 547 3844 Nempe
565 3767 665 3824 Dacae
682 3765 834 3832 notiores.
855 3761 987 3825 librariie
1001 3773 1095 3828 certe.

74 3858 203 3928 luerunt.
254 3863 318 3930 Sed
338 3879 369 3928 et
385 3877 534 3946 utrosque
556 3863 761 3928 commiscent
784 3865 845 3924 viri
863 3862 994 3944 quidam
1011 3863 1097 3924 docti

75 3969 257 4048 eosdemque
286 3981 416 4050 putant,
447 3969 481 4026 in
507 3967 624 4048 quibus
650 3967 800 4048 Sigonius
819 3965 857 4026 ad
883 3965 1013 4024 Livium
1038 3977 1097 4041 37.

76 4075 127 4142 4ο,
144 4081 176 4147 8.
212 4073 413 4150 Daruqueine
437 4069 473 4130 ad
502 4069 617 4132 Silium
648 4081 703 4146 13,
728 4069 811 4148 764.
862 4065 949 4130 Sitne
973 4065 1097 4126 notatio

75 4165 155 4232 litem
186 4169 275 4234 facile
306 4171 430 4234 dirimit
462 4171 696 4254 discrimenque
728 4167 843 4232 llatuit.
903 4167 983 4230 Daci
1007 4167 1096 4230 euim
