2864 4944
346 449 408 512 512
645 382 894 498 roirrourr
932 435 1096 496 necta

346 614 440 694 eique
466 613 541 674 voci
564 603 710 702 paffunrn
735 613 856 674 addunt
879 611 961 695 Lips.
989 627 1022 674 et
1046 611 1162 674 Zalusc.
1214 611 1368 697 vulgatam

346 727 455 775 tamen
481 728 611 775 tuentur
633 715 899 795 reliquiorum,
929 735 990 776 nec
1008 727 1167 800 repugnat
1185 711 1268 777 usur.
1305 713 1368 776 Vid.

347 816 387 878 ad
405 833 436 888 2,
458 836 486 887 a,
507 823 542 898 4.
567 829 601 878 et
616 817 656 877 ad
671 817 807 898 Eutrop.
824 827 857 894 8.
878 831 912 880 Ω.
935 829 1015 880 extr.

423 1009 650 1109 apposita)
679 1003 888 1082 -Corrcinuni
910 1021 944 1081 in
964 1019 1024 1080 hac
1041 1019 1181 1082 lectione
1204 1017 1285 1078 libri.
1322 1017 1370 1076 Vir

348 1135 456 1182 tamen
480 1121 593 1182 doctus
615 1123 647 1180 in
669 1121 720 1184 ed.
742 1131 802 1199 4ο.
827 1119 1024 1204 adscripscrat
1045 1117 1213 1210 opposita,
1242 1117 1323 1199 quod
1344 1131 1371 1177 et

347 1223 409 1306 legi
427 1225 460 1281 in
477 1223 549 1283 edd.
571 1223 734 1283 Reinoldii
756 1237 861 1302 1739.
876 1237 909 1284 et
930 1225 1034 1297 1761.
1050 1242 1122 1282 cum
1140 1223 1198 1282 alia
1214 1239 1263 1281 an.
1279 1231 1370 1294 1775.

346 1325 495 1386 exhibeat
526 1319 688 1414 apposita.
742 1325 834 1407 Quae
868 1337 986 1385 certam
1012 1324 1181 1384 Reinoldii
1211 1321 1369 1381 lectionem

346 1425 434 1494 sistat,
462 1428 587 1508 ignoro.
639 1426 738 1486 Recte
761 1440 868 1486 tamen
893 1425 990 1486 habet
1011 1426 1151 1507 vulgata.
1204 1425 1274 1482 Vox
1293 1422 1369 1480 enim

346 1522 493 1616 obposita
514 1527 606 1588 latine
626 1527 660 1586 in
678 1527 762 1587 Mela
785 1527 984 1607 omninoque
1009 1539 1110 1608 patet,
1137 1543 1197 1606 pro
1214 1543 1273 1604 qua
1293 1535 1368 1580 antea

346 1625 448 1688 adsuit
468 1645 507 1687 ex
522 1629 659 1711 eleganti
675 1630 850 1689 variatione
867 1617 1003 1717 adversa
1023 1619 1189 1716 prospicit.
1225 1618 1368 1711 Arlpofita

346 1731 498 1790 viciniam
533 1729 661 1790 irulicat.
714 1731 801 1789 'sum
836 1747 914 1790 vero
949 1729 1030 1790 hanc
1057 1729 1234 1789 lectionem
1256 1725 1368 1784 adiurat

345 1829 470 1894 Plinius
487 1838 520 1911 4,
548 1845 605 1892 αι.
624 1828 645 1892 Γ.
665 1846 720 1892 aa.
747 1830 803 1889 ubi
827 1830 947 1890 Melana
971 1831 1145 1891 auctiorem
1168 1825 1280 1889 refert:
1308 1843 1367 1884 rius·

344 1952 439 2014 quarn
471 1931 674 1992 latitudinem
698 1931 783 1992 ultra
812 1941 872 2012 spo.
896 1931 946 1992 M.
969 1933 1007 1993 P.
1031 1930 1191 2000 extendit,
1231 1943 1366 2006 nusquam

346 2032 434 2092 intra
455 2031 517 2091 dno
542 2033 628 2092 n'tilia
650 2033 831 2102 contradit,
851 2023 960 2122 sedin
975 2031 1206 2112 longitudinem
1223 2015 1365 2114 universae

345 2133 496 2192 Boeotiae
509 2130 550 2191 ab
564 2135 676 2196 Attica
696 2125 880 2221 Tlteffaliam
897 2154 993 2216 nsque
1006 2146 1189 2213 praetenta.
1215 2125 1365 2192 Consentit

345 2233 520 2293 Martianus
535 2231 659 2314 Capella
679 2234 733 2295 lib.
752 2235 785 2297 6.
802 2247 930 2316 p.215.
956 2249 989 2296 et
1003 2236 1103 2297 Sosin.
1123 2253 1192 2316 cap.
1214 2247 1267 2302 17.
1283 2227 1300 2288 Γ.
1319 2245 1363 2288 1¹·

344 2335 379 2394 in
396 2353 481 2416 quo:
509 2331 639 2396 Euboea
663 2347 729 2395 tum
738 2361 741 2368 ¹
750 2335 871 2396 modico
888 2333 975 2427 aestu
990 2335 1123 2396 dividua
1137 2334 1182 2428 ψ
1199 2355 1220 2394 a
1234 2328 1363 2392 Boeotiae

289 2423 294 2436 ’
344 2436 531 2506 contumaci,
560 2447 597 2496 ut
617 2433 824 2497 dubitandum
836 2434 897 2530 stt,
923 2438 1142 2498 annumerari
1164 2438 1247 2496 inter
1262 2434 1290 2491 in
1307 2427 1362 2488 usar

345 2535 466 2600 debeat.
520 2536 622 2620 Magia
644 2539 733 2597 enim
755 2538 851 2622 longa
873 2539 932 2608 est,
961 2559 1054 2620 qnam
1076 2539 1157 2606 lata.
1185 2549 1216 2598 et
1232 2535 1268 2594 ad
1289 2546 1360 2590 oram

344 2637 497 2700 Boeotiae
519 2639 598 2699 latus
620 2639 727 2700 trahit.
780 2636 841 2702 Sed
860 2653 892 2702 et
914 2641 966 2700 alii
989 2641 1075 2700 idem
1097 2637 1262 2703 testantur,
1289 2625 1360 2712 quod

240 2741 243 2746 '
344 2737 400 2802 suo
421 2740 492 2802 loco
510 2741 646 2810 dicetur,
673 2753 710 2800 ut
730 2740 848 2823 aliquid
868 2741 928 2804 illie
944 2741 1058 2803 addere
1072 2741 1108 2802 sit
1124 2737 1318 2822 superfluum.

418 2943 607 3023 rapidum
635 2965 740 3004 mare
750 2943 766 3024 )
819 2940 908 3029 Prag.
930 2943 1055 3006 inverso
1071 2943 1244 3006 verborum
1266 2935 1358 2998 ordine

344 3065 430 3104 mare
463 3045 620 3124 rapidum.
672 3048 759 3107 Tum
796 3047 934 3108 vindob.
969 3061 1092 3107 tantum
1121 3036 1242 3136 septies
1274 3047 1358 3098 nocte.

344 3163 549 3208 uzecnvcna.
601 3147 728 3210 Scribo:
755 3139 875 3238 fiptie's
896 3148 947 3208 ilie
969 3169 1007 3208 ac
1030 3159 1121 3207 nocte
1149 3167 1189 3207 ex
1213 3141 1356 3207 strabone.

344 3239 421 3328 [lib.
444 3263 478 3324 9.
504 3268 535 3328 p.
556 3267 601 3310 m.
621 3259 701 3325 278.
727 3248 748 3310 Γ.
767 3261 851 3328 403.
877 3263 910 3310 et
933 3243 1028 3335 alibi]
1064 3247 1185 3318 Plinio,
1213 3243 1265 3333 [99
1291 3254 1357 3298 ¹⁰⁰·

344 3343 366 3407 Γ.
389 3342 470 3432 97.]
498 3350 615 3410 Seneca
639 3349 688 3426 [in
704 3352 839 3411 Hercule
854 3349 972 3412 Oetaeo
989 3373 1020 3412 v.
1039 3351 1138 3429 780]
1162 3363 1195 3409 et
1214 3339 1354 3408 omnibus.

342 3447 407 3509 Res
430 3449 473 3510 est
495 3463 654 3531 comperta
679 3453 729 3511 vel
750 3454 854 3533 parvis
876 3453 1036 3512 literarum
1058 3449 1213 3529 mysteriis
1236 3443 1355 3506 initiato.

344 3567 544 3612 amuranus.
601 3551 757 3612 Nondum
784 3553 929 3614 assentior
960 3552 1128 3622 Pintiano,
1163 3551 1217 3632 qui
1240 3547 1355 3606 alterum

335 3641 458 3739 septies
479 3651 658 3714 redundare
680 3667 771 3736 putat
788 3654 887 3719 Plinii
907 3655 1103 3714 auctoritate.
1155 3653 1268 3714 Seneca
1282 3641 1355 3704 euim

268 3767 271 3776 ’
342 3753 375 3811 in
402 3753 536 3814 Hercule
557 3751 686 3825 Oetaeo,
711 3772 783 3816 actu
808 3771 840 3834 3.
873 3756 1014 3832 Euripus
1034 3754 1138 3815 undar
1157 3737 1353 3837 [teci-icirfia·

341 3849 414 3914 hilis
432 3873 550 3934 vagas,
584 3855 766 3939 Septernqne
787 3849 893 3948 rursus
908 3851 1035 3944 flectit,
1069 3869 1100 3916 et
1124 3854 1251 3914 totidem
1271 3833 1353 3932 refert

340 3954 432 4016 Dunr
452 3948 564 4044 laffiun
586 3958 680 4018 Titan
697 3961 807 4039 mergit
822 3979 937 4020 occano
952 3955 1052 4018 iubar.
1088 3957 1130 4016 Et
1145 3950 1312 4015 Errstatlrius
1323 3941 1350 3997 ln

341 4059 534 4136 Dionysium
556 4051 611 4143 [n.
629 4053 736 4145 4752]
766 4053 820 4122 nai
844 4051 944 4134 αὐτὸς
959 4055 1016 4146 μὲν
1035 4052 1079 4130 δὶς
1103 4051 1235 4140 ἑκάστης
1255 4042 1352 4150 §th'pof

340 4153 565 4249 μεταβάλλει,
602 4155 735 4239 ἑπτάκις
770 4158 803 4225 δὲ
831 4157 870 4227 τὸ
900 4155 978 4226 ὅλον
1004 4148 1237 4250 νυχθήμερον.Ι
1258 4147 1272 4213 Γ
1292 4159 1349 4228 sfl‘
