2784 4944
356 483 448 540 mn
478 483 516 540 11.
559 481 594 540 c.
615 483 667 544 1v.
708 479 787 556 Η·
1035 495 1098 559 337

60 658 201 722 Grreeiee
223 657 359 722 invenio
379 657 464 740 apud
486 655 708 718 Ptolemaeum
731 653 788 748 [3.
812 647 867 743 t.]
894 657 1095 720 coniunctim

58 783 124 824 cnm
145 761 282 824 Petelia.
334 757 445 842 ltaque
465 758 601 830 dubito.
627 778 666 820 en
688 761 723 820 in
739 759 846 822 Plinio
861 773 896 822 et
909 759 1095 844 Pomponio

58 849 230 949 legendum
251 863 359 944 potine
384 861 421 922 fit
439 857 611 953 Abyjlrort‚
637 880 734 942 quum
749 859 893 952 Mystru.
919 875 955 922 ut
977 863 1011 923 in
1034 863 1096 923 l'li·

57 970 126 1036 nio,
152 979 213 1026 aut
237 963 391 1057 Mfirne,
427 976 464 1023 ut
484 965 518 1022 in
541 961 736 1044 Pomponio.
781 981 981 1026 murmure.
1034 965 1096 1026 lle·

58 1067 151 1148 lcripli
175 1065 338 1160 Mystine,
372 1077 409 1124 ut
434 1065 505 1124 libri
528 1077 664 1128 veteree.
727 1065 780 1127 sic
805 1083 933 1146 qunque
960 1065 1095 1128 Pliniue.

56 1169 216 1251 Stephano
238 1167 283 1228 eli
303 1164 450 1232 Munriu.
481 1185 625 1228 voemve.
686 1163 824 1228 Proellrt
845 1167 959 1248 utique
981 1168 1096 1229 codici·

56 1269 109 1332 bnt
127 1270 319 1340 adhaerere,
354 1269 433 1328 dum
454 1267 528 1327 rdsrt
551 1265 638 1328 ceula
660 1267 693 1328 in
714 1269 792 1330 locie
813 1267 883 1350 iplio
906 1280 938 1330 et
958 1267 1096 1330 eliomm

1 1433 2 1438 ,
56 1373 254 1434 testimoniis.
308 1371 415 1455 Quare
438 1369 534 1430 etiam
556 1367 726 1431 Cluverius
747 1371 780 1430 in
802 1369 870 1432 ltnl.
893 1381 957 1430 ent.
977 1379 1012 1450 4,
1042 1383 1097 1446 ¹5·

57 1495 85 1556 p.
111 1485 224 1552 ¹5⁰5·
258 1471 312 1532 hic
339 1471 448 1532 voluit
471 1467 587 1562 Mssta
607 1471 660 1532 vel
680 1469 829 1563 illisum,
862 1473 934 1554 quia
957 1471 1098 1532 linmeni

57 1576 173 1636 literam
199 1575 354 1635 Graecam
378 1595 396 1636 υ
418 1571 575 1656 fugerent.
628 1573 668 1633 tt
685 1591 759 1632 cum
775 1565 885 1654 prru'm
904 1573 965 1634 hoc
987 1574 1098 1646 velent,

57 1675 299 1758 preel'erenrinm
315 1675 414 1736 ethic
429 1695 460 1756 γ.
486 1675 570 1754 quod
590 1673 691 1756 praeit
707 1673 771 1734 dux
787 1689 891 1736 certus
907 1673 1097 1756 Stephanue,

57 1780 218 1840 literarum
258 1777 365 1838 ordini
397 1775 569 1837 adstrictus.
642 1775 740 1858 Quod
775 1789 867 1836 voert
900 1777 1098 1838 Samnitium

57 1883 180 1950 urbem,
210 1879 342 1959 repetiit
363 1897 402 1938 ex
418 1875 564 1944 Philisto.
589 1890 621 1937 et
641 1877 694 1936 vel
712 1877 896 1938 conditores
917 1877 1013 1947 urbii.
1041 1877 1097 1940 vel

57 1985 155 2065 gentio
181 1981 317 2042 indicat.
368 1977 432 2042 Pro
457 1979 647 2060 Zephyrium
679 1977 770 2062 Prug.
797 1981 976 2060 eephimm
1012 1977 1097 2062 Lipl'.

56 2082 190 2174 refirum.
246 2081 308 2142 Ed.
337 2099 368 2143 1.
392 2081 585 2160 Zephirum
621 2081 774 2162 quaedam
795 2095 832 2142 ut
864 2097 918 2144 12.
954 2090 1009 2159 ¹4·
1039 2099 1096 2160 19.

57 2186 251 2264 Zepkirium.
302 2183 355 2246 Sic
387 2181 495 2244 Cibin.
529 2182 580 2242 erl.
610 2201 639 2244 r.
667 2179 827 2254 brurimm
863 2183 916 2242 ulii
944 2183 1036 2246 MSS.
1063 2197 1097 2245 et

57 2289 124 2349 edd.
151 2287 194 2347 ad
224 2299 286 2364 lto.
311 2282 445 2352 Brutia,
487 2283 573 2364 quod
607 2283 742 2344 retinuit
777 2283 977 2344 lieinoldiuo.
1031 2285 1096 2346 Sed

58 2388 135 2451 l'oll.
158 2410 191 2449 ι.
218 2384 367 2449 Perizon.
388 2399 421 2444 et
442 2385 508 2466 poll
526 2383 698 2469 llelrdiger.
721 2397 737 2445 t
758 2387 941 2468 geminant,
969 2401 1006 2446 ut
1020 2385 1095 2450 edd.

56 2501 110 2568 44„
132 2501 197 2568 45.
224 2501 258 2548 et
283 2501 421 2556 ceterae,
450 2487 535 2567 qnod
553 2499 662 2548 tamen
682 2486 744 2546 iem
761 2487 935 2568 praeiverat
952 2487 1096 2552 Vinetue.

57 2589 189 2673 impoli
210 2590 368 2658 variatur.
402 2601 434 2650 et
452 2589 608 2649 variatum
621 2585 665 2649 est
687 2585 775 2670 supra
795 2591 824 2668 §.
843 2603 876 2652 α.
901 2587 955 2648 ubi
975 2589 1098 2676 dictum

1 2709 2 2732 ³
58 2693 95 2754 eit
113 2694 157 2754 de
178 2689 344 2772 scripture.

128 2883 435 2984 Consentium)
484 2887 610 2956 Volliue
630 2912 668 2956 ex
690 2893 848 2976 plerisque
869 2891 958 2954 libris
980 2889 1100 2974 profert

59 2990 254 3090 Consentia,
282 3015 321 3056 ex
342 3013 408 3056 uno
428 2985 653 3084 consortiorum
661 3017 674 3068 ,·
708 2995 744 3058 Δ.
762 2993 951 3056 Gronovius
972 3015 1011 3054 ex
1033 2995 1098 3077 ple·

1 3177 2 3182 ἵ
56 3102 159 3180 risque
187 3087 396 3188 Consortium
412 3097 464 3157 vel
484 3087 694 3185 Coffintiam
719 3095 902 3158 Hollleniue
919 3095 952 3155 in
971 3109 1095 3159 annoti.

56 3201 87 3260 in
105 3199 261 3264 Cluverli
278 3197 344 3260 ltul.
359 3211 424 3258 nnt.
440 3219 470 3280 p.
490 3213 572 3278 303.
596 3219 634 3258 ex
650 3199 776 3280 optimo
795 3197 864 3260 MS.
883 3187 1098 3286 Coffentiurm

55 3302 208 3363 Periwn.
237 3291 430 3389 Consentino
438 3321 450 3370 ,·
481 3303 516 3360 A.
541 3301 686 3362 Gronov.
709 3289 892 3388 Consentia.
946 3299 994 3359 Ex
1015 3303 1097 3363 meio

56 3405 158 3464 Varie.
182 3416 219 3480 5.
245 3401 415 3484 llelnliger.
437 3393 661 3492 Consentinum
690 3401 873 3461 vindobon.
894 3391 1098 3490 coffentt'am

56 3503 152 3590 Prag.
178 3493 344 3592 cosencim
386 3503 518 3583 reliqui,
549 3517 584 3562 ut
606 3517 729 3564 veteres
750 3502 927 3572 editiones,
961 3493 1097 3594 Consen-

57 3608 159 3678 tiam
201 3601 272 3686 post
294 3601 436 3666 Vediano
460 3603 540 3666 duce
565 3599 670 3690 (16.)
700 3613 754 3682 ιθ.
784 3619 843 3670 22.
864 3619 923 3666 22.
950 3613 1009 3682 24.
1037 3615 1097 3682 25.

57 3707 198 3768 vediano
223 3723 300 3788 gene
322 3717 354 3765 et
376 3703 574 3776 oliverium,
607 3707 749 3774 Vinetue,
776 3705 937 3774 Schottut.
965 3699 1100 3777 Volliue,

59 3817 115 3884 4⁰·
139 3817 288 3886 41.42.
315 3803 531 3898 Consilinum
563 3807 755 3870 lieinoltliue
773 3807 939 3870 revocavit
962 3798 1099 3897 Confin-

59 3913 137 3970 tiam
163 3907 368 3989 sequentibue
388 3909 468 3971 aliie.
511 3909 636 3972 Aeol.
656 3905 751 3972 Perii.
768 3923 800 3972 α.
822 3907 899 3972 haec
921 3927 985 3968 vox
1007 3909 1099 3990 plane

57 4011 153 4073 abeli.
187 4027 391 4073 'reecnvcxn
445 4001 649 4102 Consentiam
670 4011 725 4072 elii
745 4011 871 4096 legunt,
898 4009 949 4072 letl
968 4023 1098 4090 temere.

56 4115 172 4198 Longe
196 4111 286 4172 enim
311 4109 401 4173 distet
430 4109 510 4174 infru
536 4112 695 4176 Vibonem
716 4124 749 4174 et
772 4113 968 4175 Terinaeum
996 4111 1099 4172 finum

58 4218 120 4277 lira.
157 4229 347 4276 vnnrnnve.
408 4213 599 4279 Hermolaue
630 4217 674 4276 uit
703 4213 758 4276 hio
781 4213 847 4302 legi
881 4201 1128 4304 Consentium

104 4331 210 4406 Poup-
234 4329 325 4388 Melo.
357 4331 395 4388 L
414 4331 451 4387 ll.
743 4317 770 4378 Y
