2792 4940
258 415 261 424 “
328 447 388 510 rue
627 439 869 498 roucourt
905 439 1066 498 uocata

327 613 401 674 alibi
419 611 503 674 llllela
525 611 564 674 ab
583 609 676 674 fimili
697 615 878 696 copulativa
898 613 1068 696 periodum
1091 611 1231 676 inchoat.
1268 611 1302 677 Si
1321 625 1364 675 ta·

331 736 406 776 meu
423 715 506 777 bene
520 717 671 786 attendas,
692 713 763 777 sunt
776 719 834 779 bae
850 737 961 778 arenae
977 715 1040 777 sane
1054 717 1147 776 calce.
1184 715 1267 776 Nam
1276 716 1366 797 quod

329 813 453 878 Vossnu
474 813 514 880 ‘ro'
536 816 580 910 est
602 819 690 879 eiicit
710 817 835 900 prorsue
856 839 894 880 ex
917 817 967 880 sua
990 819 1150 886 editione,
1184 817 1280 898 idque
1311 816 1364 878 sub

210 997 212 1002 Ι
329 922 466 1000 generali
488 935 652 1002 praetextu
675 921 869 981 auctoritatis
892 921 1063 982 meliorum
1085 919 1251 988 librorum,
1277 921 1365 980 urlde

329 1023 452 1082 minuta
468 1023 567 1083 muna
587 1024 772 1092 correxerit,
795 1019 917 1094 nescio,
942 1041 981 1082 an
998 1021 1039 1083 lic
1057 1021 1141 1082 abire
1162 1021 1225 1081 hoc
1241 1021 1366 1092 debeat,

331 1141 430 1201 quum
447 1124 498 1183 rel
514 1123 559 1216 est
574 1124 671 1184 velet
688 1125 741 1186 hic
755 1142 815 1186 noa
831 1124 1007 1184 viderimue
1022 1123 1056 1182 in
1075 1121 1205 1203 scriptis.
1257 1123 1366 1181 Etiam

328 1224 361 1283 in
380 1243 445 1284 ono
470 1219 596 1311 [Gon]
619 1225 684 1308 legi
706 1245 746 1286 ae
761 1225 923 1304 proximos
938 1215 1089 1316 spetiosa
1110 1237 1140 1284 et
1160 1220 1277 1287 Heliae.
1306 1241 1368 1283 nec

327 1325 417 1384 aliter
440 1325 693 1388 Mediolanenlie.
743 1327 830 1388 Hinc
855 1326 947 1392 vide.
981 1345 1075 1406 quam
1100 1324 1201 1384 nitida
1222 1321 1369 1406 exsurgat

328 1425 515 1509 descriptio:
546 1427 681 1489 Graecia
693 1457 743 1472 —-
766 1429 867 1489 Ioniis
875 1422 1034 1516 fluctibus
1050 1424 1193 1498 obicem
1216 1446 1237 1486 a
1255 1425 1368 1502 proeci-

327 1546 378 1587 roo
392 1519 562 1619 spatiosa,
595 1543 625 1588 et
643 1528 755 1589 Hellas
776 1531 915 1597 nornine,
941 1527 1059 1610 grandi
1070 1518 1190 1616 fronte
1206 1525 1367 1604 procedit.

326 1627 420 1691 Certe
445 1644 477 1692 et
499 1629 668 1692 Pintianue
690 1631 743 1692 hic
765 1630 931 1692 offendens
959 1627 1127 1690 scribebat:
1161 1648 1201 1688 ae
1219 1629 1370 1704 proxime

319 1720 472 1822 [pretiosa
488 1731 647 1792 etHellos
667 1733 800 1794 nomine.
853 1729 900 1793 Ab
921 1731 1077 1811 proximo,
1104 1729 1167 1790 hoc
1188 1729 1241 1796 esi.
1268 1727 1308 1788 ab
1331 1749 1367 1790 ea

302 1826 428 1911 perte,
458 1852 552 1914 quam
579 1833 675 1894 habet
702 1836 881 1915 proximam
913 1831 1289 1914 regionibueenarratie.
1328 1844 1369 1890 ut

323 1933 378 1993 sib.
400 1947 432 2012 3.
456 1953 483 1994 c.
503 1945 537 2010 8.
573 1933 620 1995 At
640 1955 678 1994 ea
697 1949 799 2015 porte.
822 1955 902 2016 quae
919 1929 1150 1993 introeuntibus
1167 1931 1284 1992 dextra
1308 1929 1367 2023 est,

324 2031 414 2093 nrbes
431 2026 534 2124 sunt,·
573 2035 606 2095 in
632 2035 735 2096 astera
760 2033 801 2096 ab
826 2036 939 2095 intimo
964 2033 1083 2113 angnia
1104 2048 1165 2094 etc.
1239 2032 1366 2094 Nonne

285 2195 289 2201 ,
323 2149 447 2216 poterat
471 2137 575 2197 dicere
596 2133 637 2195 at
663 2135 777 2196 dextro
803 2132 1057 2197 introeuntibus?
1107 2135 1158 2196 Sic
1184 2127 1297 2214 passim
1323 2132 1367 2193 ab

324 2233 452 2297 Oriente
476 2251 508 2298 et
531 2237 661 2318 similia,
705 2255 785 2318 quae
818 2250 932 2298 notant
963 2233 1109 2318 respectu
1142 2235 1227 2295 illiue
1250 2237 1367 2316 partie.

322 2355 347 2398 1.
376 2355 582 2403 cnouovrvs.
653 2339 692 2400 ln
725 2339 814 2400 libris
839 2349 872 2399 et
895 2335 1009 2400 Hessos
1035 2337 1176 2405 nuntius,
1213 2338 1303 2416 quod
1333 2349 1366 2398 et

320 2437 424 2522 ipsum
448 2454 584 2502 rectum.
638 2440 752 2524 Quum
778 2452 886 2501 autem
908 2439 1052 2500 noritiue
1073 2439 1192 2506 editor,
1226 2439 1300 2517 quia
1330 2439 1368 2499 in

320 2540 441 2600 vitiosis
460 2541 651 2621 quibusdam
667 2542 755 2604 librie
772 2543 947 2625 legiterae
962 2541 1136 2619 proximos,
1160 2537 1368 2600 confidenter

319 2641 498 2702 rescribite
515 2643 663 2723 proximo
676 2633 838 2734 spatiose,
866 2642 1001 2703 omuino
1016 2641 1047 2700 id
1065 2637 1138 2700 sacit
1152 2641 1217 2700 line
1233 2641 1368 2702 ratione

320 2757 352 2804 et
373 2744 504 2806 iudicio.
555 2745 632 2806 Sive
653 2747 740 2806 enim
761 2742 876 2805 reseres
897 2743 936 2804 ad
950 2741 1140 2803 Thessaliam
1158 2755 1191 2802 et
1209 2740 1369 2802 Macedo·

319 2845 422 2912 niam.
454 2864 532 2927 quae
552 2845 753 2925 praecessere,
786 2847 851 2908 sare
873 2845 912 2904 ad
930 2845 1077 2912 Hellade,
1103 2862 1182 2923 quae
1205 2839 1368 2922 sequitur,

317 2966 384 3006 nou
403 2943 532 3008 subsistit
552 2947 629 3010 haec
649 2947 754 3010 lectio.
807 2946 890 3030 Quie
906 2947 994 3006 enim
1013 2943 1091 3005 serat
1107 2941 1294 3024 scriptorem
1321 2947 1369 3006 ita

319 3047 524 3127 loquentem,
551 3067 567 3108 a
589 3049 737 3130 proximo
759 3047 829 3108 loco
850 3047 988 3128 incipere
1011 3044 1164 3106 Hellade?
1216 3044 1320 3125 Quod
1345 3045 1369 3106 sr

317 3167 339 3205 α
357 3149 504 3228 ρνοκιήιο
525 3152 654 3231 accipiar
676 3169 735 3231 pro
759 3147 798 3208 ab
819 3147 928 3218 initio,
954 3149 1017 3206 iam
1041 3145 1228 3226 nequidem
1244 3145 1368 3208 Latine

316 3247 464 3327 loquetur
479 3249 582 3322 Mela3
606 3249 759 3312 debuisset
774 3250 861 3308 enim
878 3249 982 3309 dicere
997 3248 1028 3307 in
1044 3247 1201 3326 proximo.
1235 3247 1368 3329 Qaram·

315 3349 366 3408 vie
389 3367 491 3429 neque
507 3349 586 3410 istuc
602 3352 681 3412 hnic
696 3351 866 3414 conveniat
884 3351 965 3418 loco,
988 3367 1063 3408 cum
1081 3367 1148 3407 uon
1165 3347 1280 3415 statim,
1308 3346 1368 3409 sed

314 3449 467 3530 paulatim
497 3452 533 3509 in
558 3453 713 3514 maiorem
739 3453 955 3532 maioremque
982 3447 1042 3510 sese
1078 3449 1186 3510 Hellas
1218 3449 1369 3530 explicet

314 3550 529 3614 latitudinem.
578 3555 761 3615 Retinenda
781 3555 889 3634 itaque
906 3551 1000 3612 lectio
1018 3551 1156 3634 vulgata.
1181 3569 1277 3630 qtraru
1296 3571 1372 3612 me·

315 3651 402 3712 lioris
423 3667 517 3714 notae
540 3656 729 3736 exemplaria
752 3665 789 3714 et·
805 3656 907 3734 prima
928 3653 1029 3712 editio
1054 3652 1161 3712 nullos
1186 3649 1267 3731 passa
1292 3671 1370 3712 cor-

312 3765 449 3815 rectores
471 3756 670 3826 confirmant,
696 3775 756 3816 nec
777 3755 973 3816 distrahenda
990 3753 1067 3814 haec
1089 3773 1105 3813 a
1123 3751 1371 3832 superioribuet

311 3857 455 3930 proxime
476 3858 562 3917 enim
580 3857 826 3918 construendum
846 3875 917 3916 cum
936 3855 1067 3937 Aegaeis
1083 3865 1116 3914 et
1139 3854 1240 3914 loniie
1257 3853 1371 3914 flucti-

311 3952 382 4016 bus.
433 3957 457 4017 t
481 3952 670 4018 Macedonia
693 3960 780 4018 enim
804 3957 960 4037 incipiens
984 3955 1090 4017 Hellas
1111 3956 1217 4037 primo
1239 3953 1286 4015 est
1309 3977 1371 4016 an·

308 4057 410 4136 gusta.
438 4058 472 4116 iu
497 4057 654 4142 llsleguelia
677 4059 793 4139 nempe
814 4055 1048 4137 Thessaliaque,
1086 4053 1372 4135 huius-liquidem

304 4172 407 4236 parter
439 4177 457 4218 a
485 4161 565 4220 mari
604 4161 807 4230 remotiores,
860 4177 929 4220 non
976 4155 1178 4220 accensentur
1220 4156 1373 4222 Helladi.
