<?xml version="1.0" encoding="UTF-8"?>
<!DOCTYPE html PUBLIC "-//W3C//DTD XHTML 1.0 Transitional//EN"
    "http://www.w3.org/TR/xhtml1/DTD/xhtml1-transitional.dtd">
<html xmlns="http://www.w3.org/1999/xhtml" xml:lang="en" lang="en">
 <head>
  <title>
</title>
<meta http-equiv="Content-Type" content="text/html;charset=utf-8" />
  <meta name='ocr-system' content='tesseract 3.04.00' />
  <meta name='ocr-capabilities' content='ocr_page ocr_carea ocr_par ocr_line ocrx_word'/>
</head>
<body>
  <div class='ocr_page' id='page_1' title='image "./pomponiimelaede05melagoog_0467.png"; bbox 0 0 2810 4944; ppageno 0'>
   <div class='ocr_carea' id='block_1_1' title="bbox 351 437 1090 522">
    <p class='ocr_par' dir='ltr' id='par_1_1' title="bbox 351 437 1090 522">
     <span class='ocr_line' id='line_1_1' title="bbox 351 437 1090 522; baseline 0.005 -22"><span class='ocrx_word' id='word_1_1' title='bbox 351 437 441 500; x_wconf 72' lang='grc' dir='ltr'>ΠΒ.</span> <span class='ocrx_word' id='word_1_2' title='bbox 469 443 508 500; x_wconf 85' lang='lat' dir='ltr'>sl.</span> <span class='ocrx_word' id='word_1_3' title='bbox 552 443 585 502; x_wconf 85' lang='lat' dir='ltr'>C.</span> <span class='ocrx_word' id='word_1_4' title='bbox 614 443 664 506; x_wconf 84' lang='lat' dir='ltr'>vt.</span> <span class='ocrx_word' id='word_1_5' title='bbox 708 443 733 515; x_wconf 71' lang='lat' dir='ltr'>i.</span> <span class='ocrx_word' id='word_1_6' title='bbox 757 462 787 521; x_wconf 89' lang='lat'>9.</span> <span class='ocrx_word' id='word_1_7' title='bbox 1029 441 1090 522; x_wconf 71' lang='lat'>462</span> 
     </span>
    </p>
   </div>
   <div class='ocr_carea' id='block_1_2' title="bbox 35 613 1093 3741">
    <p class='ocr_par' dir='ltr' id='par_1_2' title="bbox 35 613 1093 3741">
     <span class='ocr_line' id='line_1_2' title="bbox 48 613 1093 702; baseline 0.008 -27"><span class='ocrx_word' id='word_1_8' title='bbox 48 635 120 676; x_wconf 90' lang='lat' dir='ltr'>mm</span> <span class='ocrx_word' id='word_1_9' title='bbox 146 617 318 680; x_wconf 70' lang='lat' dir='ltr'>tenacitate</span> <span class='ocrx_word' id='word_1_10' title='bbox 338 633 485 702; x_wconf 81' lang='lat' dir='ltr'>apparet.</span> <span class='ocrx_word' id='word_1_11' title='bbox 513 639 608 700; x_wconf 89' lang='lat' dir='ltr'>qnam</span> <span class='ocrx_word' id='word_1_12' title='bbox 630 617 771 682; x_wconf 84' lang='lat' dir='ltr'>fraudem</span> <span class='ocrx_word' id='word_1_13' title='bbox 792 619 872 702; x_wconf 88' lang='lat' dir='ltr'>patri</span> <span class='ocrx_word' id='word_1_14' title='bbox 888 613 993 682; x_wconf 82' lang='lat' dir='ltr'>voffio</span> <span class='ocrx_word' id='word_1_15' title='bbox 1012 617 1093 683; x_wconf 83' lang='lat' dir='ltr'>infe·</span> 
     </span>
     <span class='ocr_line' id='line_1_3' title="bbox 48 714 1089 806; baseline 0.008 -30"><span class='ocrx_word' id='word_1_16' title='bbox 48 733 118 777; x_wconf 85' lang='lat' dir='ltr'>rant</span> <span class='ocrx_word' id='word_1_17' title='bbox 141 719 355 804; x_wconf 79' lang='lat' dir='ltr'>Typograplri</span> <span class='ocrx_word' id='word_1_18' title='bbox 380 733 435 782; x_wconf 89' lang='lat' dir='ltr'>aut</span> <span class='ocrx_word' id='word_1_19' title='bbox 461 719 524 802; x_wconf 89' lang='lat' dir='ltr'>ipse</span> <span class='ocrx_word' id='word_1_20' title='bbox 552 721 609 782; x_wconf 86' lang='lat' dir='ltr'>fibi</span> <span class='ocrx_word' id='word_1_21' title='bbox 640 721 697 784; x_wconf 90' lang='lat' dir='ltr'>lib.</span> <span class='ocrx_word' id='word_1_22' title='bbox 722 741 751 784; x_wconf 90' lang='lat' dir='ltr'>r.</span> <span class='ocrx_word' id='word_1_23' title='bbox 782 715 830 806; x_wconf 88' lang='lat' dir='ltr'>[c.</span> <span class='ocrx_word' id='word_1_24' title='bbox 853 735 908 799; x_wconf 83' lang='lat' dir='ltr'>c5.</span> <span class='ocrx_word' id='word_1_25' title='bbox 932 743 965 804; x_wconf 88' lang='lat' dir='ltr'>p.</span> <span class='ocrx_word' id='word_1_26' title='bbox 985 714 1089 806; x_wconf 82' lang='lat'><strong>131.]</strong></span> 
     </span>
     <span class='ocr_line' id='line_1_4' title="bbox 49 819 1090 905; baseline 0.005 -26"><span class='ocrx_word' id='word_1_27' title='bbox 49 820 87 880; x_wconf 87' lang='lat' dir='ltr'>de</span> <span class='ocrx_word' id='word_1_28' title='bbox 121 819 243 884; x_wconf 87' lang='lat' dir='ltr'>Histor.</span> <span class='ocrx_word' id='word_1_29' title='bbox 271 823 376 884; x_wconf 88' lang='lat' dir='ltr'>Latin.</span> <span class='ocrx_word' id='word_1_30' title='bbox 407 821 463 882; x_wconf 90' lang='lat' dir='ltr'>ubi</span> <span class='ocrx_word' id='word_1_31' title='bbox 495 823 590 892; x_wconf 88' lang='lat' dir='ltr'>dicit,</span> <span class='ocrx_word' id='word_1_32' title='bbox 629 823 708 884; x_wconf 78' lang='lat' dir='ltr'>alios</span> <span class='ocrx_word' id='word_1_33' title='bbox 740 823 940 884; x_wconf 74' lang='lat' dir='ltr'>verisimilius</span> <span class='ocrx_word' id='word_1_34' title='bbox 969 835 1090 905; x_wconf 83' lang='lat' dir='ltr'>putare,</span> 
     </span>
     <span class='ocr_line' id='line_1_5' title="bbox 48 917 1090 1008; baseline 0.005 -29"><span class='ocrx_word' id='word_1_35' title='bbox 48 917 140 982; x_wconf 85' lang='lat' dir='ltr'>suilse</span> <span class='ocrx_word' id='word_1_36' title='bbox 155 937 269 983; x_wconf 84' lang='lat' dir='ltr'>natum</span> <span class='ocrx_word' id='word_1_37' title='bbox 288 923 495 1004; x_wconf 82' lang='lat' dir='ltr'>Cingeternti‚</span> <span class='ocrx_word' id='word_1_38' title='bbox 522 923 607 1004; x_wconf 87' lang='lat' dir='ltr'>qnod</span> <span class='ocrx_word' id='word_1_39' title='bbox 631 921 748 1008; x_wconf 87' lang='lat' dir='ltr'>(addit)</span> <span class='ocrx_word' id='word_1_40' title='bbox 773 923 865 993; x_wconf 81' lang='lat' dir='ltr'><strong>MSS.</strong></span> <span class='ocrx_word' id='word_1_41' title='bbox 883 923 987 986; x_wconf 82' lang='lat' dir='ltr'>llselae</span> <span class='ocrx_word' id='word_1_42' title='bbox 1004 925 1090 985; x_wconf 87' lang='lat' dir='ltr'>codi-</span> 
     </span>
     <span class='ocr_line' id='line_1_6' title="bbox 48 1023 1089 1106; baseline 0.004 -24"><span class='ocrx_word' id='word_1_43' title='bbox 48 1041 121 1082; x_wconf 86' lang='lat' dir='ltr'>cum</span> <span class='ocrx_word' id='word_1_44' title='bbox 153 1025 254 1084; x_wconf 84' lang='lat' dir='ltr'>sidem</span> <span class='ocrx_word' id='word_1_45' title='bbox 290 1023 387 1086; x_wconf 87' lang='lat' dir='ltr'>secuti</span> <span class='ocrx_word' id='word_1_46' title='bbox 419 1025 541 1086; x_wconf 85' lang='lat' dir='ltr'>ibidem</span> <span class='ocrx_word' id='word_1_47' title='bbox 578 1024 722 1087; x_wconf 76' lang='lat' dir='ltr'>Baeticae</span> <span class='ocrx_word' id='word_1_48' title='bbox 745 1025 906 1106; x_wconf 85' lang='lat' dir='ltr'>¹oppidum</span> <span class='ocrx_word' id='word_1_49' title='bbox 941 1025 1089 1097; x_wconf 86' lang='lat' dir='ltr'>slatunnt,</span> 
     </span>
     <span class='ocr_line' id='line_1_7' title="bbox 46 1123 1089 1206; baseline 0.008 -24"><span class='ocrx_word' id='word_1_50' title='bbox 46 1143 146 1204; x_wconf 85' lang='lat' dir='ltr'>quum</span> <span class='ocrx_word' id='word_1_51' title='bbox 169 1145 208 1186; x_wconf 82' lang='lat' dir='ltr'>ex</span> <span class='ocrx_word' id='word_1_52' title='bbox 226 1123 430 1205; x_wconf 72' lang='lat' dir='ltr'>sequentibus</span> <span class='ocrx_word' id='word_1_53' title='bbox 446 1139 607 1206; x_wconf 82' lang='lat' dir='ltr'>appareat,</span> <span class='ocrx_word' id='word_1_54' title='bbox 631 1127 756 1188; x_wconf 83' lang='lat' dir='ltr'>literam</span> <span class='ocrx_word' id='word_1_55' title='bbox 779 1147 800 1186; x_wconf 89' lang='lat' dir='ltr'>n</span> <span class='ocrx_word' id='word_1_56' title='bbox 821 1127 855 1187; x_wconf 88' lang='lat' dir='ltr'>iu</span> <span class='ocrx_word' id='word_1_57' title='bbox 871 1127 960 1188; x_wconf 86' lang='lat' dir='ltr'>nullu</span> <span class='ocrx_word' id='word_1_58' title='bbox 979 1127 1089 1190; x_wconf 83' lang='lat' dir='ltr'>codice</span> 
     </span>
     <span class='ocr_line' id='line_1_8' title="bbox 46 1223 1087 1316; baseline 0.005 -30"><span class='ocrx_word' id='word_1_59' title='bbox 46 1225 190 1286; x_wconf 79' lang='lat' dir='ltr'>omissam</span> <span class='ocrx_word' id='word_1_60' title='bbox 210 1227 289 1298; x_wconf 85' lang='lat' dir='ltr'>esle;</span> <span class='ocrx_word' id='word_1_61' title='bbox 314 1241 346 1288; x_wconf 88' lang='lat' dir='ltr'>et</span> <span class='ocrx_word' id='word_1_62' title='bbox 363 1225 427 1309; x_wconf 90' lang='lat' dir='ltr'>ipse</span> <span class='ocrx_word' id='word_1_63' title='bbox 443 1241 549 1288; x_wconf 85' lang='lat' dir='ltr'>tamen</span> <span class='ocrx_word' id='word_1_64' title='bbox 565 1225 688 1290; x_wconf 86' lang='lat' dir='ltr'>rursum</span> <span class='ocrx_word' id='word_1_65' title='bbox 705 1245 797 1289; x_wconf 81' lang='lat' dir='ltr'>mox:</span> <span class='ocrx_word' id='word_1_66' title='bbox 830 1227 920 1308; x_wconf 83' lang='lat' dir='ltr'>Ergo</span> <span class='ocrx_word' id='word_1_67' title='bbox 933 1223 969 1316; x_wconf 85' lang='lat' dir='ltr'><em>fi</em></span> <span class='ocrx_word' id='word_1_68' title='bbox 989 1229 1087 1291; x_wconf 85' lang='lat' dir='ltr'><strong><em>MSS.</em></strong></span> 
     </span>
     <span class='ocr_line' id='line_1_9' title="bbox 46 1326 1089 1418; baseline 0.006 -34"><span class='ocrx_word' id='word_1_69' title='bbox 46 1326 395 1418; x_wconf 78' lang='lat' dir='ltr'>codicibnsstandnrn.</span> <span class='ocrx_word' id='word_1_70' title='bbox 421 1329 530 1408; x_wconf 79' lang='lat' dir='ltr'>patria</span> <span class='ocrx_word' id='word_1_71' title='bbox 551 1327 659 1390; x_wconf 83' lang='lat' dir='ltr'>Meloe</span> <span class='ocrx_word' id='word_1_72' title='bbox 679 1331 736 1390; x_wconf 77' lang='lat' dir='ltr'>erit</span> <span class='ocrx_word' id='word_1_73' title='bbox 759 1327 1013 1410; x_wconf 81' lang='lat' dir='ltr'>Cirrgeteratum‚</span> <span class='ocrx_word' id='word_1_74' title='bbox 1038 1327 1089 1391; x_wconf 84' lang='lat' dir='ltr'>vel</span> 
     </span>
     <span class='ocr_line' id='line_1_10' title="bbox 49 1427 1090 1510; baseline 0.004 -24"><span class='ocrx_word' id='word_1_75' title='bbox 49 1429 252 1508; x_wconf 76' lang='lat' dir='ltr'>Tingentera.</span> <span class='ocrx_word' id='word_1_76' title='bbox 304 1427 405 1492; x_wconf 87' lang='lat' dir='ltr'>Porro</span> <span class='ocrx_word' id='word_1_77' title='bbox 425 1431 520 1492; x_wconf 90' lang='lat' dir='ltr'>etiam</span> <span class='ocrx_word' id='word_1_78' title='bbox 537 1429 613 1490; x_wconf 87' lang='lat' dir='ltr'>inde</span> <span class='ocrx_word' id='word_1_79' title='bbox 633 1431 700 1492; x_wconf 88' lang='lat' dir='ltr'>fieri</span> <span class='ocrx_word' id='word_1_80' title='bbox 722 1429 837 1492; x_wconf 83' lang='lat' dir='ltr'>(lebete</span> <span class='ocrx_word' id='word_1_81' title='bbox 864 1429 960 1510; x_wconf 80' lang='lat' dir='ltr'>Tinge</span> <span class='ocrx_word' id='word_1_82' title='bbox 979 1430 1090 1491; x_wconf 82' lang='lat' dir='ltr'>Cetro-</span> 
     </span>
     <span class='ocr_line' id='line_1_11' title="bbox 44 1527 1089 1614; baseline 0.004 -26"><span class='ocrx_word' id='word_1_83' title='bbox 44 1531 108 1599; x_wconf 84' lang='lat' dir='ltr'>rr&#39;a,</span> <span class='ocrx_word' id='word_1_84' title='bbox 136 1549 305 1611; x_wconf 83' lang='lat' dir='ltr'>nunquam</span> <span class='ocrx_word' id='word_1_85' title='bbox 323 1531 406 1591; x_wconf 88' lang='lat' dir='ltr'>mihi</span> <span class='ocrx_word' id='word_1_86' title='bbox 430 1529 579 1612; x_wconf 84' lang='lat' dir='ltr'>persnasr,</span> <span class='ocrx_word' id='word_1_87' title='bbox 605 1545 638 1594; x_wconf 88' lang='lat' dir='ltr'>et</span> <span class='ocrx_word' id='word_1_88' title='bbox 658 1533 751 1614; x_wconf 85' lang='lat' dir='ltr'>plane</span> <span class='ocrx_word' id='word_1_89' title='bbox 769 1531 801 1590; x_wconf 89' lang='lat' dir='ltr'>in</span> <span class='ocrx_word' id='word_1_90' title='bbox 825 1549 865 1592; x_wconf 85' lang='lat' dir='ltr'>eo</span> <span class='ocrx_word' id='word_1_91' title='bbox 885 1527 1089 1592; x_wconf 74' lang='lat' dir='ltr'>clarissimum</span> 
     </span>
     <span class='ocr_line' id='line_1_12' title="bbox 44 1617 1089 1714; baseline 0.005 -25"><span class='ocrx_word' id='word_1_92' title='bbox 44 1633 150 1691; x_wconf 84' lang='lat' dir='ltr'>rimm</span> <span class='ocrx_word' id='word_1_93' title='bbox 179 1617 247 1692; x_wconf 85' lang='lat' dir='ltr'>tam</span> <span class='ocrx_word' id='word_1_94' title='bbox 274 1629 379 1694; x_wconf 85' lang='lat' dir='ltr'>censui</span> <span class='ocrx_word' id='word_1_95' title='bbox 408 1631 468 1694; x_wconf 84' lang='lat' dir='ltr'>esse</span> <span class='ocrx_word' id='word_1_96' title='bbox 492 1651 622 1703; x_wconf 84' lang='lat' dir='ltr'>rerum,</span> <span class='ocrx_word' id='word_1_97' title='bbox 664 1651 761 1714; x_wconf 87' lang='lat' dir='ltr'>quam</span> <span class='ocrx_word' id='word_1_98' title='bbox 784 1631 827 1694; x_wconf 80' lang='lat' dir='ltr'>esl</span> <span class='ocrx_word' id='word_1_99' title='bbox 847 1633 881 1692; x_wconf 90' lang='lat' dir='ltr'>in</span> <span class='ocrx_word' id='word_1_100' title='bbox 902 1633 1089 1696; x_wconf 82' lang='lat' dir='ltr'>Salmasrana</span> 
     </span>
     <span class='ocr_line' id='line_1_13' title="bbox 44 1729 1088 1804; baseline 0.005 -13"><span class='ocrx_word' id='word_1_101' title='bbox 44 1736 229 1793; x_wconf 84' lang='lat' dir='ltr'>coniectura</span> <span class='ocrx_word' id='word_1_102' title='bbox 250 1730 432 1795; x_wconf 82' lang='lat' dir='ltr'>resellenrla.</span> <span class='ocrx_word' id='word_1_103' title='bbox 493 1735 530 1794; x_wconf 83' lang='lat' dir='ltr'>ld</span> <span class='ocrx_word' id='word_1_104' title='bbox 559 1735 646 1796; x_wconf 86' lang='lat' dir='ltr'>enim</span> <span class='ocrx_word' id='word_1_105' title='bbox 665 1747 702 1793; x_wconf 90' lang='lat' dir='ltr'>ut</span> <span class='ocrx_word' id='word_1_106' title='bbox 726 1731 833 1804; x_wconf 81' lang='lat' dir='ltr'>saciat.</span> <span class='ocrx_word' id='word_1_107' title='bbox 866 1729 983 1796; x_wconf 80' lang='lat' dir='ltr'>innuat</span> <span class='ocrx_word' id='word_1_108' title='bbox 1006 1733 1088 1796; x_wconf 89' lang='lat' dir='ltr'>hanc</span> 
     </span>
     <span class='ocr_line' id='line_1_14' title="bbox 45 1822 1088 1914; baseline 0.004 -20"><span class='ocrx_word' id='word_1_109' title='bbox 45 1822 209 1900; x_wconf 68' lang='grc' dir='ltr'><strong><em>διάταξιν.</em></strong></span> <span class='ocrx_word' id='word_1_110' title='bbox 261 1833 321 1914; x_wconf 82' lang='lat' dir='ltr'>„st</span> <span class='ocrx_word' id='word_1_111' title='bbox 347 1835 489 1898; x_wconf 72' lang='lat' dir='ltr'>nominis</span> <span class='ocrx_word' id='word_1_112' title='bbox 515 1849 639 1896; x_wconf 89' lang='lat' dir='ltr'>tantum</span> <span class='ocrx_word' id='word_1_113' title='bbox 662 1836 699 1898; x_wconf 86' lang='lat' dir='ltr'>sit</span> <span class='ocrx_word' id='word_1_114' title='bbox 718 1835 961 1904; x_wconf 79' lang='lat' dir='ltr'>convenientia.</span> <span class='ocrx_word' id='word_1_115' title='bbox 994 1835 1088 1898; x_wconf 89' lang='lat' dir='ltr'>utili</span> 
     </span>
     <span class='ocr_line' id='line_1_15' title="bbox 44 1935 1087 2020; baseline 0.006 -28"><span class='ocrx_word' id='word_1_116' title='bbox 44 1937 112 2016; x_wconf 79' lang='lat' dir='ltr'>quir</span> <span class='ocrx_word' id='word_1_117' title='bbox 129 1935 359 2020; x_wconf 81' lang='lat' dir='ltr'>Carthaginem</span> <span class='ocrx_word' id='word_1_118' title='bbox 377 1955 494 1996; x_wconf 84' lang='lat' dir='ltr'>novam</span> <span class='ocrx_word' id='word_1_119' title='bbox 512 1938 640 1998; x_wconf 88' lang='lat' dir='ltr'>alteram</span> <span class='ocrx_word' id='word_1_120' title='bbox 659 1936 896 2020; x_wconf 81' lang='lat' dir='ltr'>Carthaginem,</span> <span class='ocrx_word' id='word_1_121' title='bbox 920 1949 974 1998; x_wconf 80' lang='lat' dir='ltr'>aut</span> <span class='ocrx_word' id='word_1_122' title='bbox 991 1937 1087 1998; x_wconf 83' lang='lat' dir='ltr'>Athe·</span> 
     </span>
     <span class='ocr_line' id='line_1_16' title="bbox 44 2035 1087 2116; baseline 0.006 -20"><span class='ocrx_word' id='word_1_123' title='bbox 44 2057 96 2098; x_wconf 81' lang='lat' dir='ltr'>nar</span> <span class='ocrx_word' id='word_1_124' title='bbox 119 2041 154 2098; x_wconf 87' lang='lat' dir='ltr'>in</span> <span class='ocrx_word' id='word_1_125' title='bbox 180 2035 284 2116; x_wconf 83' lang='lat' dir='ltr'>Libya</span> <span class='ocrx_word' id='word_1_126' title='bbox 304 2038 416 2098; x_wconf 82' lang='lat' dir='ltr'>alterae</span> <span class='ocrx_word' id='word_1_127' title='bbox 437 2038 591 2110; x_wconf 78' lang='lat' dir='ltr'>Athenae,</span> <span class='ocrx_word' id='word_1_128' title='bbox 624 2053 678 2098; x_wconf 88' lang='lat' dir='ltr'>aut</span> <span class='ocrx_word' id='word_1_129' title='bbox 706 2039 762 2100; x_wconf 78' lang='lat' dir='ltr'>han</span> <span class='ocrx_word' id='word_1_130' title='bbox 783 2037 835 2098; x_wconf 83' lang='lat' dir='ltr'>vel</span> <span class='ocrx_word' id='word_1_131' title='bbox 863 2037 933 2100; x_wconf 82' lang='lat' dir='ltr'>issae</span> <span class='ocrx_word' id='word_1_132' title='bbox 959 2037 1087 2102; x_wconf 78' lang='lat' dir='ltr'>Thebas</span> 
     </span>
     <span class='ocr_line' id='line_1_17' title="bbox 44 2136 1088 2222; baseline 0.004 -26"><span class='ocrx_word' id='word_1_133' title='bbox 44 2139 152 2200; x_wconf 82' lang='lat' dir='ltr'>alterae</span> <span class='ocrx_word' id='word_1_134' title='bbox 177 2136 322 2200; x_wconf 83' lang='lat' dir='ltr'>absolute</span> <span class='ocrx_word' id='word_1_135' title='bbox 345 2139 472 2200; x_wconf 80' lang='lat' dir='ltr'>Thebas</span> <span class='ocrx_word' id='word_1_136' title='bbox 491 2139 621 2209; x_wconf 84' lang='lat' dir='ltr'>vocarit,</span> <span class='ocrx_word' id='word_1_137' title='bbox 655 2141 763 2200; x_wconf 76' lang='lat' dir='ltr'>innon</span> <span class='ocrx_word' id='word_1_138' title='bbox 786 2151 910 2200; x_wconf 84' lang='lat' dir='ltr'>tantum</span> <span class='ocrx_word' id='word_1_139' title='bbox 928 2139 1088 2222; x_wconf 86' lang='lat' dir='ltr'>inelegan-</span> 
     </span>
     <span class='ocr_line' id='line_1_18' title="bbox 44 2239 1087 2324; baseline 0.002 -26"><span class='ocrx_word' id='word_1_140' title='bbox 44 2253 106 2308; x_wconf 79' lang='lat' dir='ltr'>ter,</span> <span class='ocrx_word' id='word_1_141' title='bbox 139 2239 193 2302; x_wconf 90' lang='lat' dir='ltr'>sed</span> <span class='ocrx_word' id='word_1_142' title='bbox 218 2259 322 2321; x_wconf 84' lang='lat' dir='ltr'>neque</span> <span class='ocrx_word' id='word_1_143' title='bbox 346 2239 457 2300; x_wconf 75' lang='lat' dir='ltr'>usitato</span> <span class='ocrx_word' id='word_1_144' title='bbox 480 2261 570 2302; x_wconf 89' lang='lat' dir='ltr'>ruore</span> <span class='ocrx_word' id='word_1_145' title='bbox 595 2239 780 2321; x_wconf 76' lang='lat' dir='ltr'>loquetur.“</span> <span class='ocrx_word' id='word_1_146' title='bbox 838 2241 884 2300; x_wconf 87' lang='lat' dir='ltr'>Ea</span> <span class='ocrx_word' id='word_1_147' title='bbox 904 2241 984 2302; x_wconf 89' lang='lat' dir='ltr'>nibil</span> <span class='ocrx_word' id='word_1_148' title='bbox 1008 2241 1087 2324; x_wconf 84' lang='lat' dir='ltr'>fingi</span> 
     </span>
     <span class='ocr_line' id='line_1_19' title="bbox 44 2339 1085 2423; baseline 0.002 -23"><span class='ocrx_word' id='word_1_149' title='bbox 44 2343 126 2421; x_wconf 89' lang='lat' dir='ltr'>posse</span> <span class='ocrx_word' id='word_1_150' title='bbox 146 2343 279 2410; x_wconf 76' lang='lat' dir='ltr'>vanius.</span> <span class='ocrx_word' id='word_1_151' title='bbox 311 2341 364 2402; x_wconf 86' lang='lat' dir='ltr'>vel</span> <span class='ocrx_word' id='word_1_152' title='bbox 384 2339 486 2422; x_wconf 88' lang='lat' dir='ltr'>ipsum</span> <span class='ocrx_word' id='word_1_153' title='bbox 504 2341 606 2404; x_wconf 83' lang='lat' dir='ltr'>Melae</span> <span class='ocrx_word' id='word_1_154' title='bbox 629 2341 691 2402; x_wconf 89' lang='lat' dir='ltr'>hoc</span> <span class='ocrx_word' id='word_1_155' title='bbox 712 2343 942 2423; x_wconf 84' lang='lat' dir='ltr'>compendium</span> <span class='ocrx_word' id='word_1_156' title='bbox 964 2341 1085 2422; x_wconf 86' lang='lat' dir='ltr'>probat,</span> 
     </span>
     <span class='ocr_line' id='line_1_20' title="bbox 47 2441 1083 2524; baseline 0.006 -23"><span class='ocrx_word' id='word_1_157' title='bbox 47 2441 209 2504; x_wconf 80' lang='lat' dir='ltr'>scribentis</span> <span class='ocrx_word' id='word_1_158' title='bbox 233 2442 290 2504; x_wconf 87' lang='lat' dir='ltr'>lib.</span> <span class='ocrx_word' id='word_1_159' title='bbox 318 2463 347 2504; x_wconf 89' lang='grc' dir='ltr'>ι.</span> <span class='ocrx_word' id='word_1_160' title='bbox 371 2461 398 2504; x_wconf 87' lang='lat' dir='ltr'>c.</span> <span class='ocrx_word' id='word_1_161' title='bbox 424 2457 457 2516; x_wconf 89' lang='lat'>7.</span> <span class='ocrx_word' id='word_1_162' title='bbox 493 2443 570 2502; x_wconf 90' lang='lat' dir='ltr'>ann</span> <span class='ocrx_word' id='word_1_163' title='bbox 593 2441 706 2524; x_wconf 81' lang='lat' dir='ltr'>Leptis</span> <span class='ocrx_word' id='word_1_164' title='bbox 735 2442 856 2515; x_wconf 67' lang='lat' dir='ltr'>alteror</span> <span class='ocrx_word' id='word_1_165' title='bbox 906 2457 938 2504; x_wconf 81' lang='lat' dir='ltr'>et</span> <span class='ocrx_word' id='word_1_166' title='bbox 967 2443 1022 2502; x_wconf 89' lang='lat' dir='ltr'>lib.</span> <span class='ocrx_word' id='word_1_167' title='bbox 1053 2463 1083 2506; x_wconf 84' lang='lat' dir='ltr'>r.</span> 
     </span>
     <span class='ocr_line' id='line_1_21' title="bbox 48 2537 1083 2630; baseline 0.002 -26"><span class='ocrx_word' id='word_1_168' title='bbox 48 2565 73 2606; x_wconf 84' lang='lat' dir='ltr'>c.</span> <span class='ocrx_word' id='word_1_169' title='bbox 91 2557 149 2624; x_wconf 66' lang='lat'>14.</span> <span class='ocrx_word' id='word_1_170' title='bbox 171 2544 256 2604; x_wconf 79' lang='lat' dir='ltr'>oller</span> <span class='ocrx_word' id='word_1_171' title='bbox 265 2537 408 2630; x_wconf 84' lang='lat' dir='ltr'>fluvius,·</span> <span class='ocrx_word' id='word_1_172' title='bbox 432 2543 487 2606; x_wconf 91' lang='lat' dir='ltr'>lib.</span> <span class='ocrx_word' id='word_1_173' title='bbox 508 2559 540 2604; x_wconf 78' lang='lat' dir='ltr'>a.</span> <span class='ocrx_word' id='word_1_174' title='bbox 557 2563 584 2605; x_wconf 93' lang='lat' dir='ltr'>c.</span> <span class='ocrx_word' id='word_1_175' title='bbox 601 2559 636 2622; x_wconf 79' lang='lat'>4.</span> <span class='ocrx_word' id='word_1_176' title='bbox 659 2543 747 2604; x_wconf 82' lang='lat' dir='ltr'>satns</span> <span class='ocrx_word' id='word_1_177' title='bbox 760 2542 911 2615; x_wconf 68' lang='lat' dir='ltr'>alterum</span> <span class='ocrx_word' id='word_1_178' title='bbox 937 2559 968 2605; x_wconf 82' lang='lat' dir='ltr'>ct</span> <span class='ocrx_word' id='word_1_179' title='bbox 982 2543 1037 2604; x_wconf 90' lang='lat' dir='ltr'>lib.</span> <span class='ocrx_word' id='word_1_180' title='bbox 1052 2557 1083 2622; x_wconf 80' lang='lat'>3.</span> 
     </span>
     <span class='ocr_line' id='line_1_22' title="bbox 48 2643 1085 2722; baseline -0.002 -16"><span class='ocrx_word' id='word_1_181' title='bbox 48 2665 75 2706; x_wconf 83' lang='lat' dir='ltr'>c.-</span> <span class='ocrx_word' id='word_1_182' title='bbox 91 2659 125 2722; x_wconf 79' lang='lat'>[3.</span> <span class='ocrx_word' id='word_1_183' title='bbox 153 2659 187 2705; x_wconf 84' lang='lat' dir='ltr'>et</span> <span class='ocrx_word' id='word_1_184' title='bbox 208 2645 274 2704; x_wconf 80' lang='lat' dir='ltr'>alia</span> <span class='ocrx_word' id='word_1_185' title='bbox 297 2645 457 2706; x_wconf 83' lang='lat' dir='ltr'>Bernrrice.</span> <span class='ocrx_word' id='word_1_186' title='bbox 510 2643 606 2704; x_wconf 86' lang='lat' dir='ltr'>Nulla</span> <span class='ocrx_word' id='word_1_187' title='bbox 631 2644 683 2705; x_wconf 82' lang='lat' dir='ltr'>hic</span> <span class='ocrx_word' id='word_1_188' title='bbox 702 2643 875 2706; x_wconf 77' lang='lat' dir='ltr'>similitudo</span> <span class='ocrx_word' id='word_1_189' title='bbox 895 2647 941 2706; x_wconf 90' lang='lat' dir='ltr'>rei</span> <span class='ocrx_word' id='word_1_190' title='bbox 962 2657 994 2706; x_wconf 86' lang='lat' dir='ltr'>et</span> <span class='ocrx_word' id='word_1_191' title='bbox 1019 2657 1085 2704; x_wconf 87' lang='lat' dir='ltr'>tan·</span> 
     </span>
     <span class='ocr_line' id='line_1_23' title="bbox 47 2740 1085 2826; baseline 0.001 -19"><span class='ocrx_word' id='word_1_192' title='bbox 47 2762 113 2808; x_wconf 86' lang='lat' dir='ltr'>mm</span> <span class='ocrx_word' id='word_1_193' title='bbox 130 2747 298 2818; x_wconf 78' lang='lat' dir='ltr'>nominia3</span> <span class='ocrx_word' id='word_1_194' title='bbox 328 2757 361 2804; x_wconf 90' lang='lat' dir='ltr'>et</span> <span class='ocrx_word' id='word_1_195' title='bbox 379 2743 418 2806; x_wconf 80' lang='lat' dir='ltr'>stc</span> <span class='ocrx_word' id='word_1_196' title='bbox 439 2740 550 2826; x_wconf 72' lang='lat' dir='ltr'>passim</span> <span class='ocrx_word' id='word_1_197' title='bbox 569 2745 608 2806; x_wconf 86' lang='lat' dir='ltr'>ab</span> <span class='ocrx_word' id='word_1_198' title='bbox 633 2747 701 2806; x_wconf 81' lang='lat' dir='ltr'>aliis</span> <span class='ocrx_word' id='word_1_199' title='bbox 725 2747 791 2808; x_wconf 83' lang='lat' dir='ltr'>steri</span> <span class='ocrx_word' id='word_1_200' title='bbox 815 2743 903 2808; x_wconf 85' lang='lat' dir='ltr'>soler.</span> <span class='ocrx_word' id='word_1_201' title='bbox 955 2747 1004 2806; x_wconf 82' lang='lat' dir='ltr'>Ex</span> <span class='ocrx_word' id='word_1_202' title='bbox 1024 2763 1085 2826; x_wconf 87' lang='lat' dir='ltr'>qna</span> 
     </span>
     <span class='ocr_line' id='line_1_24' title="bbox 45 2841 1083 2932; baseline -0.003 -23"><span class='ocrx_word' id='word_1_203' title='bbox 45 2851 154 2910; x_wconf 85' lang='lat' dir='ltr'>eadem</span> <span class='ocrx_word' id='word_1_204' title='bbox 183 2845 404 2908; x_wconf 84' lang='lat' dir='ltr'>observatione</span> <span class='ocrx_word' id='word_1_205' title='bbox 428 2844 553 2928; x_wconf 84' lang='lat' dir='ltr'>prorsne</span> <span class='ocrx_word' id='word_1_206' title='bbox 576 2841 786 2932; x_wconf 65' lang='lat' dir='ltr'>iillryprrrnc‘n</span> <span class='ocrx_word' id='word_1_207' title='bbox 809 2847 868 2908; x_wconf 86' lang='lat' dir='ltr'>elle</span> <span class='ocrx_word' id='word_1_208' title='bbox 898 2849 1083 2928; x_wconf 82' lang='lat' dir='ltr'>pronuntio,</span> 
     </span>
     <span class='ocr_line' id='line_1_25' title="bbox 46 2945 1084 3038; baseline -0.003 -28"><span class='ocrx_word' id='word_1_209' title='bbox 46 2954 182 3034; x_wconf 81' lang='lat' dir='ltr'>cogitare</span> <span class='ocrx_word' id='word_1_210' title='bbox 218 2947 274 3008; x_wconf 92' lang='lat' dir='ltr'>lib.</span> <span class='ocrx_word' id='word_1_211' title='bbox 301 2963 333 3009; x_wconf 81' lang='lat'>2.</span> <span class='ocrx_word' id='word_1_212' title='bbox 361 2967 389 3008; x_wconf 90' lang='lat' dir='ltr'>c.</span> <span class='ocrx_word' id='word_1_213' title='bbox 416 2965 446 3009; x_wconf 79' lang='lat'>2.</span> <span class='ocrx_word' id='word_1_214' title='bbox 473 2945 616 3032; x_wconf 75' lang='lat' dir='ltr'>scripsisse</span> <span class='ocrx_word' id='word_1_215' title='bbox 648 2961 828 3018; x_wconf 84' lang='lat' dir='ltr'>auctorem,</span> <span class='ocrx_word' id='word_1_216' title='bbox 868 2961 935 3008; x_wconf 83' lang='lat' dir='ltr'>nnn</span> <span class='ocrx_word' id='word_1_217' title='bbox 968 2947 1084 3038; x_wconf 58' lang='lat' dir='ltr'>ul&#39;rslns</span> 
     </span>
     <span class='ocr_line' id='line_1_26' title="bbox 35 3046 1083 3138; baseline -0.003 -27"><span class='ocrx_word' id='word_1_218' title='bbox 35 3046 169 3138; x_wconf 76' lang='lat' dir='ltr'>flrrvins.</span> <span class='ocrx_word' id='word_1_219' title='bbox 223 3047 258 3112; x_wconf 86' lang='lat' dir='ltr'>st</span> <span class='ocrx_word' id='word_1_220' title='bbox 277 3049 365 3110; x_wconf 88' lang='lat' dir='ltr'>enim</span> <span class='ocrx_word' id='word_1_221' title='bbox 382 3049 420 3108; x_wconf 83' lang='lat' dir='ltr'>fic</span> <span class='ocrx_word' id='word_1_222' title='bbox 437 3047 603 3131; x_wconf 76' lang='lat' dir='ltr'>scripsisset.</span> <span class='ocrx_word' id='word_1_223' title='bbox 631 3069 669 3110; x_wconf 83' lang='lat' dir='ltr'>ex</span> <span class='ocrx_word' id='word_1_224' title='bbox 692 3063 843 3132; x_wconf 86' lang='lat' dir='ltr'>perpetua</span> <span class='ocrx_word' id='word_1_225' title='bbox 863 3051 931 3110; x_wconf 78' lang='lat' dir='ltr'>eins</span> <span class='ocrx_word' id='word_1_226' title='bbox 953 3049 1083 3126; x_wconf 81' lang='lat' dir='ltr'>consue·</span> 
     </span>
     <span class='ocr_line' id='line_1_27' title="bbox 44 3147 1084 3240; baseline -0.002 -28"><span class='ocrx_word' id='word_1_227' title='bbox 44 3155 155 3213; x_wconf 86' lang='lat' dir='ltr'>tudine</span> <span class='ocrx_word' id='word_1_228' title='bbox 179 3153 277 3214; x_wconf 89' lang='lat' dir='ltr'>etiam</span> <span class='ocrx_word' id='word_1_229' title='bbox 302 3150 403 3212; x_wconf 76' lang='lat' dir='ltr'>statim</span> <span class='ocrx_word' id='word_1_230' title='bbox 427 3149 494 3232; x_wconf 91' lang='lat' dir='ltr'>post</span> <span class='ocrx_word' id='word_1_231' title='bbox 523 3149 696 3232; x_wconf 76' lang='lat' dir='ltr'>scripsisset:</span> <span class='ocrx_word' id='word_1_232' title='bbox 741 3149 774 3212; x_wconf 90' lang='lat' dir='ltr'><em>V</em></span> <span class='ocrx_word' id='word_1_233' title='bbox 774 3150 838 3212; x_wconf 83' lang='lat' dir='ltr'>stra</span> <span class='ocrx_word' id='word_1_234' title='bbox 864 3147 981 3240; x_wconf 69' lang='lat' dir='ltr'>Ntssor</span> <span class='ocrx_word' id='word_1_235' title='bbox 1003 3151 1084 3211; x_wconf 79' lang='lat' dir='ltr'>alter</span> 
     </span>
     <span class='ocr_line' id='line_1_28' title="bbox 41 3248 1083 3340; baseline -0.001 -27"><span class='ocrx_word' id='word_1_236' title='bbox 41 3249 124 3340; x_wconf 76' lang='lat' dir='ltr'>fluit.</span> <span class='ocrx_word' id='word_1_237' title='bbox 178 3252 279 3335; x_wconf 87' lang='lat' dir='ltr'>Quod</span> <span class='ocrx_word' id='word_1_238' title='bbox 305 3271 404 3332; x_wconf 87' lang='lat' dir='ltr'>qunm</span> <span class='ocrx_word' id='word_1_239' title='bbox 438 3269 504 3312; x_wconf 91' lang='lat' dir='ltr'>non</span> <span class='ocrx_word' id='word_1_240' title='bbox 537 3248 867 3334; x_wconf 63' lang='lat' dir='ltr'>iecerit‚1alligamtra</span> <span class='ocrx_word' id='word_1_241' title='bbox 895 3249 1083 3312; x_wconf 84' lang='lat' dir='ltr'>sententiam</span> 
     </span>
     <span class='ocr_line' id='line_1_29' title="bbox 42 3351 1082 3451; baseline -0.001 -35"><span class='ocrx_word' id='word_1_242' title='bbox 42 3355 189 3425; x_wconf 85' lang='lat' dir='ltr'>noslram,</span> <span class='ocrx_word' id='word_1_243' title='bbox 219 3354 280 3414; x_wconf 88' lang='lat' dir='ltr'>boc</span> <span class='ocrx_word' id='word_1_244' title='bbox 302 3351 354 3422; x_wconf 79' lang='lat' dir='ltr'>ett.</span> <span class='ocrx_word' id='word_1_245' title='bbox 380 3372 512 3414; x_wconf 84' lang='lat' dir='ltr'>manum</span> <span class='ocrx_word' id='word_1_246' title='bbox 528 3351 701 3434; x_wconf 89' lang='lat' dir='ltr'>Pomponis</span> <span class='ocrx_word' id='word_1_247' title='bbox 723 3353 924 3451; x_wconf 35' lang='lat' dir='ltr'>librictmanu</span> <span class='ocrx_word' id='word_1_248' title='bbox 940 3355 1082 3415; x_wconf 76' lang='lat' dir='ltr'>exaratio.</span> 
     </span>
     <span class='ocr_line' id='line_1_30' title="bbox 44 3452 1082 3538; baseline -0.005 -19"><span class='ocrx_word' id='word_1_249' title='bbox 44 3457 109 3538; x_wconf 88' lang='lat' dir='ltr'>lpsa</span> <span class='ocrx_word' id='word_1_250' title='bbox 132 3471 243 3517; x_wconf 90' lang='lat' dir='ltr'>autem</span> <span class='ocrx_word' id='word_1_251' title='bbox 267 3453 343 3514; x_wconf 86' lang='lat' dir='ltr'>haec</span> <span class='ocrx_word' id='word_1_252' title='bbox 361 3453 509 3514; x_wconf 82' lang='lat' dir='ltr'>Cetraria</span> <span class='ocrx_word' id='word_1_253' title='bbox 526 3452 618 3525; x_wconf 80' lang='lat' dir='ltr'>lacit,</span> <span class='ocrx_word' id='word_1_254' title='bbox 645 3453 872 3534; x_wconf 82' lang='lat' dir='ltr'>utaliquando</span> <span class='ocrx_word' id='word_1_255' title='bbox 895 3467 928 3516; x_wconf 84' lang='lat' dir='ltr'>et</span> <span class='ocrx_word' id='word_1_256' title='bbox 950 3455 1082 3514; x_wconf 81' lang='lat' dir='ltr'>Panna·</span> 
     </span>
     <span class='ocr_line' id='line_1_31' title="bbox 45 3553 1082 3640; baseline -0.001 -22"><span class='ocrx_word' id='word_1_257' title='bbox 45 3563 121 3619; x_wconf 81' lang='lat' dir='ltr'>riom</span> <span class='ocrx_word' id='word_1_258' title='bbox 148 3555 242 3640; x_wconf 87' lang='lat' dir='ltr'>(imo</span> <span class='ocrx_word' id='word_1_259' title='bbox 264 3555 358 3616; x_wconf 85' lang='lat' dir='ltr'>talem</span> <span class='ocrx_word' id='word_1_260' title='bbox 380 3555 590 3636; x_wconf 71' lang='lat' dir='ltr'>propinquam</span> <span class='ocrx_word' id='word_1_261' title='bbox 614 3555 721 3616; x_wconf 82' lang='lat' dir='ltr'>ltaliae</span> <span class='ocrx_word' id='word_1_262' title='bbox 744 3553 879 3616; x_wconf 84' lang='lat' dir='ltr'>insulam</span> <span class='ocrx_word' id='word_1_263' title='bbox 900 3555 978 3615; x_wconf 86' lang='lat' dir='ltr'>olim</span> <span class='ocrx_word' id='word_1_264' title='bbox 1002 3553 1082 3617; x_wconf 81' lang='lat' dir='ltr'>sece-</span> 
     </span>
     <span class='ocr_line' id='line_1_32' title="bbox 45 3653 1080 3741; baseline -0.004 -21"><span class='ocrx_word' id='word_1_265' title='bbox 45 3675 110 3720; x_wconf 84' lang='lat' dir='ltr'>nnt</span> <span class='ocrx_word' id='word_1_266' title='bbox 131 3661 189 3720; x_wconf 88' lang='lat' dir='ltr'>lib.</span> <span class='ocrx_word' id='word_1_267' title='bbox 211 3674 243 3720; x_wconf 89' lang='lat'>2.</span> <span class='ocrx_word' id='word_1_268' title='bbox 267 3677 295 3718; x_wconf 89' lang='lat' dir='ltr'>c.</span> <span class='ocrx_word' id='word_1_269' title='bbox 316 3671 348 3730; x_wconf 84' lang='lat'>7.</span> <span class='ocrx_word' id='word_1_270' title='bbox 378 3653 429 3717; x_wconf 86' lang='lat' dir='ltr'>sed</span> <span class='ocrx_word' id='word_1_271' title='bbox 447 3656 609 3717; x_wconf 80' lang='lat' dir='ltr'>Palmaria</span> <span class='ocrx_word' id='word_1_272' title='bbox 631 3675 700 3718; x_wconf 84' lang='lat' dir='ltr'>eom</span> <span class='ocrx_word' id='word_1_273' title='bbox 716 3657 831 3741; x_wconf 87' lang='lat' dir='ltr'>eiecit)</span> <span class='ocrx_word' id='word_1_274' title='bbox 857 3671 889 3718; x_wconf 88' lang='lat' dir='ltr'>et</span> <span class='ocrx_word' id='word_1_275' title='bbox 911 3655 1080 3716; x_wconf 82' lang='lat' dir='ltr'>lsaslariam</span> 
     </span>
    </p>
   </div>
   <div class='ocr_carea' id='block_1_3' title="bbox 47 3754 1184 3838">
    <p class='ocr_par' dir='ltr' id='par_1_3' title="bbox 47 3754 1184 3838">
     <span class='ocr_line' id='line_1_33' title="bbox 47 3754 1184 3838; baseline 0 -18"><span class='ocrx_word' id='word_1_276' title='bbox 47 3777 95 3821; x_wconf 83' lang='lat' dir='ltr'>aut</span> <span class='ocrx_word' id='word_1_277' title='bbox 109 3758 299 3824; x_wconf 84' lang='lat' dir='ltr'>Sarissariam</span> <span class='ocrx_word' id='word_1_278' title='bbox 315 3754 542 3838; x_wconf 76' lang='lat' dir='ltr'>exspectemus.</span> <span class='ocrx_word' id='word_1_279' title='bbox 576 3759 620 3819; x_wconf 83' lang='lat' dir='ltr'>Et</span> <span class='ocrx_word' id='word_1_280' title='bbox 634 3775 689 3818; x_wconf 90' lang='lat' dir='ltr'>cur</span> <span class='ocrx_word' id='word_1_281' title='bbox 705 3777 770 3818; x_wconf 89' lang='lat' dir='ltr'>non</span> <span class='ocrx_word' id='word_1_282' title='bbox 787 3755 907 3818; x_wconf 83' lang='lat' dir='ltr'>suffecit</span> <span class='ocrx_word' id='word_1_283' title='bbox 924 3757 1082 3820; x_wconf 80' lang='lat' dir='ltr'>Cetrata?</span> <span class='ocrx_word' id='word_1_284' title='bbox 1170 3827 1184 3838; x_wconf 90' lang='lat'><strong>.</strong></span> 
     </span>
    </p>
   </div>
   <div class='ocr_carea' id='block_1_4' title="bbox 46 3853 1081 4248">
    <p class='ocr_par' dir='ltr' id='par_1_4' title="bbox 46 3853 1081 4248">
     <span class='ocr_line' id='line_1_34' title="bbox 46 3853 1081 3944; baseline -0.002 -22"><span class='ocrx_word' id='word_1_285' title='bbox 46 3863 110 3924; x_wconf 82' lang='lat' dir='ltr'>Nor</span> <span class='ocrx_word' id='word_1_286' title='bbox 125 3863 260 3944; x_wconf 85' lang='lat' dir='ltr'>quidem</span> <span class='ocrx_word' id='word_1_287' title='bbox 276 3861 317 3918; x_wconf 85' lang='lat' dir='ltr'>ita</span> <span class='ocrx_word' id='word_1_288' title='bbox 333 3859 384 3918; x_wconf 88' lang='lat' dir='ltr'>bic</span> <span class='ocrx_word' id='word_1_289' title='bbox 401 3855 569 3928; x_wconf 81' lang='lat' dir='ltr'>versamur,</span> <span class='ocrx_word' id='word_1_290' title='bbox 596 3873 634 3920; x_wconf 94' lang='lat' dir='ltr'>ut</span> <span class='ocrx_word' id='word_1_291' title='bbox 648 3859 731 3918; x_wconf 91' lang='lat' dir='ltr'>nibil</span> <span class='ocrx_word' id='word_1_292' title='bbox 748 3859 902 3920; x_wconf 83' lang='lat' dir='ltr'>excudere</span> <span class='ocrx_word' id='word_1_293' title='bbox 917 3853 1081 3940; x_wconf 77' lang='lat' dir='ltr'>pollimur,</span> 
     </span>
     <span class='ocr_line' id='line_1_35' title="bbox 47 3959 1080 4042; baseline -0.003 -18"><span class='ocrx_word' id='word_1_294' title='bbox 47 3979 93 4024; x_wconf 87' lang='lat' dir='ltr'>aot</span> <span class='ocrx_word' id='word_1_295' title='bbox 114 3963 185 4024; x_wconf 86' lang='lat' dir='ltr'>sane</span> <span class='ocrx_word' id='word_1_296' title='bbox 208 3975 328 4022; x_wconf 86' lang='lat' dir='ltr'>temere</span> <span class='ocrx_word' id='word_1_297' title='bbox 344 3959 492 4020; x_wconf 71' lang='lat' dir='ltr'>uelimus.</span> <span class='ocrx_word' id='word_1_298' title='bbox 529 3959 628 4042; x_wconf 38' lang='lat' dir='ltr'>&#39;Nam</span> <span class='ocrx_word' id='word_1_299' title='bbox 646 3961 733 4040; x_wconf 83' lang='lat' dir='ltr'>quod</span> <span class='ocrx_word' id='word_1_300' title='bbox 750 3979 851 4041; x_wconf 85' lang='lat' dir='ltr'>nuper</span> <span class='ocrx_word' id='word_1_301' title='bbox 867 3961 969 4022; x_wconf 73' lang='lat' dir='ltr'>liliam</span> <span class='ocrx_word' id='word_1_302' title='bbox 987 3961 1080 4022; x_wconf 87' lang='lat' dir='ltr'>Vine-</span> 
     </span>
     <span class='ocr_line' id='line_1_36' title="bbox 47 4053 1080 4145; baseline -0.004 -20"><span class='ocrx_word' id='word_1_303' title='bbox 47 4079 110 4126; x_wconf 91' lang='lat' dir='ltr'>tum</span> <span class='ocrx_word' id='word_1_304' title='bbox 136 4063 290 4145; x_wconf 80' lang='lat' dir='ltr'>seqnutne</span> <span class='ocrx_word' id='word_1_305' title='bbox 320 4059 443 4122; x_wconf 88' lang='lat' dir='ltr'>censuit</span> <span class='ocrx_word' id='word_1_306' title='bbox 473 4063 672 4122; x_wconf 83' lang='lat' dir='ltr'>retinendam</span> <span class='ocrx_word' id='word_1_307' title='bbox 710 4053 945 4140; x_wconf 81' lang='lat' dir='ltr'>Tingenteron&#39;r.</span> <span class='ocrx_word' id='word_1_308' title='bbox 985 4081 1080 4141; x_wconf 83' lang='lat' dir='ltr'>qnam</span> 
     </span>
     <span class='ocr_line' id='line_1_37' title="bbox 46 4162 1080 4248; baseline -0.004 -18"><span class='ocrx_word' id='word_1_309' title='bbox 46 4169 129 4230; x_wconf 74' lang='lat' dir='ltr'>velut</span> <span class='ocrx_word' id='word_1_310' title='bbox 151 4167 264 4228; x_wconf 80' lang='lat' dir='ltr'>minua</span> <span class='ocrx_word' id='word_1_311' title='bbox 286 4162 410 4226; x_wconf 84' lang='lat' dir='ltr'>celebre</span> <span class='ocrx_word' id='word_1_312' title='bbox 432 4163 500 4226; x_wconf 82' lang='lat' dir='ltr'>etur</span> <span class='ocrx_word' id='word_1_313' title='bbox 523 4182 596 4226; x_wconf 88' lang='lat' dir='ltr'>orae</span> <span class='ocrx_word' id='word_1_314' title='bbox 617 4163 775 4246; x_wconf 82' lang='lat' dir='ltr'>oppidum</span> <span class='ocrx_word' id='word_1_315' title='bbox 803 4163 915 4226; x_wconf 72' lang='lat' dir='ltr'>ceteris</span> <span class='ocrx_word' id='word_1_316' title='bbox 942 4163 1080 4248; x_wconf 84' lang='lat' dir='ltr'>Geogra·</span> 
     </span>
    </p>
   </div>
   <div class='ocr_carea' id='block_1_5' title="bbox 0 0 1410 4944">
    <p class='ocr_par' dir='ltr' id='par_1_5' title="bbox 0 0 1410 4944">
     <span class='ocr_line' id='line_1_38' title="bbox 0 0 1410 4944; baseline 0 1"><span class='ocrx_word' id='word_1_317' title='bbox 0 0 1410 4944; x_wconf 95' lang='lat' dir='ltr'> </span> 
     </span>
    </p>
   </div>
  </div>
 </body>
</html>
