2788 4942
285 427 307 492 ὓ
588 413 831 473 ΡΟΜΡΟΝΠ
868 412 1032 472 MELAE

290 590 380 656 Nam
391 584 467 684 fine
480 587 525 684 est
539 589 660 652 animal
674 589 766 652 telius
781 601 813 650 er
826 589 910 650 vivit
925 605 986 654 etc.
1008 607 1183 654 ecuorrve.
1221 584 1319 670 Legor

292 695 400 774 utique
410 688 455 782 β,
483 707 518 754 ut
535 693 620 754 doct.
644 691 760 770 placer,
786 693 897 754 vivum
918 693 1039 756 animai
1059 691 1112 783 ιβ
1139 711 1179 750 oc
1213 702 1261 751 rut
1278 687 1323 746 de·

291 787 384 885 preffi
404 813 443 856 ex
467 793 566 857 ovid.
591 793 808 875 Metamorph.
832 809 865 855 et
886 795 1044 858 Strabone
1071 795 1127 856 lib.
1151 815 1180 854 ι.
1206 785 1258 878 [p.
1281 809 1321 850 m.

295 891 491 983 36.s.53.]
525 915 625 958 mnu.
675 897 813 958 Restitui
845 917 883 959 ex
912 899 1034 960 Ovidio
1060 911 1092 959 et
1123 896 1194 957 aliie
1221 894 1325 954 vivoru

294 997 425 1060 animai.
460 999 677 1062 eructum-in
702 989 918 1090 praefatione.
961 1003 1073 1061 vivum
1091 993 1232 1076 animal)
1280 995 1326 1054 sic

293 1101 432 1164 mutavit
456 1099 543 1162 hunc
562 1101 669 1162 locum
692 1101 870 1168 Pintianue.
894 1097 1017 1190 [immo
1037 1091 1210 1182 Schotrue]
1237 1113 1326 1178 quem

294 1199 394 1264 secuti
414 1200 485 1264 [unt
506 1221 620 1265 omnes
644 1203 713 1274 alii,
738 1199 792 1291 [v.
814 1201 924 1292 [upra]
952 1223 1025 1264 cum
1050 1205 1139 1286 priua
1163 1201 1326 1282 legeretur:
1366 1224 1367 1302 β

296 1303 406 1386 ariique
426 1299 464 1392 [a
478 1299 622 1392 Vineto]
642 1303 697 1396 se,
730 1316 767 1366 ut
789 1303 983 1367 doctioribus
1003 1305 1127 1386 piaret,
1152 1321 1249 1363 unitor
1268 1297 1328 1358 oui·
1367 1326 1368 1400 i

298 1405 363 1467 moi
382 1403 437 1500 ιβ.
488 1407 552 1468 Sed
567 1406 643 1488 quid
661 1426 742 1488 opue
763 1419 829 1468 erat
847 1408 1007 1468 mundum
1024 1406 1143 1468 animal
1159 1405 1273 1466 vivum
1290 1399 1328 1457 di·
1368 1428 1369 1490 3

298 1525 379 1576 eere,
406 1527 479 1568 cum
497 1505 924 1571 auimaldixiffeiuificiat‘i·
960 1509 1093 1573 Certum
1112 1506 1167 1576 eu.
1190 1500 1329 1566 nihilhic
1369 1530 1370 1574 r

298 1605 360 1670 effe
383 1609 586 1672 mutandum.
638 1610 799 1691 Loquitur
828 1630 867 1671 ex
899 1611 1140 1672 Platonicorum
1177 1606 1329 1688 opinione,
1370 1632 1371 1652 κ

298 1711 353 1790 qui
374 1711 537 1770 muudum
560 1731 664 1772 unum
687 1713 805 1773 animal
827 1713 1091 1782 comedebant,
1128 1704 1329 1792 quodomnia
1371 1734 1372 1740 κ

299 1813 448 1874 animalia
476 1811 512 1872 in
547 1809 575 1874 se
607 1815 798 1876 contineret.
869 1814 960 1878 Plato
991 1815 1097 1896 itaque
1131 1813 1167 1873 in
1207 1810 1330 1870 Timaeo
1372 1836 1373 1842 κ

302 1904 356 1997 [p.
378 1911 460 1992 306.
486 1913 537 1976 erl.
553 1909 709 2000 Bipont.]
737 1914 918 1978 universam
944 1936 1053 1978 rerum
1080 1929 1230 1976 naturam
1252 1917 1331 1970 vocat

303 2009 388 2099 ζῶον
409 2005 441 2076 ἓν
463 2009 599 2100 ὁρατὸν,
632 2009 732 2080 πάνθ’
752 2011 814 2081 ὅσα
835 2011 923 2082 κατὰ
947 2007 1047 2099 φύσιν
1072 2006 1183 2080 αὐτοῦ
1205 2003 1330 2094 συγγενῆ

238 2121 240 2128 ’
305 2112 376 2200 ζῶα
396 2109 485 2190 ἐντὸς
502 2111 593 2201 ἔχον.
632 2119 827 2182 lamblichue
849 2121 889 2182 de
912 2119 1037 2199 myster.
1060 2119 1110 2197 [5‚
1133 2119 1187 2198 7.]
1214 2109 1244 2180 ir
1261 2101 1331 2197 <iii

305 2209 425 2279 ἔστιτὸ
444 2217 520 2281 πᾶν.
558 2219 638 2282 Vide
655 2239 782 2302 quoque
797 2209 963 2284 Plotinum
980 2221 1135 2282 Enneade
1156 2231 1191 2297 4.
1210 2235 1273 2297 cap·
1284 2225 1331 2290 52·

306 2337 452 2380 voeerve.
506 2321 616 2382 Faciiie
636 2324 767 2404 quidem
790 2343 892 2394 error,
927 2324 1029 2404 qualis
1051 2343 1090 2383 ex
1111 2321 1205 2382 libris
1222 2326 1333 2379 notatur

307 2419 343 2480 in
360 2412 515 2484 Cicerone
530 2423 569 2484 de
585 2424 655 2509 lege
672 2445 736 2508 agr.
755 2439 787 2495 α,
808 2442 840 2490 2.
867 2425 1003 2506 Nepotis
1019 2425 1170 2485 Eumene
1188 2441 1253 2502 cap.
1265 2433 1293 2486 22
1308 2427 1334 2474 2.

307 2535 340 2584 at
354 2521 406 2584 hic
422 2523 503 2586 bene
521 2525 615 2586 habet
636 2529 750 2588 uuurrr.¹
787 2527 884 2610 Quod
904 2530 992 2587 enim
1009 2524 1166 2586 arceiiunt
1183 2519 1336 2585 Ovidium

310 2626 402 2705 copia
420 2625 495 2686 baec
512 2626 564 2696 est,
590 2629 759 2690 variandae
780 2629 923 2691 eiusdem
943 2629 1087 2689 notionis
1106 2643 1140 2688 et
1160 2623 1337 2705 amplifican-

311 2726 370 2787 dae
385 2725 488 2788 studio
505 2743 610 2800 mora,
636 2743 669 2791 et
690 2727 790 2790 divise
809 2743 978 2810 utrumque
999 2733 1111 2811 ponit;
1146 2729 1182 2788 in
1197 2723 1337 2788 Strabone

311 2828 356 2889 est
372 2833 565 2910 comparatio
583 2829 770 2900 sententiae,
794 2851 861 2892 nou
884 2829 946 2914 ipsa
963 2829 1127 2892 sententia.
1182 2827 1256 2896 Seri,
1277 2835 1340 2883 cum

315 2927 401 2990 Mela
424 2933 581 2992 doctiores
603 2934 808 3014 produxerit,
836 2933 955 2993 accedit
977 2934 1011 2992 in
1034 2931 1166 3014 primis,
1201 2923 1285 3009 quod
1305 2922 1341 2980 itt

315 3051 391 3092 vere
419 3033 463 3092 illi
488 3035 701 3104 tradiderunt,
728 3035 776 3094 uti
802 3037 865 3096 iam
893 3029 1016 3096 Voffiue
1039 3034 1162 3094 docuit.
1208 3021 1342 3091 Mundus

315 3133 503 3195 aPiuriano
529 3135 610 3196 male
631 3131 803 3218 repetitum
826 3137 967 3220 languet.
1019 3133 1091 3196 Post
1116 3133 1209 3215 Prag.
1233 3123 1344 3190 omittit

315 3231 379 3324 efl·;
404 3235 543 3323 liehtiig.
565 3236 662 3300 habet
680 3261 723 3299 are
735 3233 771 3330 fl
790 3237 878 3318 depr.
902 3217 1344 3326 Parii.1.ansmedrfpersr

314 3353 386 3417 quo.

395 3543 683 3627 reciprocato)
720 3547 772 3608 Sic
793 3545 918 3608 codices
941 3543 977 3606 A.
995 3540 1155 3604 Gronorii
1172 3550 1205 3600 et
1221 3532 1293 3600 mei,
1315 3527 1344 3586 in

320 3643 437 3726 quibus
458 3647 558 3709 Vatic.
583 3667 611 3709 1.
633 3667 705 3707 curu
727 3651 840 3728 reliqui
865 3649 1036 3709 videantur
1053 3641 1169 3706 dediiie
1188 3638 1344 3716 reciproca,

320 3755 370 3812 uti
394 3751 499 3815 Havn.
522 3765 605 3813 certe
624 3751 666 3810 ita
690 3750 752 3834 legi
771 3751 804 3810 in
821 3750 913 3834 Prag.
950 3767 1010 3809 nec
1029 3747 1119 3807 aliter
1140 3742 1295 3803 editiones
1311 3727 1345 3792 ad

321 3847 481 3930 Vossium,
521 3861 577 3940 qui
602 3860 723 3940 primus
751 3856 918 3918 revocavit
943 3851 1157 3929 reciprocato,
1199 3837 1284 3923 quod
1312 3847 1345 3892 ex

322 3964 520 4043 optimorum
547 3975 579 4023 et
612 3961 837 4042 plerorumque
863 3957 1011 4019 codicum
1038 3949 1098 4011 fide
1124 3945 1236 4007 maluit
1260 3935 1345 4000 Melo·

322 4076 361 4124 ut
378 4067 447 4125 vim
463 4079 625 4126 externam
645 4063 808 4130 indicaret,
833 4079 900 4122 nou
922 4055 1056 4121 insuam,
1081 4049 1135 4109 etii
1154 4047 1227 4108 aliae
1243 4041 1279 4101 irc
1293 4031 1346 4094 dici

322 4186 407 4236 recte
424 4168 537 4253 potest,
561 4181 599 4228 ut
613 4165 672 4230 sil.
692 4165 761 4228 ltal.
783 4177 815 4244 3,
840 4165 899 4228 60.
922 4157 1082 4240 reciproco
1107 4150 1222 4229 Tethys
1229 4163 1242 4216 ‚·
1272 4137 1348 4204 Plin-
