2826 4936
340 485 429 542 Lm.
457 486 508 540 m.
552 483 644 542 c.1r.
686 483 766 556 tu.
1030 497 1072 562 33
1152 521 1155 526 -

53 661 117 722 duur
146 657 216 736 elle.
267 659 418 722 Acrorrius
448 673 556 722 tumen
587 658 684 721 habet
716 661 813 722 etium
840 659 1007 724 Boccatiur
1031 663 1072 724 do

53 763 167 824 lacubur
183 764 216 826 h.
233 781 265 824 v.
293 765 342 822 nti
365 759 505 824 Venetus
526 761 633 834 lucrm
668 761 723 822 etii
747 761 809 823 hoc
834 763 867 822 iu
891 762 941 824 ed.
967 775 1072 843 1475.

53 865 235 925 defiderntur.
289 863 379 924 ldem
408 877 534 932 temen.
566 863 675 924 ethic
701 883 811 944 parum
837 863 893 924 libi
920 863 1073 936 constane.

54 961 72 1026 l.
90 986 116 1026 v.
138 965 268 1028 llbenur
287 963 387 1026 scribit
406 967 560 1026 Acronus.
601 964 705 1026 Dubia
720 965 819 1049 igitur
834 963 876 1026 est
891 983 963 1026 vera
981 967 1075 1029 luriur

53 1067 177 1128 nominis
203 1065 367 1150 scriptura.
400 1085 475 1128 cum
504 1067 572 1130 elur
595 1065 672 1128 alibi
701 1067 736 1127 in
760 1063 866 1150 priscis
890 1067 1074 1132 urrctoribut

52 1168 127 1230 nulla
144 1169 301 1230 iniicintur
321 1167 457 1230 mentio.

116 1363 392 1464 dispergitur)
441 1369 549 1434 llarn.
569 1359 777 1462 dispargitur.
819 1367 915 1454 Quod
936 1367 1074 1454 sequitur

51 1467 196 1566 fiuistrom
221 1471 283 1536 lota
305 1472 415 1534 habuit
440 1473 519 1534 olim
542 1471 592 1534 ed.
624 1489 679 1534 uo.
706 1493 791 1532 nunc
812 1473 953 1554 primum
975 1474 1074 1544 dedit,

56 1589 99 1632 rut
113 1577 280 1644 revocavit.
307 1574 361 1636 etsr
377 1594 446 1636 erm
466 1574 643 1636 editionem
661 1573 811 1658 igoorrlle
831 1575 969 1640 videtur.
998 1575 1072 1637 Abr.

58 1675 223 1740 Gronovius
247 1679 281 1736 in
305 1675 356 1738 ed.
380 1685 439 1758 145.
472 1675 520 1736 uti
543 1688 634 1736 autea
659 1675 805 1736 voluerut
826 1677 922 1737 etiam
947 1675 1076 1738 Ciacco·

57 1777 124 1846 nius.
150 1781 221 1860 quio
242 1775 429 1861 respondeat
444 1775 495 1860 τῷ
515 1775 671 1846 dextram.
692 1778 726 1838 in
742 1797 805 1859 quo
820 1789 977 1858 praeterea
993 1775 1076 1839 lecu·

58 1889 98 1938 tur
111 1895 169 1940 erut
182 1881 403 1942 auctoritatem
421 1877 502 1942 Vols.
521 1899 549 1940 r.
568 1897 645 1938 cum
663 1897 726 1960 quo
741 1893 773 1940 et
789 1877 897 1940 Cibin.
916 1881 1074 1962 congruit.

59 1977 168 2062 Reliqui
197 1981 323 2042 codices
348 1999 461 2042 ornner
494 1993 526 2042 et
551 1979 711 2042 editiones
742 1981 864 2061 priores
898 1977 1078 2060 praeierunt

53 2075 214 2172 sinistrum
251 2081 335 2142 Gud.
351 2077 505 2172 sruixtffi
532 2083 622 2142 cuiue
643 2081 799 2164 postrema
818 2101 888 2164 part
908 2083 942 2142 in
963 2093 1078 2144 utrum·

61 2201 109 2262 que
129 2183 387 2247 terminationem
408 2183 490 2245 verti
511 2181 623 2266 poteil.

120 2389 241 2448 etiam
277 2384 383 2468 turn)
444 2383 593 2448 ciaccon.
625 2400 659 2450 et
689 2387 825 2450 omniuo
855 2387 998 2470 plerique
1028 2388 1080 2450 elii

64 2485 169 2550 codicee
189 2491 381 2560 etiamnum
408 2487 581 2572 Reltdiger.
603 2489 701 2550 etium
722 2489 854 2550 undeet
875 2489 991 2562 ἄοικος
1023 2489 1081 2554 Pa-

65 2583 102 2646 ris.
123 2605 152 2652 t.
172 2591 345 2650 maiuscula
363 2589 459 2650 etium
480 2589 567 2650 litero
585 2589 766 2659 Eliorium.
797 2590 879 2670 quast
900 2593 1001 2652 amuie
1024 2609 1080 2654 uo·

66 2705 123 2747 meu
151 2689 240 2762 ellel.
279 2706 311 2752 et
344 2691 384 2752 stc
418 2689 508 2774 Prug.
542 2691 715 2764 Ect'uriou;
761 2693 872 2754 Vener.
900 2693 1082 2765 Etlarium;

67 2787 145 2853 vatic.
169 2807 202 2870 3.
224 2793 312 2854 etino
333 2794 430 2864 rioru;
463 2789 556 2854 Parii.
582 2811 611 2854 r.
635 2807 668 2870 3.
698 2813 771 2854 cum
793 2795 843 2854 ed.
867 2789 1011 2854 Voffiono
1036 2795 1082 2852 vi·

68 2887 163 2952 dentur
191 2893 331 2955 babuille
357 2895 452 2954 etiam
479 2905 564 2964 tum,
598 2896 647 2954 uti
673 2895 750 2956 daut
778 2895 937 2956 editionee
968 2913 1083 2958 ornuer

67 2995 153 3070 paucio
174 2997 332 3076 exceptis.
365 2995 466 3055 veluti
495 3007 547 3074 ¹5·
577 3009 631 3066 17.
662 3014 717 3060 πο.
744 3013 801 3070 23.
861 2995 941 3058 lllud
965 2997 998 3055 in
1021 2995 1084 3058 hoc

66 3109 133 3152 nexu
147 3097 419 3158 accommodatius
437 3095 489 3158 etl.
541 3093 702 3180 Scriptum
721 3098 797 3158 olim
816 3093 876 3156 luit
894 3099 989 3156 etium
1006 3109 1084 3166 tum.

68 3195 107 3252 rel
126 3199 215 3258 etioru
237 3211 323 3268 turre.
345 3197 430 3280 quod
447 3199 568 3260 transiit
585 3197 702 3260 deiude
724 3201 755 3258 iu
778 3201 873 3258 etium
895 3219 980 3266 uum.
1005 3217 1084 3280 quae

68 3299 183 3359 mutatio
206 3296 315 3380 paffiru
338 3312 476 3362 notatur.
529 3299 600 3362 Vid.
625 3299 835 3382 Oudendorp.
856 3299 894 3360 ud
914 3301 976 3362 lul.
995 3298 1082 3363 Cael.

69 3393 99 3454 de
113 3397 145 3460 ll.
161 3399 198 3462 G.
215 3399 249 3470 6.
266 3413 326 3480 40.
355 3401 503 3462 Garatom
520 3401 557 3461 ed
574 3399 722 3464 Cicerou.
739 3421 796 3483 pro
813 3401 849 3462 P.
862 3401 970 3464 Sextio
986 3421 1013 3464 c.
1026 3414 1084 3480 38.

69 3495 182 3580 alibique
199 3503 263 3563 elii.
316 3501 388 3563 Poll
405 3501 532 3584 quidam
550 3501 623 3562 libri
638 3503 812 3570 dexteraru.
837 3503 921 3583 quod
945 3503 1016 3565 leue
1033 3501 1087 3572 est.

71 3604 190 3678 rpoerir
208 3617 315 3666 tamen
334 3605 434 3688 mugit
450 3599 685 3684 frequentatum
703 3603 762 3668 elle
783 3604 921 3666 ridetur.

132 3805 318 3886 compos)
368 3805 494 3868 Excidit
517 3805 593 3868 haec
614 3826 678 3870 vox
704 3809 735 3868 iu
763 3807 814 3870 etl.
842 3825 897 3870 ro.
945 3807 1031 3868 Tum
1055 3805 1090 3868 iu

75 3895 223 3990 llebdiger.
247 3921 281 3968 et
305 3907 394 3992 Prrg.
420 3905 563 3968 scribitur
585 3906 698 3978 Fleuo.
730 3905 811 3968 facili
835 3905 937 3990 lapsut
977 3907 1091 3990 reliqui

78 4015 169 4068 oruner
188 4009 301 4096 Ftevo.
334 4009 421 4090 quod
452 4008 623 4070 Cluveriue
650 4011 682 4070 iu
709 4009 858 4070 German.
883 4023 946 4070 aut.
974 4021 1005 4088 5.
1035 4023 1090 4082 17.

77 4117 100 4176 t>-
111 4117 182 4178 571.
204 4111 238 4170 iu
255 4109 355 4172 Fterto
371 4109 525 4180 mutabat.
542 4111 627 4172 nullo
643 4111 773 4192 quidem
786 4111 971 4170 rrrctoritute
988 4110 1092 4182 nixus,

78 4195 173 4272 titur
197 4223 233 4274 u
264 4211 410 4276 runnu
441 4209 592 4286 usuum.
631 4213 775 4276 neminie
806 4213 1015 4274 fimitttuutne
1041 4211 1094 4271 ‹u-

684 4313 758 4378 Fu
