2784 4944
308 486 370 552 39⁰
608 468 848 530 aonaonrr
884 468 1051 526 Manna

311 648 344 708 in
368 643 477 708 museo
498 643 697 709 eruditissimi
720 647 867 708 Deinotii
893 645 1049 708 consului.
1074 679 1126 694 —
1173 643 1212 704 ln
1237 641 1380 724 quibua

311 749 399 810 libria
416 749 531 830 legitur
545 749 716 828 Bongiana,
739 751 773 810 in
790 749 904 808 iisdem
922 749 1045 831 legetur
1061 764 1187 828 quoque
1200 741 1377 812 Albiana,

312 864 349 910 ut
374 851 445 933 lego
470 851 503 909 in
524 851 726 919 membrana,
756 870 849 930 quam
878 851 958 909 mihi
986 850 1121 910 donavit
1146 840 1379 927 politiffimua

312 952 366 1014 ille
382 954 440 1012 vir.
479 951 566 1033 Quid
583 952 668 1032 quod
685 951 817 1012 eandem
835 952 1093 1012 terminationem
1109 949 1218 1010 Graeci
1237 947 1377 1008 velint.

311 1053 361 1116 An
386 1071 462 1114 vero
480 1053 508 1112 Δ
529 1067 561 1114 et
582 1053 608 1114 Β
633 1051 753 1113 misceri
771 1051 979 1114 mirabimur?
1012 1053 1068 1131 qui
1090 1053 1123 1110 in
1144 1049 1224 1110 libro
1243 1049 1377 1130 primo

312 1155 454 1216 vidimus
476 1153 514 1214 ab
539 1151 645 1216 Vollio
674 1157 771 1215 amari
794 1154 965 1223 Bechires,
1001 1172 1081 1234 quoa
1114 1151 1204 1213 MSS.
1231 1163 1377 1210 vocant

311 1255 506 1318 Dilcheroa‘i
568 1259 752 1336 Dercynum
789 1269 841 1314 aut
872 1256 1047 1338 Berginnm
1080 1272 1177 1314 nemo
1209 1253 1376 1334 cogitare

311 1357 421 1439 potest,
448 1355 505 1416 nili
528 1353 662 1418 Vollrua.
687 1387 727 1398 -
773 1359 920 1437 Denique
940 1371 977 1416 ut
997 1357 1081 1416 Mela
1102 1373 1251 1434 campum
1279 1353 1377 1434 lapi·

313 1459 419 1528 deum,
437 1463 479 1518 ila
494 1458 673 1518 Eulialhina
689 1459 727 1518 ad
738 1459 927 1537 Dionysium
944 1457 992 1535 [a.
1005 1459 1079 1538 76.]
1096 1452 1218 1517 λίθινον
1235 1450 1376 1517 πέδον·

311 1559 393 1620 nihil
409 1561 447 1620 da
466 1561 570 1620 litore.
597 1561 703 1620 Etiam
721 1579 847 1642 campoa
864 1559 1005 1638 lapideos
1022 1557 1180 1640 ignobiles
1197 1553 1269 1616 fore
1289 1579 1374 1617 non

311 1661 389 1720 dicit
424 1661 518 1722 Mela.
565 1661 637 1720 Fuit
662 1681 790 1742 campna
819 1661 960 1742 lapideus
990 1660 1107 1720 nobilia
1140 1670 1212 1718 ante
1242 1653 1374 1718 iollam

310 1761 499 1824 Marianam.
547 1763 674 1822 Docent
700 1762 828 1832 Graeci,
862 1764 955 1822 docel
980 1763 1141 1822 Herculea.
1182 1759 1291 1818 Porro
1326 1781 1373 1820 an

310 1859 384 1923 folla
408 1863 548 1922 Mariana
573 1863 666 1923 ducta
687 1860 748 1922 fuit
774 1863 816 1924 ob
841 1855 1081 1944 irrigationem?
1122 1882 1161 1921 an
1186 1859 1252 1919 line
1279 1857 1374 1922 folla

310 1960 439 2024 fuillent
463 1963 495 2022 hi
513 1965 614 2044 campi
637 1963 753 2026 llerilea
768 1979 800 2024 et
821 1963 973 2026 inutilea‘l
1010 1965 1107 2024 Aliter
1123 1963 1253 2024 Solinus
1273 1981 1308 2023 c.
1334 1982 1371 2026 2.

313 2063 352 2124 C.
377 2065 507 2126 Marius
529 2062 607 2124 ballo
632 2062 789 2149 Cimbrico
815 2057 927 2155 factis
951 2085 1046 2124 mano
1074 2055 1166 2152 foffir
1191 2063 1373 2126 invitavit

310 2185 414 2238 mara,·
448 2156 716 2256 perniciosamque
732 2157 896 2255 feruentia
922 2165 1077 2226 Rhodani
1107 2165 1370 2243 navigationem

309 2269 517 2346 temperavit,
546 2285 624 2347 quae
639 2270 714 2328 citat
731 2269 915 2330 Harduinus
931 2269 967 2328 acl
987 2267 1085 2326 Plinii
1106 2265 1162 2326 lib.
1183 2278 1213 2342 3.
1243 2260 1300 2351 [c.
1326 2281 1367 2344 5.

309 2367 332 2432 l.
353 2363 413 2454 4.]
441 2369 576 2435 addens.
611 2389 673 2450 quo
695 2371 728 2428 in
748 2370 944 2430 Rhodanum
968 2388 1065 2429 naver
1087 2389 1105 2428 e
1126 2368 1204 2426 mari
1225 2362 1369 2432 facilius

308 2469 468 2540 subirent;
502 2469 616 2550 quibua
637 2489 728 2552 aegre
750 2473 853 2532 aditus
870 2469 943 2530 ellet
965 2471 998 2529 in
1016 2487 1144 2530 amnem
1165 2487 1222 2548 per
1244 2469 1368 2530 orien-

309 2573 370 2632 tale
388 2569 518 2638 ollium,
552 2571 637 2650 quod
659 2573 692 2632 id
715 2585 779 2632 erat
801 2572 1001 2655 navigiorum
1021 2571 1074 2631 vix
1095 2571 1228 2651 paliano.
1285 2571 1365 2632 Sed

308 2686 342 2735 et
361 2673 388 2734 ia
411 2685 515 2732 tamon
533 2691 660 2753 campos
676 2671 721 2731 ibi
739 2673 879 2753 lapideos
901 2675 1005 2733 novit.
1046 2691 1069 2734 1.
1092 2688 1293 2730 ononorrvs
1323 2674 1364 2732 in

308 2786 389 2834 noca
412 2771 584 2863 posteriori.
636 2773 721 2835 Cum
738 2773 904 2834 Gronovio
926 2791 964 2832 ex
988 2773 1075 2832 libris
1097 2771 1223 2840 nostris,
1261 2787 1362 2835 certe

306 2876 465 2957 plerisque
485 2887 517 2934 et
534 2875 572 2936 iia
587 2873 775 2938 melioribus
793 2871 1031 2954 praeferendum
1048 2873 1194 2932 videatur
1209 2869 1361 2936 Albiana

306 2991 341 3036 et
361 2977 530 3055 Bergiono.
583 2976 622 3034 ln
644 2976 742 3056 priori
766 2973 868 3034 forma
890 2973 1045 3035 consentit
1065 2975 1158 3036 etiam
1177 2973 1360 3039 Boccatiua

306 3077 342 3138 in
365 3077 556 3159 Genealogia
582 3078 679 3138 Deor.
710 3095 764 3158 15,
793 3097 822 3138 r.
844 3073 865 3136 f.
902 3095 968 3134 non
997 3077 1076 3136 item
1103 3076 1136 3134 in
1166 3073 1355 3154 posteriori.

308 3179 357 3240 ita
379 3180 466 3240 enim
489 3177 553 3236 ibi:
593 3175 649 3238 Da
675 3167 838 3266 superatis
867 3175 995 3238 Albiana
1020 3188 1050 3235 et
1075 3175 1240 3256 Bergione.
1298 3177 1356 3238 lt‘a

311 3296 368 3348 lo,
394 3296 449 3342 aa.
481 3275 639 3338 inscribit:
681 3277 719 3336 da
741 3277 870 3338 Albiona
894 3292 925 3337 et
944 3277 1086 3356 Borgine
1107 3295 1164 3356 pro
1188 3275 1356 3355 Bargiorre

298 3375 386 3469 filiis
406 3379 562 3456 Neptuni.
601 3379 639 3438 ln
656 3377 718 3460 ipla
733 3379 910 3439 narratione
926 3377 1002 3438 haec
1018 3399 1057 3438 ex
1074 3377 1195 3438 nollro:
1229 3375 1354 3440 Albion

307 3492 338 3538 aa
354 3481 506 3560 Borgion.
530 3481 609 3560 (pro
632 3481 792 3557 Bergion)
819 3492 856 3539 nt
874 3481 1067 3558 Pomponius
1085 3478 1183 3539 Malla
1206 3479 1238 3536 in
1262 3476 1352 3540 libro

311 3572 581 3670 Gosniograplaiae
601 3577 743 3670 testatur,
768 3577 835 3671 filii
848 3571 945 3668 fuera
964 3553 1141 3657 Neptunia,
1168 3577 1351 3659 exquibus

307 3673 374 3770 ipse
401 3681 482 3744 idern
508 3681 602 3742 talem
629 3681 743 3741 recitat
765 3673 940 3768 fabulam:
994 3681 1186 3741 Transemna
1207 3677 1349 3741 Hercule

307 3783 388 3844 inter
408 3781 514 3872 hostia
533 3779 669 3842 rhodani
685 3795 715 3840 ec
733 3781 819 3850 loen,
851 3785 932 3864 qratia
952 3781 1059 3872 postea
1084 3781 1229 3840 mariana
1241 3771 1350 3868 foffa

306 3883 395 3943 dicta
413 3876 513 3974 siant,
547 3883 576 3942 ei
596 3879 708 3943 Albion
732 3895 762 3943 et
778 3883 922 3962 Borgirrn
943 3881 1028 3942 obvii
1037 3873 1131 3970 facti
1143 3871 1243 3970 sunt,
1272 3885 1348 3942 eius

306 3984 507 4062 impedientes
533 3985 716 4045 transitum.
777 3983 862 4045 Cum
886 4003 963 4044 varo
987 4001 1142 4064 nmquam
1167 3981 1241 4042 alibi
1263 3981 1349 4043 haec

249 4157 252 4164 Ι
305 4087 452 4155 nomina,
486 4098 570 4148 certe
595 4083 763 4164 posterius,
796 4099 956 4154 occurrat,
984 4087 1069 4144 varie
1094 4095 1256 4144 tentarunt
1279 4085 1350 4143 viri

305 4187 392 4248 docti
410 4201 441 4250 et
457 4185 645 4274 Apollodori
662 4183 843 4268 Dercynnm
857 4187 890 4247 in
912 4187 1044 4268 Bergion
1063 4187 1157 4246 latere
1174 4197 1347 4269 putarunt,
