2826 4936
372 485 459 541 ιιι.
488 483 541 538 ιιι.
583 483 690 544 cvr.
732 483 811 551 ie·
888 455 893 466 ’
1055 499 1113 562 ²75

73 655 186 721 Caesar
210 656 251 721 de
274 657 312 720 Β.
336 656 376 719 G.
394 667 427 734 5.
450 665 510 738 47.
543 655 601 718 ubi
621 657 710 740 plura
733 657 890 719 dedemnt
913 657 1058 720 Davisius
1081 673 1114 722 et
1169 635 1172 642 ¹

76 759 342 842 Oudendorpiue.
399 759 479 829 Sed.
509 771 547 818 ut
573 761 607 820 in
633 759 702 820 aliie
728 761 846 820 variare
873 759 999 820 eodenr'
1013 763 1113 824 modo

76 859 180 923 solent
201 875 359 928 auctores,
394 881 453 922 nec
479 857 508 921 lc
531 857 617 922 fatali
643 861 713 944 lege
736 859 906 944 constringi
934 863 1111 944 patiuntur,

75 965 124 1022 ita
147 965 240 1024 etiam
263 964 296 1024 io
319 963 434 1024 iisdem
456 961 561 1024 verbis
583 959 685 1023 secisse
712 963 854 1043 exempla
882 965 1010 1026 docent.
1059 965 1113 1025 Sic

74 1063 151 1125 Lie.
168 1065 224 1134 26,
243 1066 276 1134 6.
296 1065 330 1127 6.
367 1063 509 1125 Frontin.
527 1081 558 1132 2.
576 1079 608 1132 e.
631 1083 685 1126 ιι.
709 1063 879 1144 obponunt
899 1066 1058 1146 equitatus
1079 1079 1113 1128 et

72 1163 189 1244 peden
214 1165 343 1226 Orosius
359 1163 391 1234 6,
410 1177 443 1240 θ.
466 1165 628 1245 equitatus
650 1179 682 1224 et
704 1164 856 1256 pedestres
876 1163 994 1244 copiae.
1037 1167 1109 1230 Vid.
1208 1153 1220 1180 '

72 1267 175 1328 Dion.
203 1261 326 1328 Voffine
345 1267 382 1326 ad
407 1267 465 1326 lul.
483 1265 602 1328 Caesar.
626 1266 666 1326 de
684 1265 721 1326 B.
742 1267 781 1326 G.
798 1276 832 1344 4.
853 1275 911 1346 24.
935 1267 991 1327 ubi
1012 1269 1111 1332 etiam

72 1367 261 1428 Pintianum
282 1389 319 1428 ex
337 1368 493 1428 lornande
508 1366 639 1436 refellit.
672 1369 727 1448 qui
742 1367 781 1428 tie
796 1367 863 1430 reb.
886 1368 959 1432 (iet.
986 1388 1052 1450 cap.
1076 1387 1109 1435 Ω.

72 1481 154 1528 extr.
181 1467 237 1527 ubi
256 1469 374 1528 Meiarn
391 1469 516 1550 repetit,
540 1471 682 1550 equitatu
700 1468 752 1527 vel
771 1469 876 1546 perlita
889 1471 984 1530 etiarn
1003 1469 1108 1535 babet.

71 1569 183 1630 Nirnie
200 1567 329 1652 superbe
351 1570 422 1630 talia
439 1567 527 1651 saepe
545 1568 657 1631 fastidit
673 1571 850 1632 Pintianue.
891 1572 925 1634 si
948 1573 1022 1652 quid
1041 1593 1109 1632 rnrt·

70 1673 226 1750 tanetum,
259 1671 367 1732 rnalinr
392 1671 524 1750 pedites.
576 1673 638 1734 Sed
667 1669 823 1752 sequentia
849 1671 935 1732 hunc
964 1687 1108 1734 tenorem

70 1771 186 1832 servari
204 1773 329 1834 volunt.
365 1771 538 1854 liebdiger.
562 1770 705 1832 subiicit:
740 1771 801 1832 Sed
822 1769 918 1852 bigis.
944 1795 1050 1836 verum
1077 1786 1108 1836 et

69 1870 153 1954 bigis
168 1885 200 1933 et
215 1870 365 1935 curr·ilus.
407 1875 506 1935 Vocea
521 1885 552 1934 et
568 1871 648 1954 bigis
663 1873 748 1935 delet
765 1873 962 1938 Ciacconius.

151 2073 330 2158 armati)
380 2075 426 2136 ita
442 2075 557 2136 volunt
574 2095 687 2138 omnes
708 2075 791 2138 libri.
830 2075 872 2138 At
888 2075 1054 2141 Pintianua
1075 2093 1109 2142 et

68 2177 151 2239 haec
173 2178 332 2244 emendat.
356 2191 388 2238 ct
403 2177 554 2238 alterutro
576 2176 673 2238 modo
690 2175 889 2238 scribendum
913 2177 1027 2248 censet.
1054 2195 1108 2241 ant
1188 2247 1191 2254 ,

68 2275 216 2338 curribus
242 2277 375 2338 Gallicis
396 2279 530 2348 armati.
565 2291 620 2338 arrt
646 2275 784 2338 curribus
811 2278 931 2339 Gallice
960 2285 1107 2346 tarrantis.

66 2379 228 2442 Poiieriua
244 2381 344 2462 magis
366 2379 523 2448 arirideat.
550 2399 623 2440 cum
640 2381 786 2460 primaria
802 2381 893 2440 notio
913 2379 1053 2442 versetur
1073 2385 1106 2443 in

67 2477 222 2543 curribus.
261 2481 448 2542 Ciacconiua
464 2481 593 2542 coniicit
613 2480 738 2542 Gallico
758 2495 896 2550 armatu.
922 2483 942 2542 i.
960 2503 987 2543 e.
1009 2505 1107 2544 arina·

67 2597 158 2652 tura.
196 2581 243 2642 uti
273 2583 356 2662 apud
385 2582 514 2641 Livium
536 2597 594 2662 57.
624 2575 671 2666 [c.
696 2593 755 2658 do.
774 2575 817 2664 s]
847 2579 952 2640 endem
978 2599 1107 2644 arrrratrt

69 2684 185 2746 Cares.
218 2683 361 2744 Eandem
379 2683 549 2744 lectionem
566 2681 708 2765 placuiss'e
723 2703 783 2741 avr)
800 2683 837 2740 ad
856 2681 985 2742 Livium
999 2685 1054 2752 26.
1072 2699 1105 2760 5.

67 2785 125 2866 [ς.
145 2797 178 2864 3.
208 2785 292 2864 qnod
321 2783 450 2865 quidem
475 2805 513 2844 ex
536 2787 628 2844 editie
654 2803 720 2844 non
742 2782 889 2864 adparet]
923 2798 1034 2846 monet
1055 2786 1107 2846 iric

66 2889 107 2948 Δ.
134 2886 335 2956 Gronovius.
368 2898 400 2946 et
422 2885 570 2966 producit
589 2885 691 2944 Taciti
716 2885 821 2944 locum
846 2881 960 2946 Hiiior.
986 2899 1019 2961 5.
1046 2903 1105 2948 22.

67 2987 127 3046 ubi
150 2987 245 3055 haec.
271 2987 377 3067 paullo
400 2999 504 3046 tannen
525 2987 600 3046 irinc
620 2987 806 3046 remotiora:
835 2997 930 3044 renuit
949 3007 1004 3064 per
1023 2989 1104 3056 vicis.

66 3089 172 3170 pauci
207 3101 322 3146 orrratrt
352 3087 501 3156 militari.
538 3087 675 3168 plerique
707 3089 821 3146 circum
851 3082 983 3146 braclria
1016 3099 1106 3148 torta

64 3185 155 3280 veste
170 3199 201 3248 et
213 3185 339 3280 strictis
354 3185 560 3251 rrrucronibus.
609 3188 683 3248 Dici
700 3187 740 3248 stc
755 3186 920 3270 potuisset.
947 3185 1000 3250 sed
1018 3191 1104 3252 unde

66 3291 108 3351 iic
132 3289 255 3350 dictum
278 3287 337 3351 effe
357 3287 535 3371 probetur?

146 3490 344 3573 coviuos)
380 3490 488 3554 Cibin.
511 3491 658 3562 caminos.
682 3493 731 3552 uti
749 3492 876 3574 quidam
894 3494 926 3553 in
945 3491 1025 3554 Silio
1050 3507 1104 3566 17.

66 3603 159 3673 417.
201 3591 283 3674 Lips.
310 3593 393 3654 Gud.
417 3593 589 3676 Rebdigcr.
622 3595 771 3656 Verior.
798 3595 909 3655 Vener.
934 3595 1105 3664 envirnro.r,·

69 3695 172 3756 Vatic.
195 3707 229 3772 3.
257 3697 444 3766 cnrvinrtos,·
481 3695 572 3778 Prag.
597 3697 761 3768 curvinos‚·
796 3695 909 3773 reliqui
933 3713 1005 3753 curo
1027 3695 1101 3755 edd.

66 3798 218 3864 covinos.
246 3807 369 3854 tanturn
390 3795 475 3876 quod
500 3811 555 3872 αὖ.
579 3797 764 3864 corruituros.
790 3809 822 3855 et
845 3797 975 3855 Vinctus
998 3797 1102 3856 covin-

66 3919 136 3959 nor.
175 3897 364 3958 Ciacconiue
380 3897 510 3956 coniicit
526 3917 653 3964 rorarios.
679 3897 760 3976 qnasi
779 3893 905 3964 sublata.
933 3907 965 3956 et
980 3894 1103 3980 ablegat

68 3999 107 4058 ad
140 3997 330 4062 Cornelium
357 4018 388 4077 p.
414 4009 498 4076 743.
536 4017 614 4078 quae
641 3997 789 4078 quorsum
816 3999 1007 4078 pertineant.
1043 3997 1101 4056 nist

67 4097 151 4162 sorte
170 4101 208 4160 ad
233 4099 480 4182 etymologiam.
506 4119 572 4162 non
597 4101 697 4180 capio.
750 4099 810 4160 Sed
835 4097 951 4178 rirquex
976 4119 996 4157 n
1017 4117 1101 4178 prae·

67 4202 212 4264 metunt
234 4219 273 4262 ex
296 4199 481 4264 melioribus
508 4199 597 4262 libris
629 4199 778 4262 Heinsius
809 4213 841 4262 et
864 4197 1027 4262 Drakenb.
1058 4197 1099 4260 ad
