2788 4942
355 427 446 482 arn.
476 429 514 486 n.
558 431 592 488 c.
620 429 684 488 vn.
727 425 753 496 t·
779 445 827 504 19·
1049 437 1112 506 599

43 613 268 672 memorant,
308 614 341 662 et
374 601 492 664 Seneca
525 601 560 664 in
588 599 706 666 consol.
740 602 779 664 ed
807 601 956 664 Helviam
983 621 1050 682 cap.
1074 613 1109 678 8.

43 701 175 765 diserte
205 701 330 765 scribit:
363 703 534 766 Deductae
550 695 634 796 furit
652 703 733 764 duae
752 706 870 766 civium
888 705 1108 764 Romanorum

41 805 227 875 coloniae,
260 805 362 866 astera
394 827 415 866 a
437 807 566 874 Mario,
599 805 702 866 astera
728 827 749 866 a
773 807 872 866 setta.
926 801 977 866 Cs.
1004 805 1106 869 Solio.

43 925 72 966 c.
92 919 132 982 8.
156 906 183 969 s.
208 925 241 970 9.
291 909 376 971 Sulla
398 927 476 970 vero
497 909 635 970 dieriam
659 909 807 978 deduxit,
839 907 892 968 ilie
917 907 1105 968 Marianam.

41 1010 92 1069 Ita
117 1029 212 1070 vero
229 1028 296 1071 non
313 1009 414 1072 solnm
429 1009 516 1072 huna
535 1011 644 1072 locum
658 1011 754 1072 etiam
770 1009 921 1092 produxit
936 1009 1108 1072 Cluverius

42 1111 78 1169 in
96 1110 243 1172 Corsica
265 1125 329 1174 ant.
352 1134 386 1196 p.
406 1125 490 1190 507.
516 1127 548 1174 et
567 1113 731 1176 Salmasiua
752 1114 790 1174 ad
809 1112 910 1176 Sosin.
933 1131 960 1172 c.
980 1123 1013 1188 3.
1031 1108 1052 1172 s.
1070 1127 1106 1188 9.

41 1233 76 1293 p.
102 1233 157 1277 m.
187 1215 250 1292 68.
283 1211 334 1274 sed
363 1227 396 1276 et
422 1215 460 1276 ad
485 1215 638 1277 Senecam
663 1235 690 1276 c.
715 1216 736 1278 1.
769 1217 811 1276 ita
839 1213 929 1276 scribi
961 1213 1107 1273 voluerat

43 1316 198 1397 Lipsius.
260 1315 334 1378 Pon
352 1307 435 1408 fient
460 1315 568 1378 Cibin.
592 1315 676 1398 Lips.
703 1315 784 1379 sorte
807 1317 860 1378 alii
884 1328 916 1376 et
937 1315 1104 1397 pleraeque

44 1431 187 1479 veteres
225 1419 382 1479 editiones
416 1417 627 1480 distinctioni·
659 1419 748 1502 signo
784 1419 926 1480 maximo
963 1416 1103 1498 adposito

43 1539 187 1582 moram
205 1515 335 1591 iaciunt,
359 1519 398 1580 sic
413 1533 448 1580 ut
465 1518 680 1602 subsequentia
696 1523 732 1580 ad
751 1521 901 1581 Sardinia
915 1515 1103 1588 reserantur,

44 1623 143 1700 quod
162 1622 251 1682 bene
267 1623 405 1684 mutarit
419 1623 594 1695 vadianus,
616 1635 649 1684 et
664 1623 816 1706 probavit
833 1621 996 1686 Salmasrue
1013 1613 1079 1682 c.'i.

128 1845 154 1885 n
165 1815 228 1916 isi
252 1825 362 1909 qued
387 1827 427 1887 in
448 1825 526 1908 —)
565 1827 612 1888 ita
631 1825 703 1888 libri
721 1847 846 1897 omnes,
868 1837 995 1887 tantum
1011 1823 1104 1906 Prag.

50 1947 154 2008 neque
169 1929 207 1986 in
224 1927 413 1990 occidentem
430 1949 527 2012 qnam
545 1931 577 1990 in
595 1930 755 1992 orientem.
782 1945 988 1990 'rzscuvctrn
1024 1925 1103 1987 Cor·

51 2027 236 2111 rigentium
259 2043 357 2112 puto:
384 2027 443 2118 nifi
463 2027 549 2114 quod
567 2027 609 2092 ab
626 2029 795 2102 occidente,
817 2051 913 2114 quem
929 2025 1105 2088 oboriente

54 2129 233 2222 arrgzrflius
259 2145 367 2211 patet,
398 2151 438 2194 ex
466 2133 572 2195 Plinio
603 2133 636 2192 in
663 2135 775 2194 tertio:
811 2126 901 2220 [cap.
929 2143 983 2209 13.
1007 2126 1028 2190 s.
1046 2119 1103 2212 7.]

56 2231 236 2303 Sardinia,
269 2235 390 2314 inquit,
423 2231 464 2294 ab
483 2233 612 2296 Oriente
631 2247 746 2315 patens
762 2248 822 2298 etc.
849 2252 928 2316 qnae
946 2230 1042 2292 verba
1055 2249 1103 2292 re·

56 2329 118 2394 sert
140 2336 244 2394 etiam
266 2335 455 2396 Marcianus.
481 2330 678 2422 [Martianus
702 2337 758 2398 lib.
776 2338 809 2400 6.
835 2357 867 2418 p.
888 2327 994 2420 207.]
1030 2349 1105 2394 atn-

59 2453 203 2498 rrauve.
254 2437 414 2498 Sallustius
429 2436 484 2500 sib.
501 2451 536 2500 2.
554 2437 661 2500 histor.
677 2440 794 2500 citante
805 2437 916 2500 Nonio
927 2437 964 2498 V.
981 2435 1103 2496 Faciet:

62 2537 216 2598 Sardinia
236 2539 269 2598 in
283 2531 398 2628 Africo
414 2541 510 2611 inari,
526 2531 622 2628 facie
634 2539 760 2634 velsigii
782 2539 917 2602 hermani
935 2537 1102 2617 prontinet,

62 2637 91 2696 in
113 2637 329 2712 occidentem,
355 2661 449 2723 qrtam
466 2643 498 2702 iu
519 2643 668 2702 orientem
683 2643 791 2704 latior.
841 2641 904 2702 Sed
926 2636 1102 2722 legendum

61 2742 204 2808 ridetur,
231 2741 264 2800 in
280 2744 440 2810 orientem,
465 2763 561 2824 qeram
580 2744 613 2802 in
635 2743 825 2804 occidentem
845 2741 954 2802 latior.
1005 2741 1048 2800 Et
1062 2739 1103 2800 fic

60 2840 177 2926 legitur
195 2843 281 2924 apud
297 2843 437 2904 Gellium
458 2843 513 2906 lib.
534 2859 587 2921 13.
606 2865 673 2926 cap.
692 2857 749 2922 98.
775 2846 817 2904 In
832 2844 990 2910 orientem,
1006 2859 1103 2922 quam

62 2945 91 3004 in
107 2943 305 3006 occidentem
316 2945 413 3006 latior
425 2947 601 3026 premium
622 2959 655 3006 et
673 2945 827 3007 Isidorum
843 2943 898 3004 sib.
917 2953 972 3022 tlt.
987 2961 1053 3022 cap.
1067 2943 1102 3006 6.

62 3064 274 3107 craecomve.
328 3045 420 3107 Nihil
438 3061 543 3118 mrito,
568 3061 676 3110 contra
692 3047 899 3118 Pintianum;
923 3043 1104 3109 sallustium

61 3151 150 3210 enim
175 3147 220 3209 eii
243 3147 395 3210 imitatus.
427 3166 605 3212 acaouavt.

137 3373 216 3436 par
237 3363 274 3412 et
296 3351 525 3436 quadrata)
557 3353 643 3416 Gnd.
658 3365 795 3436 apparet
809 3351 989 3437 qrtadrata5
1011 3351 1105 3435 Prag.

63 3468 156 3532 paret
179 3475 275 3536 quam
296 3453 388 3518 deta.
439 3454 512 3518 Pon
527 3453 623 3520 Paris.
644 3471 676 3520 2.
700 3457 797 3517 Vatia.
818 3469 850 3536 3.
873 3457 963 3538 Prag.
978 3467 1013 3514 ut
1031 3453 1106 3514 Rei·

65 3559 236 3618 noldianae
259 3553 303 3648 ss
318 3547 506 3647 spatiosior.
543 3558 605 3621 Sed
622 3571 751 3644 propter
766 3557 954 3641 subsequens
975 3554 1018 3650 est
1040 3573 1106 3618 me·

65 3657 127 3722 line
142 3659 304 3722 omittitur
321 3679 395 3720 eum
408 3659 497 3722 librie
513 3661 653 3742 reliquie.

142 3851 422 3956 longissima)
471 3867 519 3926 ita
538 3865 611 3926 iibri
634 3884 747 3928 omnes
767 3865 807 3926 ad
830 3863 1026 3932 vedianum,
1051 3861 1108 3942 qui

71 3967 160 4026 tacite
183 3961 290 4047 posuit
307 3959 466 4056 iatrffima,
492 3981 525 4030 et
546 3967 586 4028 sn:
605 3987 679 4028 anm
700 3968 772 4030 edd.
793 3981 850 4028 9ι.
872 3977 927 4042 98.
952 3967 1029 4026 aliae
1051 3964 1108 4024 Va·

71 4068 190 4138 dianae,
213 4077 273 4148 24.
295 4067 506 4143 Olivarianae,
528 4071 674 4142 Vinetnt,
691 4069 852 4139 schottus,
871 4063 1005 4138 Voffius.
1029 4065 1108 4130 Gro-
