<?xml version="1.0" encoding="UTF-8"?>
<!DOCTYPE html PUBLIC "-//W3C//DTD XHTML 1.0 Transitional//EN"
    "http://www.w3.org/TR/xhtml1/DTD/xhtml1-transitional.dtd">
<html xmlns="http://www.w3.org/1999/xhtml" xml:lang="en" lang="en">
 <head>
  <title>
</title>
<meta http-equiv="Content-Type" content="text/html;charset=utf-8" />
  <meta name='ocr-system' content='tesseract 3.04.00' />
  <meta name='ocr-capabilities' content='ocr_page ocr_carea ocr_par ocr_line ocrx_word'/>
</head>
<body>
  <div class='ocr_page' id='page_1' title='image "./pomponiimelaede05melagoog_0822.png"; bbox 0 0 2836 4940; ppageno 0'>
   <div class='ocr_carea' id='block_1_1' title="bbox 351 449 1085 528">
    <p class='ocr_par' dir='ltr' id='par_1_1' title="bbox 351 449 1085 528">
     <span class='ocr_line' id='line_1_1' title="bbox 351 449 1085 528; baseline 0 -24"><span class='ocrx_word' id='word_1_1' title='bbox 351 457 410 528; x_wconf 78' lang='lat'>¹94</span> <span class='ocrx_word' id='word_1_2' title='bbox 650 449 890 508; x_wconf 79' lang='lat' dir='ltr'>ronaronrr</span> <span class='ocrx_word' id='word_1_3' title='bbox 928 451 1085 506; x_wconf 80' lang='lat' dir='ltr'>nancan</span> 
     </span>
    </p>
   </div>
   <div class='ocr_carea' id='block_1_2' title="bbox 352 615 1337 1318">
    <p class='ocr_par' dir='ltr' id='par_1_2' title="bbox 352 615 1337 1318">
     <span class='ocr_line' id='line_1_2' title="bbox 352 615 1336 708; baseline -0.01 -22"><span class='ocrx_word' id='word_1_4' title='bbox 352 619 417 708; x_wconf 80' lang='lat' dir='ltr'>&lt;eru</span> <span class='ocrx_word' id='word_1_5' title='bbox 434 619 528 684; x_wconf 78' lang='lat' dir='ltr'>luerit</span> <span class='ocrx_word' id='word_1_6' title='bbox 542 641 610 684; x_wconf 91' lang='lat' dir='ltr'>non</span> <span class='ocrx_word' id='word_1_7' title='bbox 626 615 673 686; x_wconf 76' lang='grc' dir='ltr'>ἐπ’</span> <span class='ocrx_word' id='word_1_8' title='bbox 689 619 763 698; x_wconf 70' lang='lat' dir='ltr'>eicie</span> <span class='ocrx_word' id='word_1_9' title='bbox 785 621 966 706; x_wconf 74' lang='grc' dir='ltr'><em>καθῆσθαι,</em></span> <span class='ocrx_word' id='word_1_10' title='bbox 994 621 1043 684; x_wconf 84' lang='lat' dir='ltr'>ieri</span> <span class='ocrx_word' id='word_1_11' title='bbox 1062 619 1193 704; x_wconf 87' lang='lat' dir='ltr'>pellibua</span> <span class='ocrx_word' id='word_1_12' title='bbox 1209 618 1336 680; x_wconf 78' lang='lat' dir='ltr'>incubare.</span> 
     </span>
     <span class='ocr_line' id='line_1_3' title="bbox 354 717 1336 808; baseline -0.008 -24"><span class='ocrx_word' id='word_1_13' title='bbox 354 723 452 808; x_wconf 87' lang='lat' dir='ltr'>Quod</span> <span class='ocrx_word' id='word_1_14' title='bbox 469 741 574 786; x_wconf 84' lang='lat' dir='ltr'>autern</span> <span class='ocrx_word' id='word_1_15' title='bbox 589 743 652 786; x_wconf 84' lang='lat' dir='ltr'>nna</span> <span class='ocrx_word' id='word_1_16' title='bbox 666 737 791 786; x_wconf 82' lang='lat' dir='ltr'>lantum</span> <span class='ocrx_word' id='word_1_17' title='bbox 805 723 933 806; x_wconf 81' lang='lat' dir='ltr'>lupersrt</span> <span class='ocrx_word' id='word_1_18' title='bbox 953 725 1056 792; x_wconf 81' lang='lat' dir='ltr'>litera.</span> <span class='ocrx_word' id='word_1_19' title='bbox 1080 725 1118 784; x_wconf 84' lang='lat' dir='ltr'>ad</span> <span class='ocrx_word' id='word_1_20' title='bbox 1132 743 1195 784; x_wconf 88' lang='lat' dir='ltr'>rem</span> <span class='ocrx_word' id='word_1_21' title='bbox 1208 739 1264 782; x_wconf 89' lang='lat' dir='ltr'>non</span> <span class='ocrx_word' id='word_1_22' title='bbox 1278 717 1336 784; x_wconf 70' lang='lat' dir='ltr'>lacit.</span> 
     </span>
     <span class='ocr_line' id='line_1_4' title="bbox 353 821 1336 906; baseline -0.009 -20"><span class='ocrx_word' id='word_1_23' title='bbox 353 844 428 886; x_wconf 92' lang='lat' dir='ltr'>curn</span> <span class='ocrx_word' id='word_1_24' title='bbox 444 825 559 886; x_wconf 85' lang='lat' dir='ltr'>dentur</span> <span class='ocrx_word' id='word_1_25' title='bbox 574 825 669 888; x_wconf 85' lang='lat' dir='ltr'>etiarn</span> <span class='ocrx_word' id='word_1_26' title='bbox 685 845 798 896; x_wconf 78' lang='lat' dir='ltr'>voces,</span> <span class='ocrx_word' id='word_1_27' title='bbox 823 827 856 886; x_wconf 92' lang='lat' dir='ltr'>in</span> <span class='ocrx_word' id='word_1_28' title='bbox 874 826 990 906; x_wconf 84' lang='lat' dir='ltr'>quibua</span> <span class='ocrx_word' id='word_1_29' title='bbox 1005 825 1091 886; x_wconf 88' lang='lat' dir='ltr'>nulla</span> <span class='ocrx_word' id='word_1_30' title='bbox 1108 835 1252 886; x_wconf 86' lang='lat' dir='ltr'>remaneat</span> <span class='ocrx_word' id='word_1_31' title='bbox 1265 821 1336 886; x_wconf 79' lang='lat' dir='ltr'>liren.</span> 
     </span>
     <span class='ocr_line' id='line_1_5' title="bbox 352 923 1336 1012; baseline -0.007 -26"><span class='ocrx_word' id='word_1_32' title='bbox 352 945 484 1008; x_wconf 87' lang='lat' dir='ltr'>quarum</span> <span class='ocrx_word' id='word_1_33' title='bbox 517 939 623 988; x_wconf 83' lang='lat' dir='ltr'>tamen</span> <span class='ocrx_word' id='word_1_34' title='bbox 656 927 814 1012; x_wconf 76' lang='lat' dir='ltr'><strong>originem</strong></span> <span class='ocrx_word' id='word_1_35' title='bbox 842 941 876 986; x_wconf 88' lang='lat' dir='ltr'>ct</span> <span class='ocrx_word' id='word_1_36' title='bbox 900 927 1159 1008; x_wconf 75' lang='lat' dir='ltr'>composuionem</span> <span class='ocrx_word' id='word_1_37' title='bbox 1182 923 1336 1004; x_wconf 81' lang='lat' dir='ltr'>alitquantur</span> 
     </span>
     <span class='ocr_line' id='line_1_6' title="bbox 354 1017 1336 1112; baseline -0.008 -24"><span class='ocrx_word' id='word_1_38' title='bbox 354 1017 476 1088; x_wconf 76' lang='lat' dir='ltr'>Gr&#39;aeci.</span> <span class='ocrx_word' id='word_1_39' title='bbox 526 1028 604 1090; x_wconf 83' lang='lat' dir='ltr'>Sive</span> <span class='ocrx_word' id='word_1_40' title='bbox 619 1046 636 1088; x_wconf 84' lang='lat' dir='ltr'>a</span> <span class='ocrx_word' id='word_1_41' title='bbox 654 1025 813 1112; x_wconf 78' lang='lat' dir='ltr'>lingulati,</span> <span class='ocrx_word' id='word_1_42' title='bbox 843 1027 1095 1110; x_wconf 83' lang='lat' dir='ltr'>liveaplurinm</span> <span class='ocrx_word' id='word_1_43' title='bbox 1116 1041 1336 1088; x_wconf 87' lang='lat' dir='ltr'>numeroruren</span> 
     </span>
     <span class='ocr_line' id='line_1_7' title="bbox 352 1127 1337 1210; baseline -0.009 -20"><span class='ocrx_word' id='word_1_44' title='bbox 352 1127 434 1190; x_wconf 88' lang='lat' dir='ltr'>hanc</span> <span class='ocrx_word' id='word_1_45' title='bbox 454 1127 591 1198; x_wconf 83' lang='lat' dir='ltr'>arcellas.</span> <span class='ocrx_word' id='word_1_46' title='bbox 617 1141 786 1210; x_wconf 89' lang='lat' dir='ltr'>utrumque</span> <span class='ocrx_word' id='word_1_47' title='bbox 806 1141 889 1190; x_wconf 90' lang='lat' dir='ltr'>recte</span> <span class='ocrx_word' id='word_1_48' title='bbox 908 1127 937 1191; x_wconf 82' lang='lat' dir='ltr'>le</span> <span class='ocrx_word' id='word_1_49' title='bbox 958 1129 1073 1202; x_wconf 88' lang='lat' dir='ltr'>habet;</span> <span class='ocrx_word' id='word_1_50' title='bbox 1101 1143 1139 1188; x_wconf 85' lang='lat' dir='ltr'>ut</span> <span class='ocrx_word' id='word_1_51' title='bbox 1152 1129 1231 1189; x_wconf 89' lang='lat' dir='ltr'>enirn</span> <span class='ocrx_word' id='word_1_52' title='bbox 1250 1145 1281 1186; x_wconf 87' lang='lat' dir='ltr'>err</span> <span class='ocrx_word' id='word_1_53' title='bbox 1296 1145 1337 1210; x_wconf 84' lang='lat' dir='ltr'>pc·</span> 
     </span>
     <span class='ocr_line' id='line_1_8' title="bbox 353 1225 1337 1318; baseline -0.006 -26"><span class='ocrx_word' id='word_1_54' title='bbox 353 1225 525 1316; x_wconf 76' lang='grc' dir='ltr'><strong><em>κροαίωνες</em></strong></span> <span class='ocrx_word' id='word_1_55' title='bbox 547 1241 741 1290; x_wconf 87' lang='lat' dir='ltr'>contractum</span> <span class='ocrx_word' id='word_1_56' title='bbox 762 1227 977 1318; x_wconf 75' lang='grc' dir='ltr'>μακραίωνες,</span> <span class='ocrx_word' id='word_1_57' title='bbox 1003 1233 1047 1292; x_wconf 84' lang='lat' dir='ltr'>ita</span> <span class='ocrx_word' id='word_1_58' title='bbox 1064 1251 1103 1292; x_wconf 87' lang='lat' dir='ltr'>ert</span> <span class='ocrx_word' id='word_1_59' title='bbox 1124 1225 1265 1295; x_wconf 70' lang='lat' dir='ltr'>cluniuaer</span> <span class='ocrx_word' id='word_1_60' title='bbox 1281 1226 1337 1286; x_wconf 76' lang='lat' dir='ltr'>iuni</span> 
     </span>
    </p>
   </div>
   <div class='ocr_carea' id='block_1_3' title="bbox 353 1325 1348 1416">
    <p class='ocr_par' dir='ltr' id='par_1_3' title="bbox 353 1325 1348 1416">
     <span class='ocr_line' id='line_1_9' title="bbox 353 1325 1348 1416; baseline -0.006 -24"><span class='ocrx_word' id='word_1_61' title='bbox 353 1327 501 1406; x_wconf 77' lang='grc' dir='ltr'><em>ωἀὶωνες.</em></span> <span class='ocrx_word' id='word_1_62' title='bbox 553 1331 679 1392; x_wconf 83' lang='lat' dir='ltr'>infinita</span> <span class='ocrx_word' id='word_1_63' title='bbox 694 1333 780 1392; x_wconf 87' lang='lat' dir='ltr'>eninr</span> <span class='ocrx_word' id='word_1_64' title='bbox 799 1333 942 1414; x_wconf 84' lang='lat' dir='ltr'>exempla</span> <span class='ocrx_word' id='word_1_65' title='bbox 957 1345 990 1394; x_wconf 88' lang='lat' dir='ltr'>et</span> <span class='ocrx_word' id='word_1_66' title='bbox 1010 1343 1171 1416; x_wconf 85' lang='lat' dir='ltr'>praecepta</span> <span class='ocrx_word' id='word_1_67' title='bbox 1192 1325 1348 1391; x_wconf 83' lang='lat' dir='ltr'>Grann..rri·.</span> 
     </span>
    </p>
   </div>
   <div class='ocr_carea' id='block_1_4' title="bbox 350 1427 1341 2322">
    <p class='ocr_par' dir='ltr' id='par_1_4' title="bbox 350 1427 1341 2322">
     <span class='ocr_line' id='line_1_10' title="bbox 353 1427 1337 1514; baseline -0.01 -20"><span class='ocrx_word' id='word_1_68' title='bbox 353 1451 464 1494; x_wconf 87' lang='lat' dir='ltr'>corum</span> <span class='ocrx_word' id='word_1_69' title='bbox 495 1450 563 1493; x_wconf 88' lang='lat' dir='ltr'>non</span> <span class='ocrx_word' id='word_1_70' title='bbox 586 1433 777 1514; x_wconf 87' lang='lat' dir='ltr'>permittunt</span> <span class='ocrx_word' id='word_1_71' title='bbox 802 1445 946 1504; x_wconf 87' lang='lat' dir='ltr'>tanturn,</span> <span class='ocrx_word' id='word_1_72' title='bbox 980 1431 1034 1496; x_wconf 82' lang='lat' dir='ltr'>led</span> <span class='ocrx_word' id='word_1_73' title='bbox 1057 1447 1090 1496; x_wconf 87' lang='lat' dir='ltr'>et</span> <span class='ocrx_word' id='word_1_74' title='bbox 1110 1433 1230 1500; x_wconf 87' lang='lat' dir='ltr'>iubent,</span> <span class='ocrx_word' id='word_1_75' title='bbox 1259 1427 1337 1486; x_wconf 84' lang='lat' dir='ltr'>utin</span> 
     </span>
     <span class='ocr_line' id='line_1_11' title="bbox 352 1532 1338 1616; baseline -0.006 -22"><span class='ocrx_word' id='word_1_76' title='bbox 352 1533 544 1604; x_wconf 84' lang='lat' dir='ltr'>contractio,</span> <span class='ocrx_word' id='word_1_77' title='bbox 574 1533 597 1594; x_wconf 82' lang='lat' dir='ltr'>fi</span> <span class='ocrx_word' id='word_1_78' title='bbox 614 1535 648 1594; x_wconf 91' lang='lat' dir='ltr'>in</span> <span class='ocrx_word' id='word_1_79' title='bbox 666 1533 865 1616; x_wconf 85' lang='lat' dir='ltr'>compofitia,</span> <span class='ocrx_word' id='word_1_80' title='bbox 891 1553 972 1616; x_wconf 86' lang='lat' dir='ltr'>quae</span> <span class='ocrx_word' id='word_1_81' title='bbox 993 1536 1027 1595; x_wconf 90' lang='lat' dir='ltr'>in</span> <span class='ocrx_word' id='word_1_82' title='bbox 1047 1537 1111 1596; x_wconf 85' lang='lat' dir='ltr'>fine</span> <span class='ocrx_word' id='word_1_83' title='bbox 1128 1532 1168 1595; x_wconf 82' lang='lat' dir='ltr'>est</span> <span class='ocrx_word' id='word_1_84' title='bbox 1183 1551 1253 1599; x_wconf 83' lang='lat' dir='ltr'>vor,</span> <span class='ocrx_word' id='word_1_85' title='bbox 1274 1543 1338 1588; x_wconf 85' lang='lat' dir='ltr'>avo·</span> 
     </span>
     <span class='ocr_line' id='line_1_12' title="bbox 351 1621 1340 1716; baseline -0.001 -21"><span class='ocrx_word' id='word_1_86' title='bbox 351 1635 410 1695; x_wconf 77' lang='lat' dir='ltr'>cali</span> <span class='ocrx_word' id='word_1_87' title='bbox 430 1635 575 1716; x_wconf 83' lang='lat' dir='ltr'>incipiat,</span> <span class='ocrx_word' id='word_1_88' title='bbox 601 1637 739 1716; x_wconf 79' lang='lat' dir='ltr'>exceptis</span> <span class='ocrx_word' id='word_1_89' title='bbox 755 1647 878 1696; x_wconf 85' lang='lat' dir='ltr'>tantum</span> <span class='ocrx_word' id='word_1_90' title='bbox 895 1637 1061 1698; x_wconf 71' lang='lat' dir='ltr'>nonnullis</span> <span class='ocrx_word' id='word_1_91' title='bbox 1078 1639 1112 1696; x_wconf 93' lang='lat' dir='ltr'>in</span> <span class='ocrx_word' id='word_1_92' title='bbox 1133 1627 1208 1706; x_wconf 76' lang='grc' dir='ltr'><em>εἶδος</em></span> <span class='ocrx_word' id='word_1_93' title='bbox 1225 1643 1269 1690; x_wconf 87' lang='lat' dir='ltr'>aut</span> <span class='ocrx_word' id='word_1_94' title='bbox 1283 1621 1340 1706; x_wconf 69' lang='lat' dir='ltr'>ellat</span> 
     </span>
     <span class='ocr_line' id='line_1_13' title="bbox 352 1729 1340 1818; baseline -0.007 -22"><span class='ocrx_word' id='word_1_95' title='bbox 352 1736 544 1808; x_wconf 85' lang='lat' dir='ltr'>terminatia,</span> <span class='ocrx_word' id='word_1_96' title='bbox 575 1755 767 1817; x_wconf 86' lang='lat' dir='ltr'>quamquam</span> <span class='ocrx_word' id='word_1_97' title='bbox 787 1738 821 1796; x_wconf 91' lang='lat' dir='ltr'>in</span> <span class='ocrx_word' id='word_1_98' title='bbox 842 1737 905 1798; x_wconf 88' lang='lat' dir='ltr'>illie</span> <span class='ocrx_word' id='word_1_99' title='bbox 921 1756 1048 1818; x_wconf 88' lang='lat' dir='ltr'>quoque</span> <span class='ocrx_word' id='word_1_100' title='bbox 1070 1751 1288 1813; x_wconf 78' lang='lat' dir='ltr'><strong>nonnumquam</strong></span> <span class='ocrx_word' id='word_1_101' title='bbox 1305 1729 1340 1788; x_wconf 84' lang='lat' dir='ltr'>fin</span> 
     </span>
     <span class='ocr_line' id='line_1_14' title="bbox 353 1827 1340 1920; baseline 0.002 -22"><span class='ocrx_word' id='word_1_102' title='bbox 353 1837 537 1900; x_wconf 87' lang='lat' dir='ltr'>contractio.</span> <span class='ocrx_word' id='word_1_103' title='bbox 589 1837 686 1920; x_wconf 87' lang='lat' dir='ltr'>Quod</span> <span class='ocrx_word' id='word_1_104' title='bbox 711 1837 734 1898; x_wconf 72' lang='grc' dir='ltr'>[ι</span> <span class='ocrx_word' id='word_1_105' title='bbox 758 1857 774 1896; x_wconf 87' lang='lat' dir='ltr'>a</span> <span class='ocrx_word' id='word_1_106' title='bbox 800 1837 914 1918; x_wconf 81' lang='lat' dir='ltr'>plurali</span> <span class='ocrx_word' id='word_1_107' title='bbox 938 1833 991 1900; x_wconf 63' lang='lat' dir='ltr'>ele</span> <span class='ocrx_word' id='word_1_108' title='bbox 1016 1839 1070 1900; x_wconf 87' lang='lat' dir='ltr'>fiat</span> <span class='ocrx_word' id='word_1_109' title='bbox 1094 1833 1280 1918; x_wconf 67' lang='lat' dir='ltr'>componun,</span> <span class='ocrx_word' id='word_1_110' title='bbox 1306 1827 1340 1886; x_wconf 65' lang='lat'>1¹¹1</span> 
     </span>
     <span class='ocr_line' id='line_1_15' title="bbox 352 1926 1340 2021; baseline 0 -25"><span class='ocrx_word' id='word_1_111' title='bbox 352 1935 457 2018; x_wconf 81' lang='lat' dir='ltr'>saepe,</span> <span class='ocrx_word' id='word_1_112' title='bbox 483 1940 545 1998; x_wconf 84' lang='lat' dir='ltr'>iana</span> <span class='ocrx_word' id='word_1_113' title='bbox 560 1955 672 2000; x_wconf 76' lang='lat' dir='ltr'>ornnes</span> <span class='ocrx_word' id='word_1_114' title='bbox 693 1939 726 1998; x_wconf 90' lang='lat' dir='ltr'>in</span> <span class='ocrx_word' id='word_1_115' title='bbox 749 1935 887 2010; x_wconf 80' lang='grc' dir='ltr'>ωἀίωνες</span> <span class='ocrx_word' id='word_1_116' title='bbox 905 1938 1139 2021; x_wconf 87' lang='lat' dir='ltr'>comparebunt</span> <span class='ocrx_word' id='word_1_117' title='bbox 1155 1938 1260 1998; x_wconf 86' lang='lat' dir='ltr'>literae.</span> <span class='ocrx_word' id='word_1_118' title='bbox 1298 1926 1340 1988; x_wconf 63' lang='lat' dir='ltr'>Ille</span> 
     </span>
     <span class='ocr_line' id='line_1_16' title="bbox 351 2033 1340 2110; baseline -0.006 -12"><span class='ocrx_word' id='word_1_119' title='bbox 351 2049 457 2099; x_wconf 81' lang='lat' dir='ltr'>tannen</span> <span class='ocrx_word' id='word_1_120' title='bbox 483 2039 607 2100; x_wconf 84' lang='lat' dir='ltr'>invenie</span> <span class='ocrx_word' id='word_1_121' title='bbox 629 2039 774 2102; x_wconf 80' lang='lat' dir='ltr'>audacter</span> <span class='ocrx_word' id='word_1_122' title='bbox 795 2037 944 2110; x_wconf 82' lang='lat' dir='ltr'>affirmat,</span> <span class='ocrx_word' id='word_1_123' title='bbox 978 2039 1147 2102; x_wconf 82' lang='lat' dir='ltr'>Oocenrras</span> <span class='ocrx_word' id='word_1_124' title='bbox 1166 2037 1215 2098; x_wconf 82' lang='lat' dir='ltr'>vel</span> <span class='ocrx_word' id='word_1_125' title='bbox 1234 2033 1340 2096; x_wconf 70' lang='lat' dir='ltr'>Onne</span> 
     </span>
     <span class='ocr_line' id='line_1_17' title="bbox 350 2127 1341 2223; baseline -0.006 -23"><span class='ocrx_word' id='word_1_126' title='bbox 350 2159 411 2200; x_wconf 84' lang='lat' dir='ltr'>aras</span> <span class='ocrx_word' id='word_1_127' title='bbox 428 2137 487 2200; x_wconf 84' lang='lat' dir='ltr'>elle</span> <span class='ocrx_word' id='word_1_128' title='bbox 508 2139 694 2222; x_wconf 82' lang='lat' dir='ltr'>legencium.</span> <span class='ocrx_word' id='word_1_129' title='bbox 743 2139 804 2202; x_wconf 88' lang='lat' dir='ltr'>Sed</span> <span class='ocrx_word' id='word_1_130' title='bbox 824 2139 979 2202; x_wconf 85' lang='lat' dir='ltr'>debuiffet</span> <span class='ocrx_word' id='word_1_131' title='bbox 998 2159 1146 2223; x_wconf 81' lang='lat' dir='ltr'>promere</span> <span class='ocrx_word' id='word_1_132' title='bbox 1160 2140 1280 2219; x_wconf 80' lang='lat' dir='ltr'>aliquem</span> <span class='ocrx_word' id='word_1_133' title='bbox 1294 2127 1341 2189; x_wconf 71' lang='lat' dir='ltr'>lui·</span> 
     </span>
     <span class='ocr_line' id='line_1_18' title="bbox 351 2233 1339 2322; baseline -0.005 -22"><span class='ocrx_word' id='word_1_134' title='bbox 351 2253 495 2322; x_wconf 65' lang='lat' dir='ltr'>penem,</span> <span class='ocrx_word' id='word_1_135' title='bbox 528 2259 545 2300; x_wconf 86' lang='lat' dir='ltr'>a</span> <span class='ocrx_word' id='word_1_136' title='bbox 567 2260 631 2320; x_wconf 92' lang='lat' dir='ltr'>quo</span> <span class='ocrx_word' id='word_1_137' title='bbox 654 2239 707 2302; x_wconf 87' lang='lat' dir='ltr'>ille</span> <span class='ocrx_word' id='word_1_138' title='bbox 727 2241 867 2322; x_wconf 83' lang='lat' dir='ltr'>populna</span> <span class='ocrx_word' id='word_1_139' title='bbox 889 2242 944 2302; x_wconf 86' lang='lat' dir='ltr'>vel</span> <span class='ocrx_word' id='word_1_140' title='bbox 971 2241 1034 2304; x_wconf 88' lang='lat' dir='ltr'>lanc</span> <span class='ocrx_word' id='word_1_141' title='bbox 1053 2243 1108 2304; x_wconf 84' lang='lat' dir='ltr'>vel</span> <span class='ocrx_word' id='word_1_142' title='bbox 1130 2241 1183 2301; x_wconf 92' lang='lat' dir='ltr'>illo</span> <span class='ocrx_word' id='word_1_143' title='bbox 1202 2233 1339 2319; x_wconf 73' lang='lat' dir='ltr'>appelletur</span> 
     </span>
    </p>
   </div>
   <div class='ocr_carea' id='block_1_5' title="bbox 350 2330 1378 2423">
    <p class='ocr_par' dir='ltr' id='par_1_5' title="bbox 350 2330 1378 2423">
     <span class='ocr_line' id='line_1_19' title="bbox 350 2330 1378 2423; baseline -0.003 -23"><span class='ocrx_word' id='word_1_144' title='bbox 350 2341 494 2403; x_wconf 89' lang='lat' dir='ltr'>nomine.</span> <span class='ocrx_word' id='word_1_145' title='bbox 547 2341 585 2402; x_wconf 91' lang='lat' dir='ltr'>ln</span> <span class='ocrx_word' id='word_1_146' title='bbox 609 2341 810 2410; x_wconf 74' lang='lat' dir='ltr'>necantem,</span> <span class='ocrx_word' id='word_1_147' title='bbox 843 2362 940 2423; x_wconf 89' lang='lat' dir='ltr'>quam</span> <span class='ocrx_word' id='word_1_148' title='bbox 960 2343 1050 2414; x_wconf 83' lang='lat' dir='ltr'>dedi,</span> <span class='ocrx_word' id='word_1_149' title='bbox 1086 2343 1234 2410; x_wconf 87' lang='lat' dir='ltr'>lectione,</span> <span class='ocrx_word' id='word_1_150' title='bbox 1262 2330 1340 2398; x_wconf 64' lang='lat' dir='ltr'>emuli</span> <span class='ocrx_word' id='word_1_151' title='bbox 1377 2359 1378 2364; x_wconf 49' lang='lat'>¹</span> 
     </span>
    </p>
   </div>
   <div class='ocr_carea' id='block_1_6' title="bbox 260 2441 1343 2932">
    <p class='ocr_par' dir='ltr' id='par_1_6' title="bbox 260 2441 1343 2932">
     <span class='ocr_line' id='line_1_20' title="bbox 351 2441 1340 2526; baseline -0.009 -22"><span class='ocrx_word' id='word_1_152' title='bbox 351 2443 480 2524; x_wconf 87' lang='lat' dir='ltr'>antiqua</span> <span class='ocrx_word' id='word_1_153' title='bbox 500 2441 598 2504; x_wconf 89' lang='lat' dir='ltr'>Plinii</span> <span class='ocrx_word' id='word_1_154' title='bbox 619 2455 651 2504; x_wconf 89' lang='lat' dir='ltr'>et</span> <span class='ocrx_word' id='word_1_155' title='bbox 671 2443 770 2505; x_wconf 89' lang='lat' dir='ltr'>Solini</span> <span class='ocrx_word' id='word_1_156' title='bbox 789 2445 989 2506; x_wconf 88' lang='lat' dir='ltr'>conveniunt</span> <span class='ocrx_word' id='word_1_157' title='bbox 1010 2443 1208 2526; x_wconf 83' lang='lat' dir='ltr'>exemplaria.</span> <span class='ocrx_word' id='word_1_158' title='bbox 1245 2447 1340 2498; x_wconf 69' lang='lat' dir='ltr'>voearet</span> 
     </span>
     <span class='ocr_line' id='line_1_21' title="bbox 260 2537 1340 2634; baseline -0.003 -30"><span class='ocrx_word' id='word_1_159' title='bbox 260 2627 265 2634; x_wconf 21' lang='grc' dir='ltr'>ι</span> <span class='ocrx_word' id='word_1_160' title='bbox 351 2543 384 2604; x_wconf 85' lang='lat' dir='ltr'>in</span> <span class='ocrx_word' id='word_1_161' title='bbox 411 2543 585 2624; x_wconf 82' lang='lat' dir='ltr'>appendice</span> <span class='ocrx_word' id='word_1_162' title='bbox 605 2543 648 2604; x_wconf 81' lang='lat' dir='ltr'>ad</span> <span class='ocrx_word' id='word_1_163' title='bbox 668 2545 700 2606; x_wconf 86' lang='lat' dir='ltr'>lr.</span> <span class='ocrx_word' id='word_1_164' title='bbox 721 2543 743 2606; x_wconf 79' lang='grc' dir='ltr'>ἱ.</span> <span class='ocrx_word' id='word_1_165' title='bbox 806 2546 847 2606; x_wconf 80' lang='lat' dir='ltr'>At</span> <span class='ocrx_word' id='word_1_166' title='bbox 869 2548 903 2606; x_wconf 90' lang='lat' dir='ltr'>in</span> <span class='ocrx_word' id='word_1_167' title='bbox 928 2567 1023 2617; x_wconf 77' lang='lat' dir='ltr'>creua,</span> <span class='ocrx_word' id='word_1_168' title='bbox 1054 2546 1141 2606; x_wconf 87' lang='lat' dir='ltr'>unde</span> <span class='ocrx_word' id='word_1_169' title='bbox 1166 2537 1262 2604; x_wconf 76' lang='grc' dir='ltr'>ωἀἱων</span> <span class='ocrx_word' id='word_1_170' title='bbox 1280 2551 1340 2596; x_wconf 73' lang='lat' dir='ltr'>tom·</span> 
     </span>
     <span class='ocr_line' id='line_1_22' title="bbox 351 2641 1341 2740; baseline -0.008 -35"><span class='ocrx_word' id='word_1_171' title='bbox 351 2647 461 2740; x_wconf 79' lang='lat' dir='ltr'>ponit,</span> <span class='ocrx_word' id='word_1_172' title='bbox 495 2645 575 2706; x_wconf 88' lang='lat' dir='ltr'>nihil</span> <span class='ocrx_word' id='word_1_173' title='bbox 601 2645 643 2706; x_wconf 83' lang='lat' dir='ltr'>est</span> <span class='ocrx_word' id='word_1_174' title='bbox 667 2645 706 2706; x_wconf 88' lang='lat' dir='ltr'>de</span> <span class='ocrx_word' id='word_1_175' title='bbox 729 2643 901 2717; x_wconf 84' lang='lat' dir='ltr'>vescendo,</span> <span class='ocrx_word' id='word_1_176' title='bbox 932 2665 999 2706; x_wconf 88' lang='lat' dir='ltr'>non</span> <span class='ocrx_word' id='word_1_177' title='bbox 1025 2647 1126 2729; x_wconf 80' lang='lat' dir='ltr'>magis</span> <span class='ocrx_word' id='word_1_178' title='bbox 1150 2661 1239 2725; x_wconf 86' lang='lat' dir='ltr'>quarn</span> <span class='ocrx_word' id='word_1_179' title='bbox 1257 2641 1283 2698; x_wconf 89' lang='lat' dir='ltr'>in</span> <span class='ocrx_word' id='word_1_180' title='bbox 1301 2653 1341 2720; x_wconf 73' lang='grc' dir='ltr'>μα·</span> 
     </span>
     <span class='ocr_line' id='line_1_23' title="bbox 354 2733 1341 2836; baseline -0.017 -27"><span class='ocrx_word' id='word_1_181' title='bbox 354 2741 483 2836; x_wconf 72' lang='lat' dir='ltr'>reperirer.</span> <span class='ocrx_word' id='word_1_182' title='bbox 543 2748 630 2808; x_wconf 90' lang='lat' dir='ltr'>Turn</span> <span class='ocrx_word' id='word_1_183' title='bbox 653 2747 686 2805; x_wconf 89' lang='lat' dir='ltr'>in</span> <span class='ocrx_word' id='word_1_184' title='bbox 713 2747 812 2808; x_wconf 88' lang='lat' dir='ltr'>verbu</span> <span class='ocrx_word' id='word_1_185' title='bbox 839 2746 1013 2828; x_wconf 85' lang='lat' dir='ltr'>compofito</span> <span class='ocrx_word' id='word_1_186' title='bbox 1037 2740 1190 2831; x_wconf 75' lang='grc' dir='ltr'>ἑπωᾰζειυ</span> <span class='ocrx_word' id='word_1_187' title='bbox 1215 2733 1341 2802; x_wconf 79' lang='lat' dir='ltr'>manifeste</span> 
     </span>
     <span class='ocr_line' id='line_1_24' title="bbox 351 2835 1343 2932; baseline -0.01 -22"><span class='ocrx_word' id='word_1_188' title='bbox 351 2861 439 2932; x_wconf 86' lang='lat' dir='ltr'>patet</span> <span class='ocrx_word' id='word_1_189' title='bbox 461 2847 580 2910; x_wconf 89' lang='lat' dir='ltr'>locutio</span> <span class='ocrx_word' id='word_1_190' title='bbox 602 2843 648 2912; x_wconf 83' lang='grc' dir='ltr'>ἐπ’</span> <span class='ocrx_word' id='word_1_191' title='bbox 671 2840 721 2908; x_wconf 77' lang='lat' dir='ltr'>w&#39;c&#39;r</span> <span class='ocrx_word' id='word_1_192' title='bbox 750 2847 932 2931; x_wconf 61' lang='lat' dir='ltr'>ucssinfflru</span> <span class='ocrx_word' id='word_1_193' title='bbox 968 2847 1000 2906; x_wconf 85' lang='lat' dir='ltr'>id</span> <span class='ocrx_word' id='word_1_194' title='bbox 1024 2845 1172 2928; x_wconf 79' lang='lat' dir='ltr'>supponit</span> <span class='ocrx_word' id='word_1_195' title='bbox 1192 2835 1343 2926; x_wconf 65' lang='lat' dir='ltr'>praepositio</span> 
     </span>
    </p>
   </div>
   <div class='ocr_carea' id='block_1_7' title="bbox 352 2933 1342 3022">
    <p class='ocr_par' dir='ltr' id='par_1_7' title="bbox 352 2925 1376 3039">
     <span class='ocr_line' id='line_1_25' title="bbox 352 2933 1342 3022; baseline -0.019 -12"><span class='ocrx_word' id='word_1_196' title='bbox 352 2949 543 3010; x_wconf 76' lang='lat' dir='ltr'>antecedens</span> <span class='ocrx_word' id='word_1_197' title='bbox 573 2963 605 3010; x_wconf 89' lang='lat' dir='ltr'>et</span> <span class='ocrx_word' id='word_1_198' title='bbox 637 2949 752 3010; x_wconf 85' lang='lat' dir='ltr'>iuncta.</span> <span class='ocrx_word' id='word_1_199' title='bbox 811 2949 848 3008; x_wconf 91' lang='lat' dir='ltr'>ln</span> <span class='ocrx_word' id='word_1_200' title='bbox 879 2967 918 3010; x_wconf 89' lang='lat' dir='ltr'>eo</span> <span class='ocrx_word' id='word_1_201' title='bbox 950 2947 1094 3008; x_wconf 85' lang='lat' dir='ltr'>dubitare</span> <span class='ocrx_word' id='word_1_202' title='bbox 1131 2948 1231 3008; x_wconf 81' lang='lat' dir='ltr'>nullut</span> <span class='ocrx_word' id='word_1_203' title='bbox 1259 2933 1342 3022; x_wconf 82' lang='lat' dir='ltr'>porei.</span> 
     </span>
    </p>
   </div>
   <div class='ocr_carea' id='block_1_8' title="bbox 350 3037 1345 3238">
    <p class='ocr_par' dir='ltr' id='par_1_8' title="bbox 350 3037 1345 3238">
     <span class='ocr_line' id='line_1_26' title="bbox 350 3037 1345 3130; baseline -0.019 -20"><span class='ocrx_word' id='word_1_204' title='bbox 350 3047 510 3124; x_wconf 78' lang='grc' dir='ltr'><strong><em>Ὠαίωνες</em></strong></span> <span class='ocrx_word' id='word_1_205' title='bbox 540 3062 646 3110; x_wconf 86' lang='lat' dir='ltr'>autern</span> <span class='ocrx_word' id='word_1_206' title='bbox 678 3049 861 3112; x_wconf 75' lang='lat' dir='ltr'>considerari</span> <span class='ocrx_word' id='word_1_207' title='bbox 895 3047 1035 3130; x_wconf 83' lang='lat' dir='ltr'>poliunt,</span> <span class='ocrx_word' id='word_1_208' title='bbox 1073 3067 1139 3108; x_wconf 88' lang='lat' dir='ltr'>non</span> <span class='ocrx_word' id='word_1_209' title='bbox 1165 3047 1216 3127; x_wconf 91' lang='lat' dir='ltr'>qui</span> <span class='ocrx_word' id='word_1_210' title='bbox 1239 3037 1345 3124; x_wconf 74' lang='lat' dir='ltr'>pellibus</span> 
     </span>
     <span class='ocr_line' id='line_1_27' title="bbox 351 3147 1345 3238; baseline -0.017 -27"><span class='ocrx_word' id='word_1_211' title='bbox 351 3147 515 3238; x_wconf 70' lang='lat' dir='ltr'>vescuntup</span> <span class='ocrx_word' id='word_1_212' title='bbox 539 3150 666 3219; x_wconf 78' lang='lat' dir='ltr'>lanatis,</span> <span class='ocrx_word' id='word_1_213' title='bbox 702 3148 751 3210; x_wconf 87' lang='lat' dir='ltr'>led</span> <span class='ocrx_word' id='word_1_214' title='bbox 777 3151 890 3210; x_wconf 75' lang='lat' dir='ltr'>talibus</span> <span class='ocrx_word' id='word_1_215' title='bbox 917 3149 1052 3232; x_wconf 68' lang='lat' dir='ltr'>pellibus</span> <span class='ocrx_word' id='word_1_216' title='bbox 1078 3149 1214 3208; x_wconf 84' lang='lat' dir='ltr'>multum</span> <span class='ocrx_word' id='word_1_217' title='bbox 1237 3153 1345 3224; x_wconf 69' lang='lat' dir='ltr'>utentes.</span> 
     </span>
    </p>
   </div>
   <div class='ocr_carea' id='block_1_9' title="bbox 352 3227 1346 3334">
    <p class='ocr_par' dir='ltr' id='par_1_9' title="bbox 352 3211 1375 3345">
     <span class='ocr_line' id='line_1_28' title="bbox 352 3227 1346 3334; baseline -0.018 -22"><span class='ocrx_word' id='word_1_218' title='bbox 352 3249 451 3312; x_wconf 86' lang='lat' dir='ltr'>Verba</span> <span class='ocrx_word' id='word_1_219' title='bbox 471 3247 543 3308; x_wconf 87' lang='lat' dir='ltr'>lunt</span> <span class='ocrx_word' id='word_1_220' title='bbox 557 3251 741 3334; x_wconf 84' lang='lat' dir='ltr'>Etymnlogi</span> <span class='ocrx_word' id='word_1_221' title='bbox 764 3251 854 3311; x_wconf 85' lang='lat' dir='ltr'>citata</span> <span class='ocrx_word' id='word_1_222' title='bbox 879 3249 1030 3321; x_wconf 64' lang='lat' dir='ltr'>ueneno,</span> <span class='ocrx_word' id='word_1_223' title='bbox 1063 3238 1099 3322; x_wconf 79' lang='grc' dir='ltr'>ἐξ</span> <span class='ocrx_word' id='word_1_224' title='bbox 1122 3231 1162 3312; x_wconf 74' lang='lat' dir='ltr'>ccl</span> <span class='ocrx_word' id='word_1_225' title='bbox 1183 3237 1233 3308; x_wconf 77' lang='lat' dir='ltr'>nni</span> <span class='ocrx_word' id='word_1_226' title='bbox 1253 3235 1289 3304; x_wconf 61' lang='lat' dir='ltr'>ru*</span> <span class='ocrx_word' id='word_1_227' title='bbox 1309 3227 1346 3297; x_wconf 75' lang='lat' dir='ltr'>iri</span> 
     </span>
    </p>
   </div>
   <div class='ocr_carea' id='block_1_10' title="bbox 351 3331 1346 3540">
    <p class='ocr_par' dir='ltr' id='par_1_10' title="bbox 351 3331 1346 3540">
     <span class='ocr_line' id='line_1_29' title="bbox 352 3331 1346 3438; baseline -0.02 -22"><span class='ocrx_word' id='word_1_228' title='bbox 352 3351 410 3438; x_wconf 69' lang='grc' dir='ltr'>τῆς</span> <span class='ocrx_word' id='word_1_229' title='bbox 424 3375 448 3414; x_wconf 84' lang='grc' dir='ltr'>ω</span> <span class='ocrx_word' id='word_1_230' title='bbox 465 3344 654 3434; x_wconf 56' lang='lat' dir='ltr'>eresippus</span> <span class='ocrx_word' id='word_1_231' title='bbox 673 3343 743 3414; x_wconf 76' lang='lat' dir='ltr'>ula·</span> <span class='ocrx_word' id='word_1_232' title='bbox 777 3347 872 3438; x_wconf 71' lang='grc' dir='ltr'>δηλοῖ</span> <span class='ocrx_word' id='word_1_233' title='bbox 890 3347 923 3412; x_wconf 79' lang='grc' dir='ltr'>δὲ</span> <span class='ocrx_word' id='word_1_234' title='bbox 947 3347 1045 3437; x_wconf 74' lang='grc' dir='ltr'>δῆμον</span> <span class='ocrx_word' id='word_1_235' title='bbox 1065 3344 1213 3412; x_wconf 73' lang='grc' dir='ltr'>’Δττικόν</span> <span class='ocrx_word' id='word_1_236' title='bbox 1235 3334 1282 3404; x_wconf 81' lang='lat' dir='ltr'>arci</span> <span class='ocrx_word' id='word_1_237' title='bbox 1301 3331 1346 3398; x_wconf 78' lang='grc' dir='ltr'>τοῦ</span> 
     </span>
     <span class='ocr_line' id='line_1_30' title="bbox 351 3445 1345 3540; baseline -0.015 -21"><span class='ocrx_word' id='word_1_238' title='bbox 351 3453 491 3540; x_wconf 79' lang='grc' dir='ltr'><strong><em>χιτῶνος</em></strong></span> <span class='ocrx_word' id='word_1_239' title='bbox 511 3447 553 3516; x_wconf 63' lang='lat' dir='ltr'>ro*</span> <span class='ocrx_word' id='word_1_240' title='bbox 573 3445 681 3540; x_wconf 74' lang='grc' dir='ltr'>ἄκρον.</span> <span class='ocrx_word' id='word_1_241' title='bbox 735 3451 889 3513; x_wconf 85' lang='lat' dir='ltr'>Meursrue</span> <span class='ocrx_word' id='word_1_242' title='bbox 908 3465 940 3513; x_wconf 84' lang='lat' dir='ltr'>et</span> <span class='ocrx_word' id='word_1_243' title='bbox 955 3453 1016 3511; x_wconf 88' lang='lat' dir='ltr'>viri</span> <span class='ocrx_word' id='word_1_244' title='bbox 1035 3451 1121 3512; x_wconf 87' lang='lat' dir='ltr'>docti</span> <span class='ocrx_word' id='word_1_245' title='bbox 1141 3451 1173 3510; x_wconf 88' lang='lat' dir='ltr'>id</span> <span class='ocrx_word' id='word_1_246' title='bbox 1191 3461 1290 3531; x_wconf 83' lang='lat' dir='ltr'>parum</span> <span class='ocrx_word' id='word_1_247' title='bbox 1308 3455 1345 3497; x_wconf 76' lang='lat' dir='ltr'>cu·</span> 
     </span>
    </p>
   </div>
   <div class='ocr_carea' id='block_1_11' title="bbox 352 3535 1374 3738">
    <p class='ocr_par' dir='ltr' id='par_1_11' title="bbox 352 3535 1374 3738">
     <span class='ocr_line' id='line_1_31' title="bbox 352 3535 1374 3638; baseline -0.017 -19"><span class='ocrx_word' id='word_1_248' title='bbox 352 3571 439 3626; x_wconf 84' lang='lat' dir='ltr'>rant.</span> <span class='ocrx_word' id='word_1_249' title='bbox 464 3551 662 3636; x_wconf 83' lang='lat' dir='ltr'>scribuntque</span> <span class='ocrx_word' id='word_1_250' title='bbox 686 3553 755 3623; x_wconf 85' lang='grc' dir='ltr'>Οα,</span> <span class='ocrx_word' id='word_1_251' title='bbox 782 3553 849 3638; x_wconf 73' lang='lat' dir='ltr'>Op,</span> <span class='ocrx_word' id='word_1_252' title='bbox 875 3567 908 3614; x_wconf 85' lang='lat' dir='ltr'>et</span> <span class='ocrx_word' id='word_1_253' title='bbox 930 3551 1041 3616; x_wconf 77' lang='grc' dir='ltr'><em>Οαθεν</em></span> <span class='ocrx_word' id='word_1_254' title='bbox 1065 3549 1181 3637; x_wconf 70' lang='grc' dir='ltr'>Οηθεν.</span> <span class='ocrx_word' id='word_1_255' title='bbox 1226 3545 1264 3608; x_wconf 73' lang='lat' dir='ltr'>At</span> <span class='ocrx_word' id='word_1_256' title='bbox 1281 3535 1345 3619; x_wconf 77' lang='lat' dir='ltr'>apud</span> <span class='ocrx_word' id='word_1_257' title='bbox 1373 3613 1374 3624; x_wconf 10' lang='grc' dir='ltr'>χ</span> 
     </span>
     <span class='ocr_line' id='line_1_32' title="bbox 352 3633 1374 3738; baseline -0.024 -18"><span class='ocrx_word' id='word_1_258' title='bbox 352 3658 511 3738; x_wconf 88' lang='lat' dir='ltr'>Sponium</span> <span class='ocrx_word' id='word_1_259' title='bbox 525 3657 565 3718; x_wconf 89' lang='grc' dir='ltr'>Τ.</span> <span class='ocrx_word' id='word_1_260' title='bbox 586 3673 616 3718; x_wconf 77' lang='lat' dir='ltr'>n.</span> <span class='ocrx_word' id='word_1_261' title='bbox 638 3655 743 3716; x_wconf 84' lang='lat' dir='ltr'>itiner.</span> <span class='ocrx_word' id='word_1_262' title='bbox 763 3675 793 3735; x_wconf 92' lang='lat' dir='ltr'>p.</span> <span class='ocrx_word' id='word_1_263' title='bbox 812 3665 894 3732; x_wconf 81' lang='lat'>358.</span> <span class='ocrx_word' id='word_1_264' title='bbox 921 3649 1110 3738; x_wconf 78' lang='lat' dir='ltr'>I’AAlNQS</span> <span class='ocrx_word' id='word_1_265' title='bbox 1131 3645 1232 3718; x_wconf 78' lang='grc' dir='ltr'><strong>ΩΔΘ,</strong></span> <span class='ocrx_word' id='word_1_266' title='bbox 1255 3655 1283 3706; x_wconf 83' lang='lat' dir='ltr'>et</span> <span class='ocrx_word' id='word_1_267' title='bbox 1296 3634 1345 3720; x_wconf 83' lang='lat' dir='ltr'>iple</span> <span class='ocrx_word' id='word_1_268' title='bbox 1373 3633 1374 3646; x_wconf 56' lang='lat'>¹</span> 
     </span>
    </p>
   </div>
   <div class='ocr_carea' id='block_1_12' title="bbox 352 3738 1346 4245">
    <p class='ocr_par' dir='ltr' id='par_1_12' title="bbox 352 3738 1346 4245">
     <span class='ocr_line' id='line_1_33' title="bbox 352 3738 1346 3840; baseline -0.013 -21"><span class='ocrx_word' id='word_1_269' title='bbox 352 3755 475 3840; x_wconf 76' lang='lat' dir='ltr'>supplet</span> <span class='ocrx_word' id='word_1_270' title='bbox 495 3755 632 3827; x_wconf 72' lang='grc' dir='ltr'><em>Ωαθεν.</em></span> <span class='ocrx_word' id='word_1_271' title='bbox 664 3775 764 3838; x_wconf 90' lang='lat' dir='ltr'>quum</span> <span class='ocrx_word' id='word_1_272' title='bbox 793 3769 896 3816; x_wconf 85' lang='lat' dir='ltr'>tamen</span> <span class='ocrx_word' id='word_1_273' title='bbox 926 3773 993 3816; x_wconf 92' lang='lat' dir='ltr'>non</span> <span class='ocrx_word' id='word_1_274' title='bbox 1018 3754 1074 3814; x_wconf 87' lang='lat' dir='ltr'>nili</span> <span class='ocrx_word' id='word_1_275' title='bbox 1098 3749 1167 3814; x_wconf 77' lang='lat' dir='ltr'>Oua</span> <span class='ocrx_word' id='word_1_276' title='bbox 1187 3750 1220 3808; x_wconf 92' lang='lat' dir='ltr'>in</span> <span class='ocrx_word' id='word_1_277' title='bbox 1243 3738 1346 3826; x_wconf 67' lang='lat' dir='ltr'>populi·</span> 
     </span>
     <span class='ocr_line' id='line_1_34' title="bbox 353 3839 1344 3943; baseline -0.017 -21"><span class='ocrx_word' id='word_1_278' title='bbox 353 3857 475 3922; x_wconf 77' lang='lat' dir='ltr'>Atticae</span> <span class='ocrx_word' id='word_1_279' title='bbox 498 3857 653 3943; x_wconf 80' lang='lat' dir='ltr'>agnoscat.</span> <span class='ocrx_word' id='word_1_280' title='bbox 704 3859 743 3919; x_wconf 92' lang='lat' dir='ltr'>ln</span> <span class='ocrx_word' id='word_1_281' title='bbox 765 3875 827 3937; x_wconf 89' lang='lat' dir='ltr'>qno</span> <span class='ocrx_word' id='word_1_282' title='bbox 847 3851 970 3917; x_wconf 79' lang='lat' dir='ltr'>Vnilrua</span> <span class='ocrx_word' id='word_1_283' title='bbox 989 3870 1095 3916; x_wconf 83' lang='lat' dir='ltr'>utrum</span> <span class='ocrx_word' id='word_1_284' title='bbox 1112 3871 1189 3921; x_wconf 85' lang='lat' dir='ltr'>ova,</span> <span class='ocrx_word' id='word_1_285' title='bbox 1212 3868 1246 3909; x_wconf 90' lang='lat' dir='ltr'>an</span> <span class='ocrx_word' id='word_1_286' title='bbox 1267 3839 1344 3926; x_wconf 70' lang='lat' dir='ltr'>pelei</span> 
     </span>
     <span class='ocr_line' id='line_1_35' title="bbox 354 3945 1342 4042; baseline -0.017 -20"><span class='ocrx_word' id='word_1_287' title='bbox 354 3957 501 4042; x_wconf 77' lang='lat' dir='ltr'>aspiciet?</span> <span class='ocrx_word' id='word_1_288' title='bbox 561 3959 655 4042; x_wconf 83' lang='lat' dir='ltr'>Quali</span> <span class='ocrx_word' id='word_1_289' title='bbox 690 3977 768 4020; x_wconf 87' lang='lat' dir='ltr'>vero</span> <span class='ocrx_word' id='word_1_290' title='bbox 802 3960 985 4017; x_wconf 88' lang='lat' dir='ltr'>alterutrum</span> <span class='ocrx_word' id='word_1_291' title='bbox 1016 3952 1201 4018; x_wconf 73' lang='lat' dir='ltr'>cnnssclerari&#39;</span> <span class='ocrx_word' id='word_1_292' title='bbox 1228 3945 1342 4008; x_wconf 68' lang='lat' dir='ltr'>deberet·</span> 
     </span>
     <span class='ocr_line' id='line_1_36' title="bbox 354 4039 1343 4142; baseline -0.029 -18"><span class='ocrx_word' id='word_1_293' title='bbox 354 4063 439 4124; x_wconf 89' lang='lat' dir='ltr'>Tum</span> <span class='ocrx_word' id='word_1_294' title='bbox 463 4060 571 4121; x_wconf 86' lang='lat' dir='ltr'>Gracci</span> <span class='ocrx_word' id='word_1_295' title='bbox 594 4061 836 4142; x_wconf 83' lang='lat' dir='ltr'>compulitionce</span> <span class='ocrx_word' id='word_1_296' title='bbox 853 4055 1030 4119; x_wconf 89' lang='lat' dir='ltr'>habuerunt</span> <span class='ocrx_word' id='word_1_297' title='bbox 1051 4076 1090 4118; x_wconf 86' lang='lat' dir='ltr'>ex</span> <span class='ocrx_word' id='word_1_298' title='bbox 1110 4051 1248 4114; x_wconf 83' lang='lat' dir='ltr'>rocibna,</span> <span class='ocrx_word' id='word_1_299' title='bbox 1277 4039 1343 4101; x_wconf 83' lang='lat' dir='ltr'>unde</span> 
     </span>
     <span class='ocr_line' id='line_1_37' title="bbox 353 4148 1343 4245; baseline -0.02 -23"><span class='ocrx_word' id='word_1_300' title='bbox 353 4181 420 4224; x_wconf 89' lang='lat' dir='ltr'>non</span> <span class='ocrx_word' id='word_1_301' title='bbox 440 4175 528 4224; x_wconf 85' lang='lat' dir='ltr'>erant</span> <span class='ocrx_word' id='word_1_302' title='bbox 553 4161 760 4243; x_wconf 82' lang='lat' dir='ltr'>conrpofilae;</span> <span class='ocrx_word' id='word_1_303' title='bbox 793 4159 850 4245; x_wconf 84' lang='lat' dir='ltr'>ipti</span> <span class='ocrx_word' id='word_1_304' title='bbox 869 4171 975 4222; x_wconf 85' lang='lat' dir='ltr'>tamen</span> <span class='ocrx_word' id='word_1_305' title='bbox 999 4154 1163 4227; x_wconf 75' lang='lat' dir='ltr'>lenierunt.</span> <span class='ocrx_word' id='word_1_306' title='bbox 1190 4148 1259 4214; x_wconf 78' lang='lat' dir='ltr'>inde</span> <span class='ocrx_word' id='word_1_307' title='bbox 1277 4155 1343 4203; x_wconf 81' lang='lat' dir='ltr'>com·</span> 
     </span>
    </p>
   </div>
   <div class='ocr_carea' id='block_1_13' title="bbox 0 0 1423 4940">
    <p class='ocr_par' dir='ltr' id='par_1_13' title="bbox 0 0 1423 4940">
     <span class='ocr_line' id='line_1_38' title="bbox 0 0 1423 4940; baseline 0 0"><span class='ocrx_word' id='word_1_308' title='bbox 0 0 1423 4940; x_wconf 95' lang='lat' dir='ltr'> </span> 
     </span>
    </p>
   </div>
  </div>
 </body>
</html>
