2880 4940
362 437 454 510 ιη’.
485 455 538 508 m.
584 453 616 509 c.
647 455 726 514 vur.
770 451 795 522 t.
820 469 850 522 7.
1065 466 1127 530 285

89 647 164 690 tum
190 625 250 690 hoa
270 626 354 710 iploe
375 628 516 689 veritatia
540 629 683 710 cognitio
710 625 779 688 latia
804 627 914 688 rerlrlat
936 626 1127 693 manifestos.

89 731 183 791 Hauc
204 745 238 788 ut
262 743 436 800 teneamus,
470 729 582 789 ordine
602 729 720 811 singula
744 727 980 810 prosequemur.
1033 733 1131 793 liero-

91 833 164 892 nice
187 833 308 912 itaque,
343 851 435 912 quam
461 832 596 910 primam
619 829 678 892 elle
707 831 785 891 dicit
806 830 844 890 ab
867 831 984 894 intimo
1013 834 1131 918 angulo

95 932 178 992 linus
198 932 337 1001 Arabici.
365 951 430 993 non
448 931 490 994 eil
507 933 577 1000 illa.
604 951 682 1012 quae
700 929 846 993 solstitiali
867 930 1002 994 subiecta
1017 935 1059 996 ell
1076 937 1132 996 cir·

93 1033 184 1100 culo.
221 1035 373 1112 cuiusque
399 1033 577 1114 comploret
606 1047 749 1094 auctores
772 1036 974 1094 mentionem
1001 1033 1131 1108 faciunt,

96 1133 144 1194 led
164 1135 220 1194 alia
236 1137 344 1196 minue
359 1147 453 1205 nota.
482 1135 633 1214 cuiusque
655 1149 776 1215 praeter
792 1135 928 1204 llllelam.
962 1155 1044 1197 unus
1066 1151 1132 1198 tan·

93 1249 175 1305 tum.
201 1237 286 1317 quod
308 1235 412 1306 sciam.
435 1237 584 1296 meminit
602 1233 754 1316 Iosephus
774 1246 807 1312 8,
830 1235 879 1313 [6.
898 1239 948 1316 4.]
986 1239 1133 1320 Antiqui·

94 1351 214 1405 tatum.
240 1337 295 1396 ulti
311 1339 351 1398 de
367 1337 453 1398 claffe
472 1339 689 1398 Salomoniaca
706 1338 781 1420 agit.
834 1339 920 1398 Dicit
936 1337 1005 1408 ille,
1030 1341 1134 1402 aedifi·

94 1453 196 1499 catam
225 1439 306 1500 hauc
334 1437 422 1500 suille
446 1441 478 1498 in
508 1452 603 1520 portu
631 1437 833 1521 lihongaber.
881 1439 979 1500 Addit
1002 1455 1133 1522 portum

95 1535 192 1600 istum
218 1553 318 1601 aetate
343 1539 392 1600 lua
414 1541 535 1600 dictum
562 1538 650 1602 luiffe
676 1539 871 1608 Berenicen.
905 1559 964 1601 nec
991 1543 1132 1604 multum

93 1638 225 1702 alrfuille
252 1641 289 1701 ab
314 1642 430 1703 tielana
456 1640 545 1704 urbe.
597 1641 645 1702 Ex
669 1639 731 1702 hoc
756 1641 927 1722 Pomponii
949 1655 981 1702 et
1007 1642 1134 1724 lolephi

93 1743 278 1803 testimonio
319 1741 557 1826 cognoscimus.
598 1743 684 1803 irtam
719 1739 808 1803 inille
841 1741 1016 1804 Berenicen
1051 1747 1134 1805 inter

95 1845 375 1924 Heroopoliticum
390 1857 421 1905 et
436 1843 612 1907 Strobilum
635 1844 864 1926 promontoria.
917 1845 1135 1926 Heroopoliti-

94 1965 172 2004 cum
196 1947 458 2026 promuntorium
473 1944 516 2006 cll
533 1946 565 2005 iu
584 1945 651 2004 srnu
668 1945 920 2027 Heroopolitico.
958 1947 1135 2009 Strobilum

95 2061 212 2115 vocat,
239 2047 325 2127 quorl
348 2047 549 2108 Ptolemaeus
573 2041 628 2133 [5.
651 2033 727 2130 1¹7.]
754 2046 854 2106 etalii
874 2048 1022 2109 Phoron.
1059 2049 1136 2110 Pro·

94 2149 300 2209 rnuntorium
319 2147 381 2207 hoc
396 2147 560 2232 distinguit
576 2147 851 2228 Heroopoliticum
875 2161 907 2208 et
923 2148 1136 2211 Aelaniticum

99 2249 196 2310 finus.
249 2246 355 2330 Ipsum
377 2267 453 2310 vero
476 2249 630 2330 oppidum
652 2247 820 2310 Berenices
841 2269 905 2310 non
927 2250 1029 2332 potest
1052 2251 1137 2311 aliud

98 2351 178 2420 elle,
205 2361 298 2432 atque
320 2349 417 2420 illud,
450 2351 534 2431 quod
562 2349 689 2412 Calaem
714 2349 752 2408 ab
774 2349 927 2410 Arabilme
952 2353 1135 2432 appellatur.

98 2471 244 2513 coreava.
304 2445 412 2512 Volho
439 2449 658 2511 adsentiuntur
681 2449 849 2511 Berkeliue
875 2453 911 2510 acl
937 2453 1137 2534 Stephanum

98 2573 133 2636 p.
155 2567 238 2624 217.
264 2565 297 2612 et
313 2551 417 2612 Brona
431 2553 467 2612 ad
485 2553 638 2612 Danrillii
661 2551 778 2612 tabulae
796 2553 828 2611 in
845 2553 901 2611 ‹ler
917 2553 1001 2612 alten
1020 2555 1138 2622 Errlbe·

100 2653 291 2738 schreibung
304 2671 370 2735 cap.
384 2668 416 2727 7.
434 2673 467 2736 p.
481 2655 561 2728 176.
586 2653 763 2714 Bnclrartua
778 2653 811 2714 in
828 2652 976 2714 Clranaan
998 2675 1026 2724 t,
1044 2665 1104 2734 44.
1116 2653 1138 2720 i.

100 2775 141 2817 ex
176 2758 333 2836 Scriptura
368 2753 446 2815 sacra
478 2755 577 2838 (fleg.
601 2773 635 2834 9.
660 2751 738 2834 26.)
772 2767 901 2836 portum
936 2751 1023 2816 inille
1049 2771 1140 2838 putat

101 2859 274 2918 lrlurnaeae
296 2873 397 2938 prope
413 2855 507 2915 helan
527 2857 565 2916 ad
589 2875 672 2916 mare
687 2855 835 2924 rubrum,
870 2857 915 2914 uti
938 2853 1044 2939 palhm
1070 2860 1141 2917 lira·

100 2957 212 3018 hicum
233 2957 335 3018 sanum
358 2971 491 3026 vocant.
528 2957 567 3017 rle
585 2975 648 3038 quo
672 2957 753 3018 Plin.
773 2969 805 3034 5.
833 2971 887 3019 12.
905 2955 924 3017 l.
949 2977 1001 3019 rr.
1024 2972 1056 3018 et
1077 2961 1140 3028 alii.

100 3079 163 3120 nec
186 3058 297 3140 procul
319 3077 335 3118 a
359 3056 480 3119 deserto
503 3059 559 3120 Sin
584 3059 739 3138 positum,
770 3058 844 3138 quia
865 3077 903 3118 ex
928 3058 1140 3142 Afiongalrero

100 3157 238 3245 proiecti
261 3159 368 3220 ludaei
390 3159 479 3220 callra
505 3161 613 3220 metati
636 3159 695 3220 smt
715 3159 748 3218 in
771 3157 893 3220 deserto
913 3161 969 3221 Sin
988 3157 1009 3221 l.
1027 3161 1141 3234 Karles,

101 3263 153 3322 uti
175 3261 292 3346 legitur
315 3261 348 3319 in
372 3259 460 3321 Mose
484 3259 616 3320 Numer.
638 3275 695 3336 33.
726 3261 784 3339 36.
844 3261 886 3322 At
910 3261 1142 3326 idem.temere

102 3361 223 3425 refutat
250 3359 419 3442 losephum
442 3381 468 3422 c.
490 3360 511 3424 1.
544 3363 598 3441 qui
625 3361 800 3424 Berenicen
823 3381 842 3422 e
865 3363 997 3445 regione
1021 3365 1143 3442 Syeuee

105 3463 245 3528 Africani
273 3463 373 3524 litoria
399 3463 512 3523 urbem
546 3461 652 3531 faciat,
693 3461 777 3541 qunrl
805 3462 845 3523 de
872 3463 964 3522 altera
992 3463 1143 3527 Berenice

104 3568 204 3627 valet.
260 3561 421 3624 Direrlam
440 3579 546 3624 tamen
570 3561 629 3625 elle
646 3561 748 3623 Melae
765 3576 797 3623 et
819 3561 944 3644 loleplri
967 3563 1144 3628 Berenicen

106 3665 279 3730 contendit
299 3663 453 3728 Cellariua
473 3667 505 3726 in
524 3665 639 3748 Gcogr.
658 3677 722 3726 ant.
743 3677 774 3742 3.
796 3673 851 3742 14,
871 3677 928 3742 52.
969 3663 1145 3748 Iosephum

105 3787 187 3830 vero
212 3767 442 3828 hallucinatum
464 3765 524 3828 elle
552 3765 705 3826 existimat
732 3765 892 3846 Goropiua
915 3765 1076 3838 Becanua.
1111 3771 1145 3830 in

106 3867 287 3950 Hispanicia
305 3889 335 3948 p.
356 3869 414 3942 76.
439 3867 494 3928 ubi
515 3867 657 3948 pluribus
678 3868 825 3928 evincere
848 3867 970 3932 nititur.
998 3869 1145 3953 Asronge·

103 3969 164 4032 ber
179 3969 218 4030 ad
236 3988 319 4030 mare
337 3969 468 4030 rubrum
489 3969 624 4029 minime
648 3966 738 4028 litum
757 3963 855 4028 tuille.
908 3965 1018 4029 Adlert
1038 3983 1146 4032 aurem

105 4071 262 4136 Cellariue
279 4071 403 4151 potiora
424 4069 518 4137 haec.
544 4069 659 4151 quibua
676 4063 820 4130 Voffium
842 4069 1021 4152 impugnet.
1060 4071 1146 4134 Cum

105 4171 388 4255 Heroopoliticum
407 4171 666 4256 promontorium
682 4169 720 4232 ad
739 4167 840 4230 smum
858 4167 892 4230 lu
908 4174 1146 4256 cognominem.
