2836 4940
332 421 389 484 290
626 404 871 462 rourouu
911 406 1074 462 ιιιιιιι

326 576 515 664 praeferrem
541 577 574 640 in
598 579 708 660 primie
730 579 816 660 quod
838 569 877 642 rb
902 577 982 642 sob
1000 579 1186 662 praecedent
1204 577 1328 648 verbum.

330 682 394 744 five
415 683 491 742 illud
511 679 660 751 diximus,
689 679 750 742 stre
767 684 807 740 iis
823 679 882 742 effe
905 682 993 752 velis.
1018 681 1108 744 sacile
1124 682 1269 744 absorberi
1286 701 1328 763 po

326 787 400 846 tuit.
440 785 655 843 inveteratum
671 796 777 842 autem
796 782 846 842 hic
862 782 984 844 haeuffe
1006 787 1120 844 vitium
1136 786 1224 846 docet
1235 784 1328 844 Boeo·

326 887 389 946 tius
405 905 432 946 c.
448 885 468 944 l.
497 887 529 944 in
546 903 610 966 quo
627 885 722 945 etiam
738 885 851 968 iegitur
871 883 1095 949 Codaunonia.
1132 886 1329 946 Adiiciendum

326 999 433 1050 temen
453 985 595 1056 videtur,
622 985 709 1066 quod
731 987 830 1046 codex
854 985 1047 1050 Ambrosio
1070 989 1222 1050 lornande
1243 989 1277 1048 de
1295 1007 1329 1046 re·

326 1087 385 1150 bue
409 1087 528 1148 Geticis
550 1107 615 1169 cap.
636 1101 668 1166 3.
685 1087 730 1149 in.
756 1101 886 1148 notante
903 1087 1081 1150 Murotorio
1103 1091 1138 1150 in
1159 1087 1329 1170 scriptoribus

324 1211 385 1252 rer.
403 1191 471 1252 Ital.
489 1192 529 1251 T.
554 1211 581 1252 ι.
604 1211 634 1270 p.
659 1203 737 1266 193.
766 1207 824 1270 pro
844 1187 970 1272 vulgata
988 1191 1127 1254 lectione
1147 1191 1220 1250 haec
1239 1189 1328 1250 hebet:

326 1293 369 1354 In
397 1291 518 1354 Oceani
549 1291 659 1354 Arctoi
683 1281 756 1380 foio
788 1286 896 1380 postia
925 1281 1030 1380 insula
1061 1314 1178 1374 magno
1208 1289 1329 1352 Scandza

325 1393 541 1479 (Freculphus
558 1393 699 1466 Scorrzo5
726 1391 791 1452 vid.
815 1389 902 1473 post)
926 1395 1061 1462 nornine,
1087 1395 1120 1455 in
1142 1392 1257 1454 modurn
1266 1383 1329 1480 foiii

325 1495 410 1556 cedri
433 1491 583 1554 lateribus
604 1493 722 1572 pandis
750 1513 805 1572 per
829 1493 956 1572 sungurn
984 1493 1087 1556 ducta
1116 1494 1284 1556 concludens
1300 1483 1329 1581 ,s‘

323 1617 473 1678 aequom,
499 1607 530 1656 ct
547 1597 740 1674 Pomponius
756 1595 847 1654 liseria
868 1597 902 1654 in
921 1598 1016 1656 maris
1032 1593 1109 1682 fiuu
1124 1595 1249 1660 Codono
1265 1590 1328 1682 pefi-

325 1711 392 1760 taru
412 1688 527 1782 refert.
555 1699 641 1756 onius
656 1698 743 1774 ripas
759 1689 865 1782 influit
882 1693 1026 1757 Oceanus
1043 1713 1107 1760 etc.
1162 1697 1280 1758 Videtur
1296 1709 1328 1752 tt·

324 1819 400 1862 men
418 1799 560 1860 librarius
581 1819 700 1858 nornen
720 1798 888 1866 recentius,
915 1799 999 1878 quod
1022 1813 1169 1869 noverat,
1195 1811 1244 1858 aut
1259 1807 1328 1877 pute·

321 1899 389 1971 bet,
426 1901 527 1960 veteri
556 1897 754 1966 substitttiffe,
788 1918 861 1958 curn
892 1897 1039 1960 Scandza
1071 1900 1214 1982 respuant
1237 1915 1328 1960 omnee

319 2001 417 2062 nostri
438 2001 522 2064 libri.
581 2002 700 2062 Eodem
724 1999 817 2060 verba
838 2000 990 2082 leguntur
1009 2003 1110 2064 etiarn
1133 2005 1166 2062 in
1188 1997 1328 2078 Freculphi

321 2103 509 2166 Chronicor.
532 2104 572 2163 T.
595 2123 624 2164 ι.
645 2101 700 2160 lib.
720 2117 750 2162 ι.
776 2121 803 2162 c.
824 2097 877 2164 16.
905 2105 961 2182 qui
987 2117 1097 2165 temen
1122 2105 1231 2164 rectius
1251 2101 1327 2161 hebet

319 2203 506 2264 concludens
521 2193 576 2293 se,
606 2223 701 2286 qnam
723 2234 771 2248 -—
806 2201 854 2260 Ex
870 2221 935 2283 quo
952 2203 1083 2286 adparet
1097 2205 1256 2266 scandiam
1269 2201 1328 2262 Pto·

317 2305 428 2366 leniaci
452 2307 596 2374 innuere,
627 2303 745 2384 quippe
764 2322 860 2385 quem
885 2303 997 2366 diserte
1019 2325 1058 2366 ex
1083 2307 1139 2368 lib.
1158 2322 1189 2368 α.
1208 2306 1250 2388 (c.
1269 2295 1326 2381 ιι.)

317 2407 448 2490 adlegat,
465 2406 520 2466 ubi
538 2405 782 2467 tamenScandia
796 2404 847 2474 esi,
864 2407 946 2466 etde
961 2407 1029 2466 eius
1046 2407 1249 2468 similitudine
1262 2401 1325 2464 nibil

317 2509 442 2592 legitur.
476 2506 601 2590 Nempe
616 2509 709 2568 duxit
728 2525 766 2567 ex
783 2507 940 2569 [ornando
955 2527 982 2570 c.
999 2509 1020 2568 l.
1045 2509 1159 2572 addito
1176 2501 1326 2571 Ptolemaei

317 2629 461 2672 notutne.

395 2813 591 2896 Teutoni)
643 2808 724 2894 Lips.
748 2811 837 2896 Prag.
863 2811 1036 2896 Rehdiger.
1060 2831 1138 2875 cum
1160 2813 1229 2876 edd.
1254 2829 1279 2874 t.
1299 2823 1325 2892 9·
1379 2807 1380 2814 '

322 2937 376 2978 ιι.
401 2915 625 2996 posterioribus
644 2914 789 2974 Vadianie
815 2913 987 2985 Tireutoni5
1020 2915 1074 2976 atii
1097 2928 1182 2978 recte
1205 2909 1326 2974 Teutoni.

315 3019 386 3080 vid.
404 3016 491 3100 supra
505 3020 544 3078 ad
560 3031 592 3096 5,
612 3029 645 3095 3.
666 3029 745 3078 extr.

389 3230 433 3279 ut
450 3209 726 3307 fecunditate
733 3217 751 3300 )
801 3222 914 3280 Vener.
936 3217 1018 3300 Lips.
1038 3219 1124 3283 Gud.
1147 3216 1238 3280 Poris.
1258 3233 1284 3278 t.
1299 3229 1326 3274 o.

312 3321 388 3384 edit.
406 3335 440 3382 Ω.
462 3333 492 3379 et
507 3335 543 3381 rte
551 3311 785 3408 secrttrdidot05
808 3319 877 3401 post
893 3321 987 3380 Vatic.
1001 3333 1034 3398 3.
1052 3321 1144 3404 Prag.
1163 3314 1326 3407 antirstarm

311 3421 449 3484 vindob.
469 3423 563 3482 itaet
583 3421 811 3502 magnitudine.
863 3421 946 3482 Edd.
965 3433 998 3498 5.
1023 3437 1080 3484 12.
1105 3432 1160 3500 14.
1181 3438 1232 3499 19.
1249 3429 1281 3476 nt
1297 3415 1324 3474 iu

238 3585 243 3596 ,
301 3516 555 3614 foecundidote,·
582 3525 614 3586 6.
633 3537 666 3596 7.
684 3535 717 3600 8.
739 3545 792 3586 ιο.
815 3536 867 3600 ι5.
888 3537 941 3596 17.
961 3539 1017 3586 20.
1036 3535 1092 3601 23.
1111 3536 1143 3582 et
1157 3535 1193 3583 ut
1203 3511 1322 3609 foecun-

308 3625 423 3686 ditate.
485 3626 641 3686 Vadianus
674 3622 799 3686 inverso
843 3625 954 3686 ordine
1000 3621 1106 3704 posuit
1144 3635 1181 3682 ut
1217 3617 1322 3698 magni·

308 3725 523 3794 inditionum,
544 3729 590 3787 ita
600 3718 830 3816 foecunditate
845 3747 876 3786 a.
907 3740 940 3786 et
957 3723 995 3784 fic
1015 3745 1087 3786 cum
1110 3725 1249 3785 Vadiauis
1274 3729 1321 3792 18.

313 3846 368 3890 Μ.
384 3841 416 3888 et
431 3829 559 3910 reliquis
575 3831 670 3890 etiam
687 3841 744 3907 24.
763 3843 817 3906 25.
838 3826 1037 3888 Olivnriantte
1052 3847 1125 3887 cum
1139 3827 1205 3888 aliie
1219 3821 1254 3884 nd
1268 3827 1319 3898 44.

308 3943 432 3990 tantum
451 3947 506 3991 αι.
526 3945 583 4008 28.
604 3943 661 4008 55.
681 3943 738 4008 59.
755 3941 815 4008 4ο.
837 3939 896 4010 4¹·
915 3937 974 4008 ipo.
992 3940 1053 4004 44.
1075 3941 1112 3987 ut
1132 3929 1164 3987 in
1180 3922 1320 4004 magnitu-

306 4031 379 4090 dine
394 4045 427 4092 et
445 4045 506 4092 cet.
543 4031 731 4092 lieinostlius
750 4031 918 4114 pristinum
941 4029 1103 4099 ordinem,
1135 4047 1227 4108 quem
1246 4039 1319 4104 prte-

305 4145 384 4193 eunt
409 4133 534 4194 codices
564 4133 638 4195 Ain.
668 4133 828 4196 Gronovii
854 4148 968 4194 omnee
990 4143 1023 4192 et
1049 4131 1128 4199 mei,
1161 4123 1318 4190 revocavit·
