2826 4936
318 441 377 504 180
617 427 862 486 sausouu
905 427 1069 484 unsre

319 603 476 666 librarum
498 604 682 671 auctoritas,
712 613 834 662 utnon
854 597 955 660 solum
977 599 1054 660 haec
1076 599 1196 661 inlecta
1213 600 1361 681 relinque·

321 727 408 775 rens,
441 703 491 766 serl
517 719 549 766 et
571 707 605 764 in
635 701 761 764 summo
792 721 905 762 eorum
936 699 1103 770 consensu,
1136 723 1215 762 cum
1239 703 1359 762 aliunde

323 808 405 870 nibil
429 806 539 876 obstet,
567 806 740 886 reciperem
763 803 877 864 uerba:
906 804 1007 884 magis
1029 823 1124 884 quam
1142 803 1229 864 alias
1250 815 1357 884 gaules,
1394 839 1395 870 .

325 903 442 991 quippe
460 907 624 988 inquibus
646 909 753 988 pacior
770 903 857 967 causa
876 905 971 967 latere
988 903 1132 976 virleuu,
1156 925 1214 965 cur
1229 905 1267 966 in
1283 903 1357 964 libris

326 1009 428 1094 spuria
449 1009 501 1070 ills
522 1009 709 1072 accesserint.

493 1215 523 1292 §.
552 1225 584 1288 7.
640 1209 846 1294 Orcades)
895 1211 1031 1276 Codices
1053 1209 1119 1272 mei
1145 1225 1179 1272 et
1206 1211 1358 1272 editiones

329 1314 472 1397 (praescr
491 1309 568 1398 25.)
590 1314 628 1374 sul
644 1311 785 1376 Voffiunr
804 1313 981 1386 orchades,
1007 1315 1058 1372 uti
1079 1311 1224 1372 scribunt
1239 1313 1312 1372 libri
1330 1311 1357 1368 in

330 1417 489 1477 Martiano
500 1415 578 1497 Cap.
593 1415 648 1475 lib.
661 1413 692 1477 6.
708 1435 738 1495 p.
752 1427 833 1493 215.
860 1415 970 1478 Solino
986 1434 1052 1496 cup.
1070 1429 1129 1475 22.
1140 1412 1161 1476 s.
1174 1426 1234 1490 25.
1259 1413 1358 1473 llirlari

331 1517 457 1602 Origiu.
479 1531 531 1595 sb.
551 1517 585 1580 6.
626 1511 761 1586 Vossius,
788 1517 959 1598 quodiam
982 1513 1100 1577 serebat
1121 1515 1172 1577 ecl.
1196 1529 1260 1594 23.
1285 1526 1358 1573 recte

329 1631 362 1680 et
386 1617 584 1699 sequentibus
606 1621 717 1680 celeris
738 1617 840 1678 emisa
858 1615 1007 1687 Orcades,
1034 1619 1122 1676 utin
1143 1619 1213 1676 aliis
1236 1616 1359 1676 auctori·

329 1719 389 1782 bus
409 1719 587 1780 uiridacli.
625 1719 680 1782 Gr.
704 1714 869 1808 Ὀρκᾶδες.
921 1719 983 1780 Sed
1014 1731 1047 1778 et
1081 1716 1224 1777 Orcades
1245 1737 1286 1777 ex
1307 1717 1360 1776 hoc

329 1821 401 1882 loco
427 1821 528 1881 Melae
550 1820 658 1881 addito
684 1824 752 1884 eius
779 1821 913 1883 nomine
935 1816 1037 1881 adfert
1061 1831 1156 1881 vetus
1180 1817 1359 1882 scholiastes
1394 1815 1395 1864 l

329 1922 489 1984 Iuvenalis
508 1921 547 1982 ad
570 1939 600 1993 2,
629 1919 706 1987 160.

403 2123 578 2206 ductae)
632 2126 685 2188 Sic
717 2123 865 2188 Cisccou.
898 2137 931 2186 st
969 2125 1111 2208 plerique
1143 2124 1198 2186 alii
1231 2123 1358 2188 codices.
1394 2151 1395 2198 l

326 2239 449 2308 praeter
467 2225 550 2287 Vols.
573 2245 601 2287 1.
619 2227 716 2288 Vatis.
735 2247 765 2290 1.
779 2240 811 2288 et
827 2225 937 2289 Cibin.
963 2228 996 2287 in
1013 2227 1127 2307 quibus
1143 2225 1187 2286 eu
1201 2223 1358 2284 detinetur.
1394 2207 1395 2276 l

327 2327 570 2406 Edd.1.c.3.
595 2335 629 2404 4.
652 2339 686 2406 5.
710 2346 745 2414 9.
772 2349 826 2390 ιι.
850 2327 1061 2406 15.dactae‚·
1094 2326 1356 2405 6.10.1e.14.

334 2429 389 2492 26.
420 2440 473 2506 ru.
504 2446 559 2506 ¹9·
587 2443 645 2490 21.
675 2447 729 2492 cc.
759 2439 817 2508 24.
853 2441 911 2506 25.
946 2429 1117 2498 Vedianas,
1152 2427 1356 2494 Oliverisnse.
1394 2441 1395 2508 ᾖ

328 2530 473 2600 Vinctus.
499 2530 658 2600 schottus,
684 2526 808 2592 Vusfius
830 2529 995 2603 dissecta&
1030 2545 1063 2606 7.
1088 2541 1200 2606 8.15.
1224 2543 1281 2602 17.
1304 2544 1355 2588 so.
1394 2511 1395 2546 ¹

333 2645 390 2708 23.
420 2631 590 2704 deductae,-
641 2633 816 2701 (bonosii,
858 2633 1047 2692 lleinolrlius
1081 2643 1113 2691 et
1146 2631 1200 2690 alii
1236 2629 1355 2688 clauae.

329 2751 532 2794 Tzscuvcus.
572 2731 725 2814 Ductus)
787 2732 997 2794 scribendum
1023 2731 1181 2792 diductae.
1237 2731 1356 2791 Plinius

330 2826 386 2918 [4,
405 2828 585 2920 50.s.16.]
612 2833 753 2902 modieis,
778 2835 893 2914 inquit,
916 2835 997 2894 irater
1010 2825 1049 2924 fe
1068 2831 1218 2892 diductae
1233 2825 1357 2917 [immo

327 2927 497 3018 discretae]
514 2925 656 3024 spaciis,
681 2935 737 2994 ubi
756 2935 794 2994 de
811 2935 969 2996 Orcsrlum
987 2934 1206 3013 Elrurlunrque
1224 2949 1356 2992 numeru

327 3037 416 3116 plura
434 3037 586 3116 quaedem
602 3037 794 3096 natavimus.
826 3055 1012 3096 annsnuvs.
1066 3037 1103 3095 ln
1119 3033 1273 3094 omnibus
1287 3031 1358 3100 iere,

325 3154 404 3214 quae
426 3137 510 3202 vidi.
537 3135 768 3220 exemplaribus
784 3137 912 3198 vetustis
928 3133 1070 3196 scribitur
1086 3135 1218 3204 drusae,
1244 3135 1279 3194 in
1297 3153 1358 3193 una

326 3247 450 3295 tanturn
468 3235 629 3298 deductae.
671 3238 834 3321 Quirlquirl
852 3237 1057 3298 Grammatici
1079 3249 1275 3320 argutantur,
1296 3255 1357 3295 cer·

326 3349 396 3396 cum
412 3335 467 3406 est,
494 3355 553 3419 pro
575 3338 690 3399 eadem
713 3337 801 3420 saepe
824 3340 922 3420 accipi
942 3337 1095 3399 vocabula
1116 3339 1209 3406 llaec,
1235 3335 1355 3402 ductae,

325 3435 490 3508 abdicatae,
516 3437 668 3499 deductae
682 3452 714 3500 et
729 3439 887 3502 diductae.
925 3439 1048 3501 Plinius
1071 3435 1118 3526 [c.
1136 3430 1179 3523 l.]
1203 3440 1354 3517 interpre·
1394 3483 1395 3492 ,

326 3552 409 3598 tatur
436 3539 598 3601 discretas.
638 3560 781 3602 vossius.
832 3539 985 3623 Ductae)
1044 3543 1081 3602 ln
1108 3539 1350 3600 controversum

324 3642 436 3700 venire
452 3641 577 3722 nequit,
601 3642 678 3722 quin
696 3645 737 3701 ils
760 3641 908 3724 scripserit
929 3642 1024 3704 Mela.
1075 3643 1151 3704 Sive
1167 3643 1200 3701 id
1216 3637 1352 3724 posuerit
1394 3631 1395 3706 l

322 3760 381 3822 pro
404 3743 572 3813 discretae,
600 3757 638 3802 ut
660 3745 797 3825 loquitur
817 3743 956 3811 Plinius.
987 3745 1051 3804 five
1074 3743 1257 3824 impliciter
1273 3759 1351 3801 aus·
1394 3715 1395 3776 i

322 3853 390 3902 turs
405 3845 521 3924 politae
537 3857 569 3903 et
584 3845 730 3906 iacentes.
768 3844 866 3907 Plane
887 3859 922 3904 ut
937 3844 1072 3905 Ovidius
1091 3843 1145 3903 lib.
1167 3859 1202 3907 2.
1222 3843 1349 3903 Metam.
1394 3863 1395 3868 ¹

321 3937 375 4028 [v.
393 3938 473 4029 26.]
503 3945 618 4006 ductae
643 3941 764 4031 [irnnso
789 3946 835 4005 ibi
856 3937 999 4035 prfitae]
1025 3938 1148 4036 spatiis
1170 3941 1348 4026 aequalibus

318 4044 439 4106 Harae.
486 4065 509 4107 1.
539 4063 751 4109 cuouovrvs.
819 4047 1022 4116 Perizonius,
1065 4060 1241 4126 praeeunte
1276 4045 1349 4103 Her·

315 4146 437 4218 molan,
478 4167 576 4228 quem
609 4149 740 4211 Vinctus
772 4149 885 4231 aliique
911 4147 1008 4210 secuti
1035 4145 1181 4218 suerunt,
1217 4145 1347 4208 malebas
