2792 4940
30 463 32 520 t
326 449 415 506 Lm.
445 448 484 502 Π.
532 447 566 505 C.
588 449 626 504 ii.
668 447 694 518 ς.
726 462 756 516 7.
1000 465 1060 527 ²⁰7

70 623 109 682 n'u
124 621 168 682 rel
185 635 334 684 nentrum
353 621 552 705 praecedent,
577 623 634 685 vei
654 619 699 716 eJl
717 619 850 704 sequent
866 627 1061 710 compendio

70 721 211 804 expreilum.

115 928 147 989 in
173 929 275 1012 qua)
333 929 443 994 Cibirt.
466 929 499 989 in
526 949 638 1012 quam,
669 941 709 990 nt
732 929 806 994 edd.
830 943 888 1012 30.
915 945 974 1012 32.
1000 945 1060 1014 57.

71 1028 124 1088 Turn
140 1031 306 1118 Rehdiger.
328 1033 361 1092 in
382 1051 446 1114 qua
466 1031 533 1091 viee
554 1020 729 1121 Persarum.

115 1223 437 1326 dioisasspatio
462 1231 720 1314 pelagoque)
768 1233 1008 1300 Stultueieuine
1027 1251 1062 1300 et

69 1327 120 1390 liele
134 1333 286 1419 indigente.
324 1333 407 1396 Nam
423 1337 507 1416 quod
525 1335 682 1394 dividitur
697 1335 818 1420 pelago.
841 1337 944 1398 dividi
962 1341 1062 1400 etiam

69 1429 132 1508 iptio
149 1435 261 1496 neeeffe
283 1435 338 1498 est.
391 1437 478 1520 Lego
495 1437 615 1517 itaque:
650 1427 773 1526 divisas
793 1429 989 1528 Hellesponti
1009 1463 1061 1518 pe·

68 1531 114 1610 {ego
128 1547 229 1600 terras.
263 1537 396 1598 Namet
408 1537 572 1620 angustum
587 1557 673 1598 mare
689 1535 868 1621 fretumque
883 1541 946 1600 elici
963 1543 1062 1604 etiem

69 1631 117 1692 inte
133 1637 271 1718 pelagus,
299 1642 386 1700 utin
409 1637 575 1723 Hispaniat
606 1635 662 1724 [9,
681 1639 713 1708 6,
732 1633 789 1726 7.]
822 1641 926 1720 aperit
950 1640 1063 1702 deinde

63 1723 322 1830 ieengnstrffimnm
343 1741 483 1822 pelagus.
527 1759 725 1802 murmure.
784 1741 914 1804 Tacitne
934 1743 967 1802 in
991 1745 1062 1806 Vita

68 1837 192 1915 Agricolae
212 1837 261 1928 [c.
289 1839 367 1930 ro.]
391 1843 565 1903 Britannia
587 1833 780 1933 [insularum
805 1837 965 1928 maxima]
981 1835 1063 1934 spa·

67 1937 96 1993 tio
107 1959 136 1996 ae
152 1943 231 2003 eaelo
248 1945 283 2002 in
302 1945 449 2004 orientem
467 1942 662 2014 Germaniae,
686 1945 720 2002 in
737 1943 925 2004 occidentem
941 1936 1062 2036 Hispa·

66 2037 314 2107 tiaobtenditnr.
364 2046 405 2104 Vt
429 2041 508 2105 inira
532 2045 589 2106 lib.
610 2057 642 2124 3.
667 2065 694 2106 c.
711 2045 744 2106 6.
789 2045 895 2106 Gades
917 2065 939 2106 a
963 2048 1062 2108 metti·

67 2141 130 2198 nenti
151 2159 281 2225 anguto
305 2137 422 2236 spatio
444 2159 475 2207 et
496 2145 594 2206 veluti
615 2139 753 2230 flumine
774 2137 919 2238 absciffa.
973 2147 1062 2231 Quid

66 2235 177 2323 filegat:
218 2249 323 2327 plaga
351 2247 521 2328 pelagoque
552 2259 662 2308 terras.
725 2245 922 2310 Prudentiae
945 2248 1000 2312 lib.
1027 2265 1061 2312 a.

67 2335 103 2410 i*-
115 2343 206 2428 612]
233 2363 346 2410 contra
361 2348 605 2426 Symmachum:
638 2345 795 2438 distantes
809 2349 930 2428 regione
946 2349 1064 2430 plagae

68 2435 194 2530 divisaque
223 2461 327 2530 ponto
353 2449 467 2510 Litora
500 2449 701 2511 conveniunt.
741 2467 947 2512 areccoutve.
1012 2453 1062 2514 Do

68 2536 257 2612 hartmani·
279 2551 488 2610 redundantia
511 2553 574 2611 iam
591 2549 729 2632 superine
748 2543 805 2634 [ari
826 2547 976 2640 praesen]
999 2553 1063 2636 egi·

68 2657 125 2712 rme,
144 2669 215 2728 qnae
235 2671 304 2713 non
328 2669 408 2732 opus
425 2651 467 2712 eli
483 2651 534 2712 hic
550 2665 703 2734 repetere.
755 2653 897 2712 Tantum
919 2653 980 2714 hoc
996 2673 1064 2715 mo-

66 2743 194 2821 urbinus,
218 2753 401 2834 secqnoque
423 2753 567 2813 locutum
590 2751 649 2814 elie
666 2753 814 2814 Tacitum
831 2754 864 2814 in
887 2755 953 2814 vita
975 2753 1065 2838 Agri·

66 2844 134 2916 ΜΔΕ.
154 2847 197 2938 [c.
217 2845 261 2938 l.]
290 2873 362 2913 curn
383 2854 422 2914 tle
442 2853 601 2914 Britannia
620 2855 680 2914 ait:
722 2853 838 2931 Spatia
859 2877 899 2914 ae
923 2853 1008 2914 coelo
1029 2855 1065 2915 t'te

66 2947 177 3010 orionem
198 2955 386 3016 Germaniae
404 2956 437 3014 in
460 2955 648 3016 occidentem
668 2943 850 3044 Hispaniae
871 2953 1062 3018 obtenditur.

66 3041 126 3109 itate
147 3052 218 3116 haec
243 3055 369 3139 Lipiine
400 3057 540 3140 corrigit.
579 3075 718 3120 voeetre.
789 3055 916 3139 Nempe
942 3055 1064 3138 Lipsme

66 3145 228 3218 distinctione
259 3170 382 3218 mutata
416 3157 521 3218 Taciti
551 3157 660 3220 lotum
689 3156 850 3220 inlustrare
877 3158 994 3230 studet,
1027 3170 1065 3220 ut

63 3236 145 3330 statio
161 3255 272 3318 reserat
296 3258 335 3318 ad
357 3257 514 3330 maxima,
543 3279 582 3320 ae
602 3259 686 3320 eoela
708 3259 746 3320 ad
771 3257 946 3340 loquentiu
984 3279 1064 3342 quae

66 3352 165 3424 quidem
182 3361 262 3421 ratio
278 3359 393 3420 melior
413 3359 471 3430 est,
498 3381 593 3442 qnam
613 3357 779 3443 explicatu)
796 3361 973 3430 Buchneri,
1003 3379 1065 3442 qna

63 3439 174 3533 [tretium
199 3459 242 3520 est
271 3457 389 3531 iolrtm,
430 3461 544 3522 coelum
572 3461 673 3524 clima.
737 3461 930 3542 Nuperrime
956 3463 1065 3523 tamen

67 3569 144 3618 mnu
167 3561 271 3622 editor
299 3561 450 3646 Engeliur
475 3563 676 3624 emendarit:
708 3553 859 3654 spatioso
887 3561 1063 3634 intervallo,

68 3659 129 3728 quod
147 3681 208 3722 non
229 3661 342 3743 probo.
392 3654 591 3754 Hellesponti
608 3665 740 3744 pelagus
756 3665 809 3724 vix
827 3683 958 3743 nequam
975 3681 1065 3745 repe·

67 3755 114 3821 ¹5³³.
157 3762 256 3846 Magia
278 3763 416 3834 adridet,
444 3765 467 3824 tt
489 3785 528 3826 ex
543 3765 653 3826 Latina
675 3761 902 3826 consuetudine
922 3783 980 3846 pro
1004 3763 1066 3846 ipa·

68 3854 123 3921 toto
151 3866 259 3948 pelago
286 3883 440 3948 exponas,
475 3865 545 3936 vel,
579 3886 653 3926 curn
684 3863 801 3926 iretnm
828 3879 932 3926 tamen
959 3863 1065 3936 inerit,

69 3953 125 4022 inte
139 3963 174 4024 fic
189 3985 303 4049 angere
327 3967 433 4027 uoluit
452 3965 598 4028 facinoris
619 3967 797 4036 audaciam,
822 3977 854 4028 et
877 3967 1064 4048 periculum.

70 4075 89 4118 n
107 4083 164 4126 uon
191 4067 293 4128 lolam
317 4066 452 4150 spatium
478 4069 682 4130 interiectum
710 4063 799 4128 suiffe
823 4067 923 4138 dicat,
959 4065 1010 4128 sed
1031 4079 1065 4129 et

30 4229 31 4310 p
69 4163 172 4249 pelagus,
222 4169 335 4234 ltahie
350 4167 468 4254 scriptia
487 4169 787 4236 loeumvidiettam
807 4168 961 4256 explicare
981 4169 1064 4253 Kep-
