2814 4964
319 463 361 531 04
617 451 863 510 rourourr
907 451 1073 506 uetita

320 627 443 698 strabo.
469 625 517 704 [c.
541 625 589 708 1.]
615 621 814 710 gravlffimut
835 637 944 686 auctor
966 625 1004 686 ab
1027 623 1286 687 Heracleeulibus
1311 625 1374 688 de·

322 733 450 793 ductam
473 727 578 789 tradit.
632 729 659 787 E
680 730 837 788 contrario
859 727 1024 807 lllropolin
1047 728 1160 788 urbem
1185 725 1247 787 live
1266 727 1374 788 Istron

325 841 417 914 (narn
441 843 578 909 utroque
608 830 707 890 modo
731 830 864 906 dicitur)
895 827 1092 914 Milesiorum
1125 827 1185 889 elle
1208 829 1376 888 coloniam

324 932 446 1000 Strabo.
472 927 519 1017 [c.
538 923 580 1016 1.]
610 929 802 998 Herodotus,
829 929 877 1006 [2‚
899 933 972 1010 55]
1001 929 1125 990 Plinius
1153 925 1200 1014 [c.
1217 923 1259 1014 1.]
1286 926 1375 989 allir-

326 1047 426 1097 nrant.
477 1033 584 1094 Palam
599 1051 674 1115 ergo
691 1030 743 1102 est,
770 1044 806 1089 ut
821 1031 967 1111 pleraque
984 1031 1050 1099 alia.
1077 1031 1117 1090 sic
1141 1031 1217 1091 haec
1238 1049 1374 1112 quoque

327 1135 422 1198 verba
439 1132 620 1214 transpolita
636 1131 705 1202 effe,
732 1143 764 1191 et
781 1133 865 1212 quod
886 1131 1019 1200 Aristidi,
1039 1146 1076 1191 ut
1097 1133 1196 1202 aiunt,
1222 1132 1375 1192 durnlum

328 1249 403 1307 erat,
427 1237 538 1295 (latum
555 1232 614 1294 elle
631 1234 828 1312 Lylinracbo.
866 1233 953 1316 Lege
973 1234 1085 1318 igitur:
1115 1232 1198 1326 Istro
1216 1234 1374 1313 proxima

276 1399 279 1406 ,
330 1337 373 1430 est
406 1334 574 1428 Istropolis
604 1356 625 1394 a
656 1331 791 1423 lllilefit's
815 1333 973 1394 deducta:
1013 1335 1123 1394 deiude
1152 1332 1195 1426 est
1228 1334 1373 1396 Calatt‘s.

331 1438 521 1499 Hermolaus
550 1453 615 1496 nou
639 1438 746 1516 potuit
775 1455 814 1497 ex
838 1435 897 1495 hac
919 1435 998 1496 uella
1026 1439 1122 1498 exire.
1164 1453 1371 1496 rru'rrurrvs.

330 1538 530 1620 Praepostere
550 1537 626 1596 haec
644 1537 740 1619 vulgo
762 1539 909 1598 collocata
928 1537 1116 1620 postliminii
1137 1537 1205 1597 iure
1225 1537 1258 1596 in
1277 1549 1375 1596 vete·

330 1661 398 1702 reru
418 1639 520 1698 serleru
538 1636 669 1717 repolita
690 1635 772 1700 sunt.
807 1657 988 1700 scuor'rvs.
1040 1639 1102 1700 Alii
1121 1638 1253 1700 Calatin
1268 1637 1374 1697 Hera·

331 1742 503 1802 cleotarum
523 1736 641 1798 faciunt
662 1740 832 1801 coloniam.
872 1737 1009 1800 Ovidius
1028 1741 1060 1798 in
1077 1739 1243 1810 Tristibus,
1265 1739 1307 1816 [c.
1328 1739 1375 1819 1.]

332 1862 405 1902 curn
422 1841 491 1900 illoe
505 1840 543 1898 ab
558 1839 700 1900 Alcathoi
721 1840 890 1901 moenibus
908 1853 994 1902 ortuo
1012 1842 1104 1910 elicit,
1134 1841 1373 1924 Megarensium

331 1941 405 2003 facit
435 1942 603 2001 coloniam.
673 1941 735 2001 Sed
762 1961 828 2000 uou
863 1940 977 2002 dubito
1007 1963 1045 2002 ex
1073 1941 1134 2001 hoc
1165 1942 1253 2009 loct),
1287 1941 1375 2020 quin

331 2045 428 2104 etiam
453 2041 621 2123 aliquando
651 2041 846 2124 Milesiorum
874 2039 980 2103 fuerit.
1033 2043 1131 2102 Vrbes
1155 2042 1227 2101 illae
1252 2042 1374 2102 Ponti-

331 2164 384 2206 cae
406 2142 493 2225 laepe
515 2155 639 2202 mutant
660 2143 790 2203 colonos
813 2141 900 2211 suos,
931 2157 964 2204 et
988 2143 1086 2203 modo
1109 2143 1146 2202 ab
1168 2143 1235 2212 bis,
1265 2143 1373 2202 morlo

331 2245 369 2305 ab
391 2245 453 2303 illis
474 2258 580 2324 captae
597 2256 630 2302 et
649 2243 800 2304 deductae
823 2241 960 2304 luerunt.
1015 2243 1124 2326 Quum
1143 2243 1258 2304 Milesii
1279 2244 1376 2303 illam

331 2357 494 2414 tenerent,
520 2344 606 2405 aliud
627 2345 754 2404 videtur
771 2343 911 2404 habuille
931 2363 1062 2406 nomen.
1105 2345 1227 2405 Plinius
1252 2337 1301 2428 [c.
1321 2337 1374 2430 l.]

331 2446 480 2528 Namque
505 2441 641 2505 erraot'a
660 2444 759 2519 altero
779 2445 876 2505 latere
898 2466 918 2504 a
937 2447 1072 2506 Pontico
1093 2446 1183 2506 litore
1201 2448 1373 2525 iucipiens.

332 2545 386 2608 ubi
400 2545 482 2639 Ister
500 2547 605 2606 artinis
625 2547 826 2626 immergitur,
851 2560 913 2606 tres
928 2546 1154 2626 pulcherrimos
1170 2549 1202 2606 iu
1219 2569 1255 2604 eo
1271 2560 1376 2624 parte

330 2645 419 2708 urbes
440 2646 543 2717 habel,
570 2646 741 2740 Istropolirr
763 2643 969 2736 Illilefiorum‚
1005 2647 1126 2715 Tomos,
1161 2648 1373 2728 Calatinqne,

329 2769 411 2830 elnae
431 2761 527 2808 antea
552 2747 689 2840 Cerast'r's
709 2745 897 2808 vocabatur.
950 2749 996 2808 lta
1018 2749 1255 2809 constituendus
1275 2763 1373 2810 totus

329 2851 383 2910 ille
405 2849 502 2919 locus,
528 2851 584 2930 qui
603 2850 700 2932 vulgo
717 2844 983 2928 inquinatissimus
1001 2847 1053 2910 est.
1091 2851 1249 2910 Acervetr's
1270 2869 1375 2911 voca·

328 2949 445 3010 bulum
467 2951 560 3010 nihili
582 2949 634 3011 eu.
688 2949 776 3008 Libri
798 2965 919 3011 veteres
942 2949 1079 3008 scribunt
1095 2952 1242 3020 cernetis,
1274 2953 1372 3030 quod

329 3065 515 3138 vcorruptum
539 3071 576 3110 ex
601 3052 761 3136 Κεραΐτις.
822 3052 873 3112 Sic
901 3071 1016 3131 nempe
1043 3051 1212 3110 vorabatur
1235 3052 1370 3139 Calatis,

328 3171 459 3211 cumea
483 3149 597 3210 Mileti
625 3154 815 3231 potirentur.
868 3149 964 3212 Causa
993 3153 1133 3211 nominis
1159 3153 1292 3222 exinde,
1329 3155 1392 3214 ut'

326 3250 473 3320 arbitror,
509 3253 659 3331 quoniam
684 3251 787 3311 Mileti
810 3253 898 3312 locus
925 3265 990 3312 erat
1013 3250 1092 3312 lacer
1118 3246 1287 3338 Kepororir
1307 3256 1369 3314 vel

325 3345 486 3437 Κεραστὶς
505 3353 607 3412 <lictus
628 3371 644 3410 a
661 3353 729 3412 lixis
745 3352 808 3412 illic
824 3352 862 3412 ab
878 3355 1027 3433 Apolline
1043 3356 1178 3413 arietum
1199 3355 1367 3425 cornibus.

326 3464 365 3511 ut
388 3453 607 3535 Erymologici
629 3452 737 3535 Magni
759 3465 869 3514 auctor
890 3466 922 3513 et
945 3455 994 3512 alii
1015 3453 1171 3516 testantur.
1225 3454 1273 3514 Ab
1296 3454 1367 3517 hoc

326 3567 433 3612 autern
452 3554 523 3614 loco
541 3554 684 3614 coloniae
699 3551 767 3613 suae
782 3573 901 3614 nornen
916 3555 1056 3633 primunr
1074 3555 1216 3617 indidere
1232 3556 1367 3620 Milefii.

326 3653 476 3716 Calatirlie
491 3673 611 3716 nomen
634 3655 791 3714 recentius
806 3669 837 3714 et
859 3655 896 3714 ab
917 3655 1110 3715 Heracleotis
1132 3671 1250 3726 ortum,
1278 3657 1366 3737 post·

324 3774 418 3836 quum
440 3756 486 3815 illi
516 3775 555 3816 eo
587 3755 698 3816 mil'ere
720 3755 851 3815 colonos
878 3770 1029 3839 regnante
1057 3757 1139 3836 apud
1165 3757 1365 3822 Macedones

323 3858 471 3934 Amynta.
498 3869 534 3914 ut
550 3855 675 3916 testatur
697 3875 876 3935 anonymus
892 3857 930 3917 de
944 3857 1049 3917 Ponto
1065 3857 1200 3928 Euxino,
1226 3853 1278 3944 [p.
1301 3877 1364 3924 ια.

324 3949 445 4040 flunt]
478 3975 573 4036 quem
596 3958 686 4038 pueri
712 3958 790 4018 oliui
815 3959 848 4016 in
875 3958 980 4017 luceru
1006 3958 1164 4020 dedimus.
1213 3979 1361 4024 voesrve.

321 4057 421 4146 Recte
437 4071 647 4126 monuerunt,
674 4059 706 4117 in
723 4059 833 4140 primis
850 4058 1032 4128 Pintianue,
1061 4077 1127 4118 non
1147 4059 1363 4135 Milesiorum,

321 4155 374 4220 ted
411 4159 666 4219 Heracleeusrum
698 4160 856 4220 coloniam
886 4145 976 4231 ferri,
1021 4159 1121 4221 veluti
1146 4180 1163 4222 a
1187 4161 1363 4230 Strabone.
