2880 4940
285 441 348 508 ‚aa
468 430 603 492 enarr.
626 431 731 490 nar„
772 431 882 493 Lm.
925 431 1021 491 ex.
1061 434 1142 508 te

283 603 428 668 neminie
450 621 654 686 quaecunque
673 601 821 688 scriptura
839 621 857 664 a
874 603 964 668 librie
981 605 1087 678 distet.
1111 605 1311 668 manifestum

284 700 337 776 est,
363 705 428 777 etti.
451 705 537 786 quoti
560 703 870 774 substituendnmfit.
892 709 1082 770 mandatur.
1120 707 1260 789 Propino
1274 707 1311 766 ad

283 807 408 868 aodicee
428 806 548 867 accedit
574 807 670 882 Tigu,
702 825 795 886 qoam
819 805 932 868 urbem
961 827 1034 868 com
1061 809 1128 868 Zeli
1149 807 1311 870 connectit

283 907 415 980 Strabo;
452 903 504 968 [ed
532 906 720 968 defideratur
750 907 867 968 florina
892 909 1104 992 cognominis.
1158 906 1256 970 Posfit
1279 921 1312 968 et

284 1013 378 1090 Agna
399 1027 438 1068 ex
459 1007 641 1068 Ptolemaeo
663 1001 786 1080 araeffi;
821 1019 891 1068 turn
911 1027 1000 1080 vero,
1030 1028 1104 1070 cum
1121 1009 1214 1070 fluvii
1237 1009 1312 1068 illud

284 1129 406 1172 nomen
425 1108 469 1178 stt.
495 1109 582 1170 nulla
598 1107 694 1170 hniue
716 1109 858 1168 neminie
873 1109 947 1170 urbe
962 1111 1108 1180 occurrit,
1133 1125 1167 1170 et
1181 1107 1245 1192 ipse
1261 1111 1324 1170 iile·

285 1209 403 1272 florina
425 1209 522 1269 nimia
548 1207 585 1270 ab
612 1210 674 1270 hoc
701 1223 801 1269 tractu
826 1222 967 1272 remotna
991 1209 1075 1272 fluit.
1133 1211 1312 1290 Vtrumque

285 1325 393 1374 eontra
419 1309 504 1370 valet
527 1309 567 1370 de
593 1309 691 1372 Zilia.
735 1309 841 1392 Quare
864 1308 884 1366 fi
908 1311 986 1372 alioa
1011 1307 1146 1392 sequarie
1171 1325 1314 1372 auctoree
1427 1327 1428 1336 ¹

284 1411 374 1473 Zilia
394 1409 610 1494 probandam.
642 1409 729 1491 quod
750 1423 783 1470 et
804 1409 997 1490 aliquatenus
1020 1431 1060 1472 ex
1079 1411 1155 1493 gira
1175 1413 1211 1472 iar
1231 1409 1311 1498 Lipi.
1427 1465 1428 1472 ,

284 1509 379 1598 poffit
398 1512 486 1584 emir
510 1509 556 1572 fin
577 1511 717 1581 codicee.
745 1510 819 1572 Gara
838 1512 1056 1576 retinendum.

360 1710 489 1794 ande)
519 1711 578 1774 Ed.
599 1709 843 1791 19.ttrtalea'rrde.
878 1713 943 1774 Pro
962 1707 1153 1804 Ampelnsm
1173 1726 1210 1772 tat
1228 1712 1312 1784 solet,

225 1854 230 1863 ·
284 1815 458 1899 Rebdiger.
478 1812 670 1893 ampelutt‘ar
695 1811 776 1894 Lips.
794 1811 878 1874 (iud.
896 1813 1104 1894 Ampeiaxiap
1126 1815 1310 1876 vindobon.
1427 1865 1428 1874 ,

284 1916 470 1997 erupturam
495 1915 595 1978 Vatic.
616 1933 645 1976 a.
661 1909 841 2004 Anpetnfia.
879 1913 952 1976 Post
975 1911 1092 1976 Zaiosc.
1116 1915 1312 1976 Athlanticis
1427 1947 1428 1992 1

284 2015 442 2080 trionem.
471 2013 579 2080 Cibin.
594 2013 698 2075 omiiit
712 2015 787 2076 iana.
811 2033 1016 2079 azecuvcan.
1055 2015 1310 2078 convenientior
1367 2016 1375 2038 ⁸
1427 2065 1428 2080 r

283 2129 318 2179 et
344 2117 486 2180 Auctoria
511 2115 682 2198 elegantiae
707 2127 740 2175 et
766 2112 879 2194 Operie
904 2115 979 2176 calci
1003 2115 1097 2178 lectio
1126 2117 1311 2198 pennutatie
1427 2167 1428 2184 ,

283 2217 406 2280 ultimie
429 2214 550 2276 verbio:
585 2213 743 2276 Atlantici
762 2214 867 2276 litoris
887 2228 982 2298 atque
1007 2215 1122 2296 operis
1139 2217 1235 2278 Ιιιιίω
1256 2229 1310 2278 ter·
1427 2233 1428 2264 t

285 2319 397 2382 minus.
431 2333 627 2378 aaaararave.
680 2315 771 2376 Idem
796 2317 903 2377 voluit
926 2317 1130 2388 ciacconius,
1158 2320 1310 2400 adeoque,
1427 2305 1428 2316 ἢ

284 2419 371 2502 quod
393 2437 460 2481 non
481 2415 628 2486 debebat,
657 2433 759 2497 prono
781 2417 878 2478 nimie
900 2415 1048 2499 obsequio
1071 2418 1105 2478 in
1130 2417 1199 2502 ipso
1224 2433 1309 2482 textu

284 2517 389 2603 posuit
411 2517 569 2582 schottua.
621 2517 670 2577 De
693 2535 773 2578 voce
796 2512 1019 2604 ἁμπελουσία,
1044 2519 1131 2598 quod
1146 2519 1185 2579 ad
1202 2519 1257 2580 lib.
1279 2540 1308 2584 ι.

285 2641 313 2684 c·
332 2632 364 2698 5,
390 2639 418 2684 ι.
442 2617 499 2680 ubi
513 2618 662 2680 Graecam
677 2615 788 2678 diserte
805 2619 956 2690 adfirmat,
983 2637 1114 2680 monere
1132 2618 1308 2689 omiseram,

283 2721 347 2784 hnc
362 2739 463 2782 unum
476 2739 563 2782 nunc
575 2717 690 2780 addere
709 2717 808 2788 liceat.
830 2721 917 2798 quod
934 2719 1042 2781 Graeci
1058 2721 1150 2802 plane
1164 2739 1235 2780 eam
1250 2717 1309 2782 ior·

283 2841 370 2884 marn
392 2807 554 2908 ignorant.
606 2816 792 2903 Cogitabam
818 2813 1048 2906 ἂμπελοῡσσαν
1074 2821 1138 2882 levi
1162 2821 1309 2882 immota·

284 2925 388 2994 tione.
428 2922 486 2984 nifi
511 2918 642 2982 obstaret
667 2919 789 2980 Plinius
809 2930 841 2994 5,
869 2940 898 2982 ι.
927 2933 959 2980 et
984 2921 1126 3002 pertinax
1154 2920 1307 2983 librorum
1427 2903 1428 2968 ἶ

285 3023 463 3088 nostrorum
484 3023 518 3083 in
539 3022 609 3083 eiua
628 3020 816 3101 repetitione
830 3017 1005 3083 consensor.
1057 3021 1208 3084 Ceterum
1228 3042 1305 3103 quae

283 3127 318 3186 in
333 3125 395 3187 fine
412 3124 483 3186 iibri
499 3121 669 3184 subiiciunt
688 3121 812 3182 codices
830 3121 1018 3204 rediguntur
1035 3120 1099 3184 fere
1113 3121 1152 3182 ad
1170 3122 1306 3184 verbum

283 3225 430 3305 explicit,-
454 3223 511 3284 alie
526 3221 547 3280 fi
563 3241 622 3304 qua
638 3221 677 3282 de
693 3220 820 3284 librario
835 3222 999 3296 accedant,
1022 3223 1098 3286 dedi
1116 3223 1154 3286 in
1169 3221 1237 3308 ipio
1258 3242 1309 3288 eo·

284 3326 393 3388 dicum
416 3321 552 3388 recensa.
