2880 4940
369 383 372 390 ·
421 371 511 428 uto.
538 371 590 426 nr.
634 369 728 428 ox.
770 367 848 440 tn.
1091 367 1153 447 562

121 544 277 616 retulerit·
313 543 405 607 idem
430 543 498 626 posi
519 540 753 637 arte-eechurfia
789 554 865 615 mir,
895 544 980 626 qnod
1002 545 1158 627 proximie

123 659 296 732 repugnat.
322 659 356 708 et
375 665 454 728 quae
476 665 534 728 per
558 657 660 727 parter
683 645 809 708 easdem
829 643 1028 728 persequitur
1049 663 1160 712 auctor

129 767 159 820 ι,
177 758 212 826 4,
229 759 263 830 4.
304 747 370 810 Etfi
389 747 477 808 enim
495 747 534 807 de
555 745 650 808 sterili
666 759 747 808 terre
763 746 817 808 vel
833 743 951 808 deserta
971 748 1032 812 dici
1047 751 1160 833 potest,
1203 735 1210 758 ’

124 850 271 911 accedere
292 861 400 912 tamen
420 846 517 912 debet
536 845 641 921 musa,
673 867 735 910 nec
751 831 809 910 nili
829 865 919 938 aegre
934 861 967 912 et
982 847 1046 915 fine
1059 871 1161 918 neruo

123 951 245 1014 indicio
267 948 355 1014 abiit.

202 1150 367 1236 arenis)
406 1152 579 1238 Rebdigor.
595 1151 737 1217 vindob.
757 1153 917 1216 editiones
929 1159 1026 1220 etirm
1042 1157 1162 1238 aliquae

128 1255 274 1336 antiquae
294 1255 466 1338 praepostta
488 1254 695 1337 adspiratione
715 1255 856 1326 harenis,
883 1257 923 1316 de
949 1279 1010 1340 qna
1030 1259 1163 1340 quidem

129 1353 319 1418 dissentiunt
338 1371 463 1418 veteres
486 1355 708 1426 Grammatici.
738 1357 868 1419 Servius
889 1357 928 1418 ad
949 1361 1057 1443 virgil.
1082 1359 1162 1423 Aen.

135 1478 164 1528 ι,
186 1473 266 1538 172.
300 1458 408 1527 Varro.
432 1457 589 1520 charisma
609 1457 727 1520 etalii.
765 1458 839 1522 Vid.
859 1459 1039 1542 Demquiue
1060 1461 1093 1522 in
1115 1482 1164 1522 or·

129 1559 237 1642 rhogr.
255 1555 288 1621 h.
303 1579 337 1622 v.
371 1557 525 1620 Collatino
544 1560 584 1622 Τ.
608 1579 637 1622 ι.
655 1579 687 1639 p.
708 1569 787 1636 178.
812 1569 845 1619 et
859 1578 938 1642 quoe
954 1561 999 1622 ibi
1015 1561 1164 1646 producit

131 1659 299 1723 Harlesuu.
348 1659 433 1721 Addi
453 1659 556 1741 potest
572 1657 822 1743 Oudendorpiuo
836 1660 874 1722 od
890 1661 1007 1726 Lucan.
1028 1677 1060 1740 5.
1078 1663 1162 1742 643.

132 1759 188 1820 ubi
208 1781 248 1822 ex
269 1760 420 1822 omnibus
442 1761 604 1823 codicibus
620 1775 652 1822 et
673 1760 747 1823 edd.
763 1761 895 1822 addidit.
948 1763 1009 1826 Sed
1026 1757 1163 1834 et'alibi

133 1862 223 1923 utin
248 1861 342 1924 Floro
368 1859 536 1934 'Dukemm
567 1863 601 1922 in
625 1861 729 1922 Gellio
757 1861 959 1935 Gronoviue,
992 1865 1105 1946 aliique
1129 1865 1164 1924 in

133 1964 211 2025 eliis.
262 1963 422 2044 Equidem
446 1975 552 2025 temen
587 1961 760 2045 r'vuigari
786 1965 910 2026 rrtione
937 1966 1166 2028 discedendum

134 2083 202 2126 non
224 2065 355 2145 putavi.
389 2083 463 2124 curn
485 2063 523 2124 ab
540 2083 625 2124 arere
642 2064 758 2126 melino
778 2067 970 2146 propiorque
992 2067 1165 2137 derivetur,

135 2185 194 2226 nee
218 2165 295 2226 adeo
327 2163 382 2224 fibi
410 2162 473 2246 ipse
502 2165 535 2224 in
561 2166 717 2228 Suetonio
742 2165 880 2227 constitit
907 2166 1166 2250 Oudendorpiue.

137 2265 221 2327 Nota
235 2265 278 2327 est
294 2267 327 2325 in
343 2265 394 2327 hir
409 2265 610 2326 librariorum
625 2265 679 2326 vri
693 2264 805 2337 libido,
828 2267 880 2328 vel
897 2267 1073 2330 liberalitas.
1113 2265 1165 2330 Ci'.

138 2366 287 2428 etiamad
308 2385 336 2436 r,
354 2377 387 2443 8,
404 2367 450 2428 in.
479 2387 509 2437 ι,
527 2383 560 2444 9,
575 2375 608 2444 4.
631 2380 663 2428 et
679 2361 788 2447 paffim
803 2367 888 2430 alibi.
940 2369 1012 2430 Post
1031 2367 1168 2453 ttehdtg.

44 2465 48 2472 '
140 2465 280 2528 abducta
295 2465 463 2548 frequente
477 2464 671 2536 confufione‚
691 2486 787 2546 quam
803 2481 836 2528 ct
850 2469 961 2530 notari
977 2469 1016 2529 ad
1039 2487 1066 2540 ι,
1086 2483 1118 2546 8,
1134 2483 1169 2534 2.

138 2569 258 2630 Eadem
275 2567 372 2630 dictio
390 2567 453 2630 stne
473 2568 647 2630 variatione
664 2565 818 2628 librorum
837 2568 954 2653 legitur
972 2589 1001 2640 ι,
1018 2580 1052 2650 4,
1072 2585 1105 2632 2.

212 2771 301 2832 Exn
299 2767 405 2864 stis)
458 2771 570 2831 venet.
594 2765 721 2861 exustae
745 2759 884 2860 insulaer
923 2768 1013 2853 Prag.
1035 2763 1170 2862 adustis.

140 2871 224 2934 Edd.
251 2889 283 2953 7.
310 2883 342 2948 8.
375 2867 488 2934 vitiose
521 2869 656 2956 exnfins.
707 2871 794 2930 Tum
817 2867 911 2932 Parii.
934 2891 961 2930 r.
987 2867 1173 2960 cppoflrae3

143 2972 227 3034 Gud.
252 2969 385 3062 pofitue.
437 2973 538 3033 Porro
554 2971 644 3055 Prag.
667 2961 858 3061 hespericum
883 2969 966 3052 Lipi.
988 2969 1180 3054 expertetur

143 3073 252 3138 Cibin.
272 3063 476 3163 hysperidosr
503 3072 642 3134 vindob.
665 3062 862 3164 Hesperides.
900 3072 1088 3136 Ciocconiuo
1107 3071 1172 3134 fine

142 3173 229 3238 coust
248 3174 355 3237 locum
375 3173 414 3236 stc
431 3171 585 3258 fingebat:
619 3163 739 3266 insulae
755 3171 875 3234 arduae
883 3163 975 3264 suut.

219 3389 463 3438 memoratur
470 3372 489 3455 )
536 3372 619 3456 Lipi.
648 3373 786 3437 Vindob.
812 3387 1042 3448 membraneum·
1077 3374 1174 3438 ceteri

146 3496 219 3540 cum
240 3477 313 3538 edd.
329 3488 533 3544 memoratur,
559 3475 645 3556 quod
666 3487 751 3536 recte
767 3476 862 3548 valet,
887 3489 920 3538 et
939 3476 1090 3557 exemplis
1108 3495 1175 3538 cor·

146 3578 328 3647 roboratur,
360 3597 440 3660 quae
460 3576 643 3638 adtulerunt
661 3575 848 3639 Gronovius
868 3577 907 3638 od
927 3576 1049 3639 Arrirn.
1066 3577 1106 3638 do
1123 3596 1175 3638 ex·

148 3681 221 3760 ped.
248 3679 335 3740 Alex.
359 3700 386 3749 r.
408 3697 437 3742 t.
461 3697 491 3760 p.
514 3693 544 3738 o.
578 3675 821 3740 Drakenborch.
845 3679 884 3738 ud
906 3677 978 3738 Lir.
1006 3696 1034 3748 r.
1059 3691 1116 3756 31.
1140 3687 1175 3754 8.

151 3791 185 3856 8,
204 3791 259 3858 24,
284 3800 313 3842 t.
341 3777 464 3842 Duker.
478 3778 516 3838 cd
535 3777 616 3840 Flor.
635 3791 668 3844 Ω.
684 3779 717 3846 6.
735 3786 794 3860 45.
822 3777 1030 3862 Oudendorp.
1047 3779 1176 3841 adsue·

148 3882 230 3942 tonii
245 3879 369 3944 Othon.
390 3899 457 3962 cup.
472 3893 505 3954 7.
534 3877 693 3957 Verheyk.
708 3881 746 3938 ad
762 3879 895 3961 Eutrop.
913 3888 948 3958 4,
965 3891 1000 3956 8.
1016 3875 1035 3939 i.
1052 3889 1086 3960 4.
1111 3880 1178 3942 Sta·

149 4001 259 4044 ceren.
277 3981 315 4042 od
334 3980 451 4064 Nepot.
466 3989 500 4059 4,
520 3991 552 4056 5,
569 3993 602 4058 5.
629 3991 663 4040 et
683 3997 762 4062 quoe
783 3980 939 4065 adlegant.
992 3980 1039 4040 Ita
1060 3997 1177 4060 nempe

150 4081 279 4156 dicitnr,
306 4093 495 4146 memoratur
511 4095 544 4146 et
565 4079 677 4144 onitu
693 4079 833 4146 rbiolnte
853 4092 1032 4166 ponuntur,
1057 4093 1094 4142 ut
1111 4077 1178 4142 iub·
