2826 4936
362 453 451 510 LlB.
480 455 532 509 tlt.
577 454 610 512 c.
631 455 681 514 VI.
725 451 751 522 i·
775 467 805 518 7.
1050 457 1107 522 tat

61 625 230 688 diductae.
266 644 297 686 Α.
322 644 530 693 ououovrve.
583 629 630 688 Ita
654 629 751 688 etiam
779 627 858 708 legit
882 625 1045 686 Pomanus
1070 623 1106 685 iu

60 729 215 812 chorogr.
235 728 354 788 Daniae
372 727 467 790 delcr.
485 749 517 810 p.
536 743 620 804 717.
662 728 781 792 Conlra
798 729 941 790 Ouwena
956 729 989 786 in
1003 725 1106 785 nocti·

59 829 129 892 bue
149 831 322 913 liugane,
349 844 406 904 17.
426 851 459 912 p.
476 843 560 908 308.
584 829 720 892 malebat
741 822 895 920 seductae
921 849 959 891 ex
990 827 1104 888 Ovidii

62 930 203 994 Metam,
228 951 255 999 t,
279 941 337 1007 80.
363 931 437 991 ubit
471 953 575 993 receus
606 931 697 992 tellus
718 923 914 1022 seductaque
941 949 1038 1008 nuper
1061 923 1103 986 ab

65 1031 137 1092 alto
153 1033 290 1093 Aethere.
343 1033 406 1094 Sed
427 1034 561 1094 minime
584 1053 663 1114 opus
684 1033 726 1094 eu
749 1033 806 1094 hac
833 1033 987 1100 lectione,
1021 1049 1102 1111 quae

62 1131 130 1194 fine
145 1133 308 1194 codicibus
324 1133 528 1208 obtrudatur;
557 1153 615 1194 nec
632 1147 703 1218 eget
725 1135 777 1195 illa
800 1135 1026 1196 emendatione
1048 1131 1102 1190 hic

60 1233 165 1296 locrus.
217 1233 292 1294 Non
311 1237 399 1295 enim
417 1236 499 1298 lllela
515 1237 618 1296 dicere
639 1236 724 1306 vult,
752 1234 889 1296 seorsum
910 1236 1022 1316 politae
1041 1229 1101 1293 else

63 1347 100 1396 et
120 1333 182 1394 luis
201 1335 277 1396 lucit
303 1334 445 1406 secretae,
479 1335 548 1406 led,
580 1338 666 1419 quod
693 1339 909 1420 praecedentia
934 1335 1102 1402 declarant,

63 1449 203 1498 remotae
219 1437 301 1498 inter
319 1435 347 1498 le
363 1439 516 1520 paullum,
542 1439 584 1500 ita
606 1439 747 1520 quidem,
779 1439 868 1499 utin
890 1457 1006 1520 magno
1027 1437 1103 1494 licet

60 1555 201 1598 numero
223 1539 359 1620 amplam
377 1553 483 1600 tamen
500 1541 567 1602 eius
584 1541 677 1600 matie
697 1553 817 1622 partem
841 1553 1007 1620 occupent.
1058 1533 1102 1596 E't

61 1637 105 1698 lic
130 1635 241 1700 seriem
265 1641 396 1724 longam
427 1641 562 1725 augustie
592 1640 694 1722 spatiis
722 1643 929 1724 interruptam
960 1641 1101 1698 denotat.

60 1741 153 1800 Turn
174 1759 252 1801 vero
275 1741 427 1804 diductae
443 1745 661 1804 revocandum
680 1743 826 1812 videtur,
853 1755 888 1802 ut
907 1735 1102 1822 aptilltmum

60 1855 97 1902 et
120 1855 244 1922 praeter
264 1843 422 1904 editiones
443 1859 567 1906 veteres
583 1846 714 1924 optimis
730 1846 825 1906 ctiam
845 1843 968 1906 lllSStie
990 1839 1101 1922 proba·

59 1957 150 2004 turn.
186 1943 285 2025 Quod
301 1947 388 2004 enim
406 1945 440 2006 in
453 1945 503 2006 hie
523 1945 681 2028 reperitur
698 1943 868 2015 deductae,
895 1957 1000 2026 aperte
1021 1939 1102 2024 post·

59 2057 136 2104 tum
159 2043 202 2107 est
223 2063 282 2126 pro
302 2045 450 2107 diductae
470 2067 509 2108 ex
532 2045 665 2108 solemni
682 2049 847 2128 utriusque
865 2046 1000 2108 voculae
1015 2063 1102 2106 com·

59 2147 262 2214 mutatione,
297 2160 330 2208 et
354 2148 436 2210 male
461 2143 584 2210 Volliua
614 2147 766 2210 deductae
795 2161 828 2208 et
853 2147 1002 2208 diductae
1029 2163 1102 2228 pro·

59 2244 184 2308 misene
211 2248 274 2307 dici
299 2261 407 2331 putat,
448 2251 498 2310 uti
524 2251 631 2310 docuit
653 2249 749 2310 etiarn
775 2247 863 2330 supra
885 2249 923 2310 ad
951 2264 983 2318 Ω,
1009 2259 1042 2324 5,
1067 2243 1101 2310 6.

60 2351 89 2410 l.
118 2349 317 2412 Gronovius.
379 2351 519 2413 Suadent
540 2352 625 2410 idem
647 2353 760 2420 etiam,
793 2353 846 2432 qni
867 2349 1008 2413 nostrum
1028 2361 1102 2408 ante

60 2451 177 2512 oculos
204 2451 382 2512 habuerunt
404 2451 528 2514 Plinius
553 2472 580 2514 c.
604 2453 624 2514 l.
651 2465 683 2514 et
707 2453 873 2514 Boccatiue
901 2451 940 2511 tle
962 2449 1103 2510 maribus

62 2551 86 2612 i.
111 2571 145 2612 v.
168 2549 313 2612 Orcadus
338 2551 499 2623 Oceanus,
537 2573 673 2634 quorum
701 2555 753 2616 ille
783 2554 916 2638 exponit
940 2550 1102 2620 discretae,

61 2653 117 2714 hic
134 2649 315 2738 distinctae.
366 2655 408 2714 stt
424 2653 498 2716 binc
514 2655 686 2716 Martianus
701 2655 826 2737 Capella
841 2653 896 2714 lib.
916 2653 949 2715 6.
969 2672 1001 2732 p.
1015 2661 1101 2726 215.

64 2753 212 2840 Orcadct
236 2776 314 2833 pene
338 2757 530 2818 coniunctae,
591 2757 675 2816 Dedi
701 2777 794 2840 ergo,
828 2757 932 2814 immo
952 2752 1103 2813 revocavi

63 2854 234 2926 diductae,
259 2857 346 2937 quttd
363 2877 402 2918 ett
419 2857 471 2918 ed.
488 2853 586 2918 Voffii
607 2859 778 2918 retinuerat
799 2858 899 2917 editio
916 2853 1104 2914 Norimlter·

60 2958 180 3044 gensta.
229 2957 501 3020 Diductaeenim
525 2977 590 3018 non
612 2954 1105 3040 linrpliciemodoverbi'uotio·
1220 2988 1222 2994 s

61 3081 143 3122 uem
164 3057 319 3130 includit,
354 3057 407 3120 tert
428 3073 461 3120 et
482 3058 580 3146 ipsam
601 3057 774 3122 insularum
793 3057 972 3142 dispolitaut
993 3053 1104 3118 leriern

60 3175 136 3246 apte
162 3174 270 3244 auget.

139 3361 404 3446 Haemodae)
454 3363 601 3428 Ciaccon.
632 3383 670 3426 ex
698 3363 752 3426 luo
779 3365 889 3426 codice
914 3359 1015 3424 adfert
1041 3358 1106 3422 He

61 3465 197 3534 modae,
237 3485 276 3526 ex
304 3463 364 3526 luia
392 3465 429 3528 Λ.
455 3465 638 3528 Gronovius
666 3465 828 3528 Haeruode
854 3479 886 3527 et
913 3460 1103 3526 Haeruodes.

62 3569 135 3630 Mei
153 3567 206 3628 vel
226 3565 387 3626 Haeurnde
411 3571 460 3644 (ut
475 3569 597 3642 (tibin.)
621 3570 673 3630 vel
689 3565 873 3630 Haemodae
892 3566 1004 3632 (l'atic.
1022 3561 1107 3624 lteb-

61 3673 169 3754 diger.
200 3667 284 3728 Gud.
316 3687 378 3748 quo
402 3666 476 3730 ulus
499 3671 594 3730 etiarn
616 3669 659 3730 eli
684 3670 719 3731 t.
745 3668 943 3742 Gronovius)
970 3665 1023 3724 vel
1046 3661 1110 3725 Ha·

63 3771 159 3834 enode
179 3767 279 3852 (Lipl.
297 3769 403 3854 Prag)
420 3771 474 3831 vel
491 3769 647 3831 Acmodae
661 3773 721 3850 (ita
738 3771 888 3831 videntur
905 3765 999 3828 Parii.
1015 3786 1044 3828 ι.
1064 3764 1110 3842 a.)

66 3873 212 3952 denique
233 3869 403 3932 Hemodes.
438 3871 551 3950 (Parii.
572 3875 625 3950 5.)
676 3872 768 3934 Solae
795 3869 934 3932 t'imtob.
963 3865 1110 3928 cauodes.

65 3973 240 4038 Editionee
261 3974 298 4033 ad
318 3968 460 4034 Voll'turn
475 3992 573 4056 neque
588 3972 743 4034 Hemodos
761 3973 812 4033 vel
831 3967 1031 4039 Haemodes,
1056 3967 1111 4026 itte

66 4077 157 4136 dedit
183 4073 339 4136 Aemodae
361 4093 497 4156 cumque
519 4095 558 4138 eo
579 4075 652 4136 edd.
674 4085 734 4152 4ο.
765 4083 824 4154 4¹·
848 4083 907 4153 42.
935 4071 1011 4130 inde
1037 4085 1112 4128 curn

68 4175 402 4260 lleinoldiopossturu
422 4175 620 4240 Haemodae.
654 4191 859 4238 uzacuvcnu.
913 4169 991 4234 Nou
1011 4169 1111 4234 Erue·
