2792 4940
327 469 385 531 262
614 469 869 530 romeonu
912 471 1079 529 mutue

327 666 402 710 cnm
422 659 502 708 vett.
521 646 595 709 edd.
611 636 802 738 Miscellane,
829 645 917 728 quod
934 659 967 708 et
986 646 1020 707 in
1036 645 1144 709 Plinio
1160 646 1230 708 vult
1247 645 1364 708 llollte·

326 751 399 812 niue
418 767 444 808 c.
468 749 489 809 l.
554 749 653 831 Quod
679 747 870 810 lleinoldiue
898 745 1039 830 reposuit
1072 748 1261 830 Sermylom.
1293 769 1362 809 cum

325 849 390 933 ipse
411 851 598 912 mutationis
620 851 705 911 illiue
728 847 851 910 caulam
873 867 939 910 non
961 849 1125 921 adtulerit,
1154 852 1274 911 nedum
1296 869 1363 931 pro·

326 953 465 1020 bavent,
495 949 559 1014 fine
578 951 680 1013 dubio
699 951 795 1033 petiit
810 971 850 1012 ex
872 951 1041 1013 Herodoto
1066 963 1099 1028 5,
1125 967 1204 1013 122.
1232 955 1287 1033 qui
1310 951 1362 1010 To·

328 1074 434 1122 rouen.
471 1043 642 1144 Galepsum
677 1051 843 1134 Sermylen,
877 1049 1116 1134 Mecybernom,
1146 1065 1179 1114 et
1204 1051 1362 1136 Olynthon

327 1155 510 1238 coniungit.
542 1167 573 1216 et
599 1155 633 1214 in
661 1167 739 1215 terre
762 1153 909 1215 Sithonia
935 1152 1028 1216 locat.
1089 1155 1183 1236 Apud
1206 1155 1363 1236 Scylacem

327 1276 360 1340 p.
383 1255 440 1320 26.
461 1253 563 1316 Hndl.
590 1274 650 1338 pro
671 1275 706 1316 eo
729 1253 771 1316 ell
793 1245 943 1344 Ismyria,
970 1275 1065 1337 qnam
1085 1253 1209 1318 Voffiut
1232 1257 1364 1317 mutavit

329 1359 365 1418 in
388 1357 555 1440 Sermylia,
589 1360 678 1417 cuiue
703 1357 799 1417 etiam
822 1356 1004 1439 Stephanutt
1027 1359 1141 1439 aliique
1165 1359 1362 1418 mentionem

330 1457 462 1522 faciunt.
514 1459 556 1520 m
578 1473 705 1541 ponunt
725 1460 758 1517 in
781 1477 820 1518 eo
846 1471 961 1526 tractu,
992 1479 1090 1540 quem
1111 1458 1213 1520 noster
1234 1461 1295 1519 iam
1317 1479 1362 1520 re·

297 1583 304 1594 “
330 1561 427 1642 liquit
451 1557 538 1640 supra
561 1549 770 1640 descriptum,
805 1571 841 1620 ut
865 1579 904 1620 eo
926 1559 1024 1622 relabi
1049 1572 1133 1621 recte
1157 1561 1272 1621 iterum
1297 1578 1362 1620 non

329 1657 441 1744 pullu,
477 1661 534 1720 nili
558 1659 701 1730 misceat,
736 1661 819 1742 quod
842 1675 948 1722 tamen
972 1659 1162 1742 quibusdam
1186 1659 1289 1722 visum
1311 1659 1360 1722 est.

331 1765 374 1823 Et
396 1765 436 1824 lic
460 1743 642 1822 vlr'doctne
667 1762 700 1820 in
722 1761 865 1844 margine
889 1763 965 1824 edit.
992 1762 1137 1824 Gronov.
1161 1763 1268 1840 1685.
1292 1762 1362 1822 haec

330 1865 554 1924 adnotaverat:
598 1863 683 1922 Mela
714 1863 860 1922 ordinem
893 1859 1107 1950 περιηγήσεως
1133 1863 1254 1933 turbat,
1287 1864 1362 1924 dnm

332 1965 570 2043 dlerylmrnnm,
601 1965 755 2024 Toronen
777 1975 810 2024 et
834 1965 946 2024 Derrin
967 1963 1035 2046 poli
1056 1965 1206 2026 Pallenen
1229 1983 1362 2027 comme·

330 2079 445 2126 moret.
500 2066 579 2124 Vide
603 2065 764 2143 Scylacem
795 2076 827 2125 et
857 2063 1088 2126 Ptolemaeum.
1140 2067 1182 2126 At
1208 2079 1274 2127 tam
1299 2067 1363 2124 vio·

330 2168 433 2226 lentae
458 2166 652 2228 mutationes
677 2165 906 2227 reluctantibus
933 2165 1020 2228 librie
1043 2168 1210 2228 eominus
1239 2167 1363 2228 obtrudi

331 2267 467 2336 debent,
510 2267 595 2347 qnod
636 2287 702 2326 non
738 2267 847 2326 omnia
879 2267 1028 2328 omnibns
1063 2283 1360 2330 commemorantur.

330 2359 470 2458 Physcne
492 2365 669 2454 Ptolomaei
695 2381 725 2444 5,
754 2381 808 2444 13.
837 2367 1058 2454 t'elstephani
1079 2360 1233 2458 Physcus.
1263 2369 1363 2450 liquis

331 2469 394 2529 hnc
418 2466 532 2530 referre
561 2469 655 2538 velit,
688 2469 772 2548 qnod
803 2466 903 2529 fecille
931 2470 1059 2530 videtur
1083 2469 1275 2532 Hermolaus
1295 2471 1363 2530 Bar·

330 2569 437 2638 burno,
466 2571 561 2630 nimis
580 2571 657 2630 hinc
679 2571 711 2628 in
728 2569 955 2630 mediterranea
979 2569 1165 2631 Macedonia
1191 2571 1269 2632 haec
1292 2571 1363 2632 urbe

328 2684 452 2732 remoto
483 2670 582 2732 distat.
640 2671 673 2732 si
700 2670 779 2750 quid
803 2669 906 2732 levius
936 2671 1190 2740 immutandum.
1224 2665 1363 2763 Miscere

329 2772 482 2853 Stephani
515 2772 578 2833 huc
607 2773 752 2854 proximo
777 2767 885 2842 faciat,
925 2772 1103 2835 dummodo
1129 2771 1296 2848 Σιθωνίας
1321 2793 1363 2834 re·

327 2872 481 2957 poluerie.
1007 2861 1016 2886 “

403 3073 507 3136 unde
529 3103 581 3160 -γ
603 3071 655 3166 est
664 3073 682 3156 )
742 3075 913 3160 liehdiger.
947 3071 1007 3167 ipst
1042 3075 1126 3136 unde
1154 3097 1267 3137 nomen
1304 3073 1360 3166 efi3

328 3175 437 3240 Cibin.
461 3175 543 3236 unde
563 3175 634 3266 prfi
662 3195 772 3236 nomen
797 3175 839 3269 est
869 3179 967 3255 cingit
988 3175 1173 3269 poetastrum
1207 3179 1362 3240 vadianus

328 3275 482 3338 cuminis
505 3278 601 3338 etiam
625 3289 682 3354 30.
708 3290 766 3352 32.
791 3292 849 3354 37.
873 3291 904 3338 et
920 3279 1060 3361 cognatio
1076 3280 1191 3338 Vineto
1214 3263 1360 3359 se'quente

327 3378 540 3439 undenorum
561 3374 604 3469 est
624 3373 695 3464 ipfi.
736 3377 817 3438 lllud
839 3379 1036 3441 concinniori
1060 3377 1136 3440 lono
1158 3379 1295 3444 codices.

403 3577 448 3640 M
453 3575 687 3660 ecybernam
695 3577 715 3660 )
764 3577 860 3643 Paris.
885 3599 912 3644 ι.
933 3595 965 3642 2.
986 3577 1244 3662 Morgibernam3
1279 3576 1358 3661 Lipl.

329 3679 469 3740 Vindob.
494 3677 580 3741 Gud.
604 3678 693 3763 Prag.
719 3681 891 3766 liehdiger.
911 3701 984 3742 cnm
1010 3683 1084 3744 edd.
1114 3703 1142 3744 t.
1162 3697 1193 3761 3.
1219 3693 1255 3760 4.
1275 3697 1308 3757 5.
1327 3681 1358 3742 6.

330 3795 363 3856 7.
386 3791 419 3858 8.
443 3799 476 3860 9.
504 3799 558 3842 ιο.
581 3797 636 3844 11.
659 3779 898 3861 dlegibernam3
936 3795 990 3858 ¹5·
1018 3799 1070 3857 ¹7·
1090 3800 1146 3846 20.
1171 3797 1229 3861 23.
1251 3783 1359 3862 Illegy·

326 3880 462 3944 bertram.
502 3881 574 3943 vid.
593 3879 692 3964 supra.
735 3882 908 3966 Rehdiger.
932 3885 1064 3966 intingit
1086 3903 1144 3966 pro
1168 3885 1312 3964 incingit.

402 4081 678 4176 Canastraeo)
729 4083 837 4147 Cibin.
859 4085 1046 4180 porraflreo;
1072 4087 1162 4170 Prag.
1179 4082 1358 4177 coprrstreo;

324 4186 439 4268 reliqui
461 4182 542 4256 lere,
576 4187 610 4246 in
630 4187 670 4250 iio
691 4186 790 4248 Vatic.
813 4185 987 4280 oonastreo.
1038 4187 1122 4251 Edd.
1153 4209 1180 4250 1.
1207 4201 1237 4267 3.
1258 4196 1295 4266 4.
1326 4197 1357 4260 5.
