2792 4940
351 489 411 559 ²⁷4
646 479 890 541 roucourt
929 479 1092 536 ustae

349 655 503 720 mendum
532 651 659 716 Terriam
685 655 844 738 oppidum
865 652 926 717 elle
945 653 1112 725 Arcadiae.
1154 653 1277 716 nullius
1313 653 1368 716 Ge

349 759 460 843 graphi
490 753 708 820 testimonium
743 757 929 828 inveniens,
966 775 1030 817 una
1062 769 1187 816 tanturn
1221 755 1371 818 Ciceron

349 859 534 922 auctoritate
557 872 727 922 contentus
750 857 830 929 fuit,
866 870 899 919 et
924 877 959 918 ea
987 857 1025 918 ab
1052 857 1169 942 angulo
1198 859 1305 938 petita
1332 881 1372 922 nr

350 960 480 1034 illullri,
522 959 577 1022 etlt
609 961 643 1020 in
678 960 829 1022 omnibus
854 959 1019 1024 Ciceronis
1050 959 1289 1042 exemplaribus
1330 979 1372 1022 rm

354 1063 467 1135 Tertia,
493 1074 530 1122 ut
545 1062 733 1124 Hermolaus
750 1063 845 1146 legit,
873 1059 924 1121 led
944 1061 1023 1122 Tene
1045 1055 1189 1123 habetur.
1243 1061 1320 1123 Cur
1342 1065 1372 1145 ip

240 1167 245 1176 '
352 1178 405 1226 tur
420 1178 452 1226 et
474 1183 533 1226 noe
548 1183 615 1226 non
631 1165 710 1224 tenti
725 1163 785 1225 elle
801 1159 1002 1224 clarillimum
1020 1177 1126 1224 vatem
1143 1173 1316 1244 putemus,
1348 1185 1372 1224 ct

350 1267 403 1348 vel
420 1265 474 1328 loli
489 1265 615 1328 Dorion
630 1266 726 1326 etiarn
742 1263 801 1326 elle
815 1265 848 1324 in
865 1263 1018 1324 Thessalia
1033 1264 1208 1326 credamus.
1245 1263 1369 1324 Dorr'n

350 1367 409 1428 ubi
428 1367 573 1428 Lucanus
592 1367 637 1426 ait
656 1380 855 1428 excaecatum
873 1365 1068 1444 Thamyrin.
1098 1383 1166 1426 non
1185 1363 1245 1424 fuit
1260 1366 1372 1426 Thess

350 1469 426 1539 liae,
460 1471 549 1530 cuiue
574 1468 641 1530 loca
664 1487 753 1528 nunc
780 1465 876 1529 refert
900 1467 1061 1537 Lucanus,
1097 1465 1150 1528 led
1172 1467 1373 1558 Peloponmy

352 1570 533 1632 Meminilie
565 1569 677 1630 debuit
708 1569 912 1636 Hermolaus.
946 1567 1048 1628 homo
1079 1568 1163 1628 inter
1186 1581 1300 1650 poetas
1331 1579 1373 1630 tui

351 1671 407 1732 diu
431 1671 579 1758 versetur,
609 1665 844 1731 usitatiffimum
864 1667 926 1730 elle
950 1670 1053 1751 poetis
1076 1688 1213 1739 morem,
1238 1683 1286 1737 ur.
1319 1693 1373 1732 cm

351 1774 523 1834 nominum
546 1771 719 1832 similitudo
748 1773 882 1841 invitet,
922 1768 1121 1831 confundant
1145 1769 1232 1852 saepe
1256 1769 1373 1834 sabula

202 1840 206 1848 .
278 1935 282 1948 ,
350 1889 388 1934 ut
412 1873 562 1958 Virgilius
593 1867 713 1958 [eclog.
739 1872 771 1943 6,
796 1866 877 1958 πμ]
913 1869 1003 1965 Quid
1027 1871 1140 1954 loquar
1163 1885 1222 1933 orit
1251 1871 1369 1954 Scylla

351 1971 426 2065 Nisa
447 1989 508 2036 etc.
548 1987 582 2035 et
608 1973 792 2054 Propertius
820 1969 875 2060 [4.
898 1983 933 2050 4,
957 1966 1037 2058 59.]
1084 1971 1171 2066 Quid
1204 1975 1322 2034 mirum
1368 1979 1374 2038 l

350 2077 475 2158 patrios
501 2073 635 2157 Scyllam
658 2065 795 2164 saevifflr
820 2063 954 2153 capillos
979 2073 1192 2157 Candidaque
1215 2076 1246 2134 irr
1265 2067 1374 2164 saeve

351 2178 482 2256 inguina
498 2166 590 2267 versa
614 2196 725 2248 cartem
763 2189 797 2236 et
818 2173 881 2257 ipse
900 2175 995 2236 etiam
1022 2176 1167 2236 Lucanus
1191 2175 1286 2258 paulo
1314 2177 1374 2238 infr

352 2277 441 2338 hunc
462 2277 579 2348 locum,
606 2277 646 2338 de
669 2295 732 2358 quo
755 2277 955 2346 dimicamus,
981 2295 1039 2358 pro
1067 2274 1176 2337 Thebis
1194 2277 1374 2338 Pertinere

355 2376 477 2439 Thebas
502 2379 654 2440 Boeotias
680 2375 802 2459 poluit:
857 2377 1000 2448 Veteres,
1032 2377 1154 2458 inquit,
1187 2375 1240 2437 ubi
1261 2369 1374 2465 fabra

355 2477 476 2540 Thebas
495 2477 661 2572 Morfirat
682 2479 875 2550 Echionias,
909 2479 996 2560 quod
1017 2481 1085 2540 eius
1109 2480 1301 2559 interpretes
1325 2503 1375 2542 nn

350 2581 457 2644 latuit·
505 2580 574 2642 Nec
600 2581 672 2642 finis
701 2580 933 2662 exemplorum.
985 2581 1048 2644 Sed
1081 2593 1117 2640 ut
1150 2582 1323 2642 redeamus
1361 2603 1375 2646 a

352 2681 483 2743 Melam.
535 2681 709 2744 Desiderari
727 2683 760 2742 in
781 2699 821 2743 eo
845 2697 925 2762 puto
947 2681 1082 2742 verbum
1099 2686 1331 2761 promontorio,
1363 2705 1375 2746 t

351 2783 526 2868 legendum
542 2783 594 2844 fit:
632 2785 661 2845 A
677 2781 810 2863 Sepiade
829 2785 1063 2862 promontorio,
1090 2797 1207 2845 utnon
1224 2785 1263 2842 ita
1284 2787 1375 2846 mult

350 2885 436 2967 polit
472 2887 501 2947 A
528 2887 743 2966 promontorio
768 2883 901 2963 Sepiade
918 2905 974 2964 per
994 2883 1193 2944 Demetrium
1214 2898 1245 2945 et
1266 2885 1375 2947 Boioi

352 3003 552 3048 murmure.
605 2986 791 3070 Legendum
811 2986 950 3066 Erymne
969 3005 1026 3066 pro
1051 2985 1223 3066 Gordynia.
1259 3003 1375 3049 crncc(

353 3106 443 3153 utve.
501 3087 599 3150 Scrib.
626 3107 647 3146 a
679 3087 780 3147 Peneo
813 3085 857 3146 ad
885 3085 1023 3166 Sepiada
1055 3087 1194 3167 Erymne
1217 3085 1375 3148 Meliboea

305 3263 307 3268 Ι
351 3207 529 3250 nctto‘r‘rvs.
583 3187 667 3250 Cum
688 3187 760 3248 libri
784 3201 907 3250 veteres
929 3186 1065 3248 habeant
1088 3186 1132 3247 ad
1153 3185 1288 3266 Sepida‚
1326 3210 1375 3250 cer

350 3301 421 3348 tum
444 3289 504 3359 eil,
540 3288 658 3348 ttetnu
681 3287 839 3370 scripsisset
876 3291 905 3350 A
925 3289 1025 3348 Peneo
1048 3287 1092 3347 ad
1117 3287 1271 3365 Sepiada,
1314 3290 1375 3352 Gor

351 3403 440 3471 tyna.
466 3388 631 3459 Meliboea,
657 3389 846 3480 Cristanaea.
899 3391 986 3450 inter
1002 3389 1076 3450 ollia
1094 3389 1191 3450 Penei
1206 3405 1238 3449 et
1252 3392 1375 3470 Sepind

350 3493 612 3574 promuntorium
636 3491 693 3551 tria
714 3491 765 3551 illa
781 3493 913 3552 collocat
928 3492 1055 3571 oppida.
1096 3489 1239 3568 Gortyna
1254 3495 1375 3570 ‹prider

353 3591 406 3652 sita
423 3605 490 3652 erat
507 3593 546 3651 ad
565 3589 666 3672 ipsum
682 3609 717 3652 os
732 3592 829 3652 Penei
844 3591 994 3655 fluminis.
1035 3593 1142 3670 ltaque
1156 3611 1220 3651 non
1236 3589 1278 3651 est
1297 3593 1375 3653 dub

352 3694 486 3754 tandum
504 3694 543 3754 de
559 3693 692 3753 veritate
709 3691 803 3752 huius
827 3692 992 3762 lectionis,
1026 3713 1120 3773 quam
1145 3705 1251 3754 veteru
1274 3697 1375 3754 confir

351 3808 441 3856 mant
471 3794 674 3875 exemplaria.
707 3795 741 3854 in
769 3793 886 3874 quibus
917 3793 1068 3855 omnibus
1104 3805 1232 3852 corrttra
1262 3796 1375 3856 invenx

351 3895 513 3958 Meliboea
539 3913 616 3956 vero
642 3895 695 3956 lita
717 3907 781 3955 erat
809 3893 842 3953 in
865 3893 949 3964 sinu,
990 3896 1045 3975 qui
1069 3891 1175 3954 Ollam
1203 3907 1235 3954 et
1261 3896 1375 3956 l’elinr

351 4012 499 4060 montem
523 3997 695 4058 interiacet.
738 3995 850 4058 Strabo
872 3995 926 4057 lib.
944 4013 978 4072 9.
1005 3990 1058 4080 [p.
1075 4015 1116 4055 m.
1137 4007 1220 4072 305.
1239 3995 1259 4056 i.
1277 4007 1369 4075 445.

350 4091 490 4184 Τραχὺς
512 4093 538 4159 rl'
563 4091 647 4160 iuria
678 4093 693 4158 ὁ
723 4087 919 4182 παράπλους
942 4094 1006 4167 πιῐς
1031 4091 1047 4158 ὁ
1068 4093 1128 4158 τοῦ
1152 4091 1280 4178 Πηλίου
1313 4090 1375 4159 i‘no

351 4196 490 4262 aradium
524 4187 744 4284 ipiorjnevra·
789 4195 943 4272 τοσοῦτος
972 4193 1006 4260 δὲ
1031 4191 1084 4260 itai
1113 4196 1271 4296 'reici-ror⁸
1289 4197 1345 4262 καὶ
