2826 4936
333 482 392 544 ²50
621 470 871 530 rourortrr
915 471 1083 526 manta

334 639 549 724 inscriptione,
569 643 789 726 interponunt,
809 644 950 726 itemque
965 643 1064 726 aliqui
1077 656 1150 706 aute
1167 643 1266 706 verba
1285 642 1371 740 Quae

336 743 494 806 Sarmatis
514 781 561 794 --
587 747 617 826 §.
636 757 669 824 8.
697 745 754 807 ubi
774 746 897 832 fingula
915 759 1025 809 notata
1043 746 1200 810 adiiciam.
1239 747 1371 808 Viuetm

335 843 413 908 hinc
435 865 462 910 c.
480 857 538 927 24.
562 847 683 932 incipit.

502 1051 531 1128 §.
572 1069 601 1114 r.
652 1047 784 1132 oris)
845 1049 954 1116 Cibiu.
977 1052 1079 1124 boris,
1105 1066 1138 1114 et
1158 1049 1249 1114 alibi.
1286 1052 1369 1112 Tum

336 1149 511 1236 ilehdiger.
531 1147 666 1224 belidem
702 1150 788 1215 Gud.
811 1147 921 1216 batiae.
972 1153 1055 1218 Edd.
1077 1170 1107 1218 2.
1136 1167 1170 1228 7.
1195 1163 1231 1230 ss.
1262 1165 1319 1232 15.
1339 1165 1367 1212 et

335 1251 412 1314 aliae
427 1253 571 1325 Belicam
600 1265 656 1332 30.
677 1265 734 1332 32.
757 1265 815 1332 37.
834 1254 1017 1319 Bacchicae.
1069 1255 1130 1316 Pro
1148 1251 1258 1316 adhuc
1276 1274 1367 1334 usquo
1407 1299 1408 1312 .

335 1351 430 1416 Paris.
452 1373 482 1418 ι.
501 1369 534 1418 a.
557 1353 646 1439 Prag.
666 1373 740 1416 cum
761 1355 956 1418 editionibus
982 1357 1093 1420 iudea
1118 1353 1171 1420 16.
1195 1351 1367 1438 (vadiani)
1407 1339 1408 1368 ³

337 1469 458 1517 ceterae
482 1455 653 1526 Vedianae,
689 1455 848 1518 Olivariua
870 1477 946 1518 curn
971 1455 1047 1528 suia,
1083 1457 1234 1524 Vinctus,
1261 1457 1367 1519 Schot-

336 1569 400 1626 tua,
427 1554 560 1628 Vossrua,
585 1557 744 1620 Gronovii
761 1559 798 1620 ad
817 1559 868 1622 ed.
887 1567 947 1642 44.
969 1560 1056 1621 unde
1076 1558 1246 1620 lleinoldii
1269 1577 1367 1619 exem·
1407 1623 1408 1658 ,

336 1657 392 1742 plo
408 1672 592 1720 revocatum
614 1657 657 1720 est
671 1658 776 1721 adbuc
789 1681 894 1744 usque,
920 1661 1008 1742 quod
1024 1657 1205 1743 praeferunt
1220 1659 1367 1722 Ciaccon.
1407 1661 1408 1730 1

336 1759 376 1822 Δ.
394 1760 552 1820 Gronovii
572 1760 697 1822 codices
718 1780 831 1822 omnes
852 1775 884 1821 et
899 1763 1013 1844 reliqui
1034 1780 1193 1823 meorum.
1247 1755 1370 1823 Vossrua

337 1877 378 1921 ex
399 1859 587 1942 quibuadam
608 1873 698 1922 notat
718 1864 815 1923 etiam
838 1863 1085 1946 adducensque.
1136 1863 1268 1926 Deinde
1290 1859 1369 1944 Lips.

337 1959 590 2052 prtfirinximus,
616 1974 649 2024 et
664 1962 771 2025 Cibin.
795 1961 939 2045 ignobile,
962 1978 995 2027 at
1011 1965 1080 2046 posl
1093 1963 1246 2024 adiacent
1267 1965 1368 2026 etiam.

339 2081 545 2126 azacuvcrra.
603 2063 737 2126 Videtur
761 2065 926 2126 desiderari
952 2067 1140 2148 praeposnio
1165 2063 1225 2136 ab,
1260 2077 1299 2125 ut
1324 2065 1367 2133 fit,
1407 2103 1408 2112 κ

337 2161 380 2223 ab
400 2163 516 2244 angulo
531 2164 691 2227 Baeticae.
720 2183 919 2230 ernrranva.
969 2167 1206 2250 interponenda
1221 2165 1369 2249 particula
1407 2147 1408 2226 l

338 2261 397 2332 ab,
424 2277 457 2326 et
477 2265 665 2349 legendum=
692 2285 773 2350 quas
787 2265 827 2328 ab
845 2267 961 2350 ungreio
975 2269 1133 2331 Baeticae.
1160 2286 1366 2329 craccorura.
1407 2339 1408 2352 χ

338 2363 490 2428 Meliorea
515 2387 611 2427 marm
632 2370 750 2428 exarati
771 2369 894 2432 codices
916 2371 1027 2454 legunt
1046 2370 1152 2430 adduc
1172 2388 1289 2452 usque3
1320 2368 1368 2428 alii
1407 2375 1408 2388 ¹

340 2465 594 2550 adiabenosque.
646 2473 823 2551 Vtrumque
852 2472 1014 2533 Latinum.
1067 2471 1214 2532 Omnino
1239 2472 1284 2530 ita
1306 2467 1366 2530 scri·
1407 2483 1408 2508 ¹

341 2565 502 2630 bendum:
524 2591 604 2652 quot
616 2567 657 2630 ab
673 2571 950 2652 angccloBaeticae
964 2571 1175 2654 adduamque
1186 2569 1366 2664 perflrinxi·
1407 2631 1408 2640 ,

340 2690 419 2734 mus.
454 2690 595 2734 voaarvs.
656 2673 815 2756 Legamus
837 2689 945 2735 contra
966 2673 1057 2736 MSS.
1082 2693 1211 2742 ornnea,
1245 2685 1283 2732 ut
1303 2672 1367 2732 vult
1407 2643 1408 2712 l

340 2768 474 2844 voffiur,
500 2771 540 2832 ab
559 2773 677 2854 angulo
693 2775 856 2835 Baeticae.
908 2775 959 2836 An
980 2775 1104 2856 uspiam
1127 2773 1279 2853 angulum
1294 2773 1367 2834 Boc·

339 2872 423 2934 ticae
445 2875 577 2960 agnovit
600 2873 708 2937 Mela‘i
759 2875 831 2938 Lib.
853 2889 886 2953 3.
913 2896 979 2957 cap.
1009 2895 1064 2938 ιο.
1098 2873 1219 2938 Africae
1244 2870 1368 2936 novilli-

338 2993 411 3037 mua
433 2977 564 3061 angulus
581 2975 619 3038 ab
642 2996 689 3042 eo,
704 2975 897 3059 agnoscitur,
932 2979 1050 3039 nonin
1071 2977 1211 3058 opposita
1234 2976 1368 3038 Baetica.

339 3075 384 3136 Et
399 3091 481 3138 certe
497 3079 517 3138 s1
533 3077 572 3138 de
588 3078 704 3162 angulo
726 3079 876 3158 loquutus
892 3076 993 3139 suisset
1012 3092 1136 3149 auctor,
1162 3091 1195 3138 et
1219 3077 1369 3160 praepos·

340 3176 463 3238 tionem
489 3179 624 3258 syntaxis
646 3180 834 3260 requireret,
868 3200 906 3240 an
934 3198 968 3254 ea
994 3179 1034 3241 src
1055 3178 1243 3250 evanuisset,
1278 3193 1313 3240 ut
1337 3179 1368 3237 in

340 3277 432 3338 nullo
454 3277 577 3362 prorsus
594 3281 662 3343 MS.
681 3283 806 3342 veniret
822 3281 939 3342 obvias
972 3282 1044 3365 Ego
1060 3300 1126 3342 non
1143 3281 1270 3350 dubito,
1293 3281 1367 3360 quin

340 3376 425 3440 Mela
448 3381 614 3464 scripserit,
641 3403 721 3464 quas
737 3379 778 3441 ab
800 3383 875 3461 iugo
890 3383 1038 3443 Baeticae
1058 3381 1164 3443 adbuc
1189 3401 1285 3466 usqne
1304 3400 1366 3460 per*

329 3476 532 3572 strinximus.
585 3484 707 3545 nttudit
725 3485 812 3542 enim
834 3485 872 3543 ad
890 3482 1045 3564 superiora
1062 3482 1111 3544 sua
1126 3481 1183 3544 lib.
1204 3501 1234 3545 a.
1251 3503 1316 3564 cap.
1332 3482 1365 3544 6.

340 3581 434 3644 Illud
459 3585 613 3666 (Iunonia
638 3582 914 3667 promuntorium)
947 3585 1011 3644 iam
1044 3586 1076 3644 in
1110 3583 1308 3646 Occidentem
1335 3593 1365 3642 et
1407 3605 1408 3610 ¹

345 3682 504 3747 Oceandm
520 3685 644 3768 obliquo
666 3689 740 3766 iugo
759 3707 932 3746 excurrens.
966 3705 990 3747 1.
1015 3703 1222 3748 cnouovrva.
1271 3683 1364 3745 Parti·

341 3787 445 3848 culam
467 3787 524 3858 ab,
551 3808 629 3872 quae
644 3809 660 3848 a
676 3788 763 3849 libris
779 3785 877 3856 abest,
904 3786 1080 3847 addendam
1101 3785 1161 3848 else
1177 3793 1365 3847 monuerunt

340 3887 404 3948 viri
426 3891 523 3952 docti.
575 3891 706 3973 Quaerit
724 3889 776 3950 hic
791 3889 932 3959 invenie,
958 3887 1014 3948 ubi
1036 3887 1120 3949 isiiua
1136 3889 1244 3972 anguli
1259 3885 1364 3946 memi-

340 3991 424 4050 nerit
442 3991 549 4054 Mela?
584 3992 678 4072 Atqui
698 4013 736 4050 an
757 4009 823 4051 non
843 3987 912 4049 satia
934 3989 1012 4050 clare
1029 3989 1182 4072 angulum
1205 3989 1295 4048 illum
1316 3985 1364 4044 de·

339 4087 461 4163 scribit,
487 4111 559 4154 omn
576 4094 651 4153 dicit
667 4093 823 4153 Baeticam
842 4091 937 4152 maria
958 4104 1091 4170 utraque
1111 4087 1305 4172 prospicere;
1328 4085 1363 4144 td

339 4195 553 4266 occidentem,
581 4195 793 4266 Atlanticum3
821 4193 861 4254 atl
884 4193 1061 4263 meridiem,
1092 4189 1258 4272 nostrum?
1305 4185 1364 4252 Sed
