<?xml version="1.0" encoding="UTF-8"?>
<!DOCTYPE html PUBLIC "-//W3C//DTD XHTML 1.0 Transitional//EN"
    "http://www.w3.org/TR/xhtml1/DTD/xhtml1-transitional.dtd">
<html xmlns="http://www.w3.org/1999/xhtml" xml:lang="en" lang="en">
 <head>
  <title>
</title>
<meta http-equiv="Content-Type" content="text/html;charset=utf-8" />
  <meta name='ocr-system' content='tesseract 3.04.00' />
  <meta name='ocr-capabilities' content='ocr_page ocr_carea ocr_par ocr_line ocrx_word'/>
</head>
<body>
  <div class='ocr_page' id='page_1' title='image "./pomponiimelaede05melagoog_0810.png"; bbox 0 0 2836 4940; ppageno 0'>
   <div class='ocr_carea' id='block_1_1' title="bbox 311 459 1053 534">
    <p class='ocr_par' dir='ltr' id='par_1_1' title="bbox 311 459 1053 534">
     <span class='ocr_line' id='line_1_1' title="bbox 311 459 1053 534; baseline 0 -18"><span class='ocrx_word' id='word_1_1' title='bbox 311 471 369 534; x_wconf 70' lang='lat' dir='ltr'><strong>rur</strong></span> <span class='ocrx_word' id='word_1_2' title='bbox 604 459 852 518; x_wconf 81' lang='lat' dir='ltr'><strong>uomeourr</strong></span> <span class='ocrx_word' id='word_1_3' title='bbox 893 461 1053 516; x_wconf 70' lang='lat' dir='ltr'><strong>unuln</strong></span> 
     </span>
    </p>
   </div>
   <div class='ocr_carea' id='block_1_2' title="bbox 311 629 1405 2547">
    <p class='ocr_par' dir='ltr' id='par_1_2' title="bbox 311 629 1405 2547">
     <span class='ocr_line' id='line_1_2' title="bbox 311 629 1346 720; baseline -0.001 -25"><span class='ocrx_word' id='word_1_4' title='bbox 311 633 382 704; x_wconf 73' lang='lat' dir='ltr'><strong>des,</strong></span> <span class='ocrx_word' id='word_1_5' title='bbox 418 631 467 694; x_wconf 90' lang='lat' dir='ltr'><strong>sed</strong></span> <span class='ocrx_word' id='word_1_6' title='bbox 498 631 628 694; x_wconf 77' lang='lat' dir='ltr'><em>Ebudes</em></span> <span class='ocrx_word' id='word_1_7' title='bbox 651 631 775 696; x_wconf 78' lang='lat' dir='ltr'><strong>fortusse</strong></span> <span class='ocrx_word' id='word_1_8' title='bbox 799 635 863 720; x_wconf 86' lang='lat' dir='ltr'><strong>legi</strong></span> <span class='ocrx_word' id='word_1_9' title='bbox 895 629 1007 718; x_wconf 76' lang='lat' dir='ltr'><strong>possit,</strong></span> <span class='ocrx_word' id='word_1_10' title='bbox 1041 633 1099 695; x_wconf 89' lang='lat' dir='ltr'><strong>nili</strong></span> <span class='ocrx_word' id='word_1_11' title='bbox 1125 635 1216 716; x_wconf 73' lang='lat' dir='ltr'><strong>equod</strong></span> <span class='ocrx_word' id='word_1_12' title='bbox 1244 649 1346 696; x_wconf 85' lang='lat' dir='ltr'><strong>contra</strong></span> 
     </span>
     <span class='ocr_line' id='line_1_3' title="bbox 314 735 1345 798; baseline -0.001 -1"><span class='ocrx_word' id='word_1_13' title='bbox 314 735 518 798; x_wconf 80' lang='lat' dir='ltr'>Germaniam</span> <span class='ocrx_word' id='word_1_14' title='bbox 540 755 591 796; x_wconf 89' lang='lat' dir='ltr'><strong>eas</strong></span> <span class='ocrx_word' id='word_1_15' title='bbox 612 735 784 798; x_wconf 78' lang='lat' dir='ltr'><strong>constituit.</strong></span> <span class='ocrx_word' id='word_1_16' title='bbox 836 735 964 798; x_wconf 81' lang='lat' dir='ltr'><em>Ebudes</em></span> <span class='ocrx_word' id='word_1_17' title='bbox 984 755 1061 798; x_wconf 80' lang='lat' dir='ltr'><strong>vero</strong></span> <span class='ocrx_word' id='word_1_18' title='bbox 1083 749 1194 797; x_wconf 87' lang='lat' dir='ltr'><strong>contra</strong></span> <span class='ocrx_word' id='word_1_19' title='bbox 1219 737 1345 798; x_wconf 86' lang='lat' dir='ltr'><strong>Galliam</strong></span> 
     </span>
     <span class='ocr_line' id='line_1_4' title="bbox 313 837 1345 920; baseline 0 -22"><span class='ocrx_word' id='word_1_20' title='bbox 313 839 422 920; x_wconf 84' lang='lat' dir='ltr'><strong>potius</strong></span> <span class='ocrx_word' id='word_1_21' title='bbox 440 837 612 908; x_wconf 85' lang='lat' dir='ltr'><strong>habentur,</strong></span> <span class='ocrx_word' id='word_1_22' title='bbox 639 839 721 898; x_wconf 87' lang='lat' dir='ltr'><strong>ultra</strong></span> <span class='ocrx_word' id='word_1_23' title='bbox 736 838 922 900; x_wconf 83' lang='lat' dir='ltr'>Hiberniam</span> <span class='ocrx_word' id='word_1_24' title='bbox 939 859 974 900; x_wconf 86' lang='lat' dir='ltr'><strong>ac</strong></span> <span class='ocrx_word' id='word_1_25' title='bbox 989 839 1205 908; x_wconf 79' lang='lat' dir='ltr'>Britanniam,</span> <span class='ocrx_word' id='word_1_26' title='bbox 1238 839 1258 896; x_wconf 88' lang='lat' dir='ltr'><strong>li</strong></span> <span class='ocrx_word' id='word_1_27' title='bbox 1280 839 1345 900; x_wconf 84' lang='lat' dir='ltr'><strong>Pto·</strong></span> 
     </span>
     <span class='ocr_line' id='line_1_5' title="bbox 314 931 1344 1027; baseline 0 -27"><span class='ocrx_word' id='word_1_28' title='bbox 314 939 437 1000; x_wconf 83' lang='lat' dir='ltr'><strong>lernaea</strong></span> <span class='ocrx_word' id='word_1_29' title='bbox 457 934 514 1025; x_wconf 65' lang='lat' dir='ltr'><strong>[m</strong></span> <span class='ocrx_word' id='word_1_30' title='bbox 533 931 587 1023; x_wconf 65' lang='lat'><strong>2]</strong></span> <span class='ocrx_word' id='word_1_31' title='bbox 611 941 779 1002; x_wconf 85' lang='lat' dir='ltr'><strong>credimus.</strong></span> <span class='ocrx_word' id='word_1_32' title='bbox 816 939 852 1002; x_wconf 90' lang='lat' dir='ltr'><strong>ln</strong></span> <span class='ocrx_word' id='word_1_33' title='bbox 870 941 976 1002; x_wconf 83' lang='lat' dir='ltr'><strong>Plinio</strong></span> <span class='ocrx_word' id='word_1_34' title='bbox 995 935 1048 1027; x_wconf 78' lang='lat'><strong>[4‚</strong></span> <span class='ocrx_word' id='word_1_35' title='bbox 1068 935 1260 1027; x_wconf 82' lang='lat' dir='ltr'><strong>50.s.16.]</strong></span> <span class='ocrx_word' id='word_1_36' title='bbox 1281 959 1344 1020; x_wconf 88' lang='lat' dir='ltr'><strong>quu-</strong></span> 
     </span>
     <span class='ocr_line' id='line_1_6' title="bbox 315 1039 1345 1126; baseline 0.001 -26"><span class='ocrx_word' id='word_1_37' title='bbox 315 1061 376 1123; x_wconf 88' lang='lat' dir='ltr'><strong>que</strong></span> <span class='ocrx_word' id='word_1_38' title='bbox 402 1039 523 1122; x_wconf 80' lang='lat' dir='ltr'>septem</span> <span class='ocrx_word' id='word_1_39' title='bbox 551 1039 726 1102; x_wconf 85' lang='lat' dir='ltr'><strong>scribuntur</strong></span> <span class='ocrx_word' id='word_1_40' title='bbox 750 1041 917 1112; x_wconf 83' lang='lat' dir='ltr'><strong>Hemodes,</strong></span> <span class='ocrx_word' id='word_1_41' title='bbox 949 1043 1023 1111; x_wconf 87' lang='lat' dir='ltr'><strong>live,</strong></span> <span class='ocrx_word' id='word_1_42' title='bbox 1057 1056 1091 1101; x_wconf 93' lang='lat' dir='ltr'><strong>ut</strong></span> <span class='ocrx_word' id='word_1_43' title='bbox 1117 1062 1207 1102; x_wconf 88' lang='lat' dir='ltr'><strong>nunc</strong></span> <span class='ocrx_word' id='word_1_44' title='bbox 1242 1043 1345 1126; x_wconf 83' lang='lat' dir='ltr'><strong>legitur</strong></span> 
     </span>
     <span class='ocr_line' id='line_1_7' title="bbox 315 1139 1344 1225; baseline -0.001 -19"><span class='ocrx_word' id='word_1_45' title='bbox 315 1141 484 1206; x_wconf 79' lang='lat' dir='ltr'><em>Acmodae.</em></span> <span class='ocrx_word' id='word_1_46' title='bbox 512 1161 698 1206; x_wconf 69' lang='lat' dir='ltr'><strong>sensusve.</strong></span> <span class='ocrx_word' id='word_1_47' title='bbox 748 1143 871 1204; x_wconf 79' lang='lat' dir='ltr'><strong>Plinius</strong></span> <span class='ocrx_word' id='word_1_48' title='bbox 897 1163 1022 1224; x_wconf 68' lang='lat' dir='ltr'><strong>(uroque</strong></span> <span class='ocrx_word' id='word_1_49' title='bbox 1048 1139 1167 1225; x_wconf 82' lang='lat' dir='ltr'><strong>septem</strong></span> <span class='ocrx_word' id='word_1_50' title='bbox 1193 1155 1344 1205; x_wconf 81' lang='lat' dir='ltr'><strong>numerat.</strong></span> 
     </span>
     <span class='ocr_line' id='line_1_8' title="bbox 315 1245 1346 1326; baseline -0.002 -20"><span class='ocrx_word' id='word_1_51' title='bbox 315 1245 399 1326; x_wconf 85' lang='lat' dir='ltr'><strong>Sunt</strong></span> <span class='ocrx_word' id='word_1_52' title='bbox 415 1245 501 1306; x_wconf 87' lang='lat' dir='ltr'><strong>iuxta</strong></span> <span class='ocrx_word' id='word_1_53' title='bbox 522 1245 583 1306; x_wconf 85' lang='lat' dir='ltr'><strong>alio</strong></span> <span class='ocrx_word' id='word_1_54' title='bbox 599 1246 668 1307; x_wconf 89' lang='lat' dir='ltr'><strong>loco</strong></span> <span class='ocrx_word' id='word_1_55' title='bbox 684 1245 852 1306; x_wconf 81' lang='lat' dir='ltr'><strong>Haeburles</strong></span> <span class='ocrx_word' id='word_1_56' title='bbox 872 1245 1007 1314; x_wconf 91' lang='lat' dir='ltr'><strong>insulae,</strong></span> <span class='ocrx_word' id='word_1_57' title='bbox 1034 1265 1165 1325; x_wconf 89' lang='lat' dir='ltr'><strong>quarum</strong></span> <span class='ocrx_word' id='word_1_58' title='bbox 1186 1245 1275 1305; x_wconf 83' lang='lat' dir='ltr'><strong>Mela</strong></span> <span class='ocrx_word' id='word_1_59' title='bbox 1289 1265 1346 1306; x_wconf 87' lang='lat' dir='ltr'><strong>non</strong></span> 
     </span>
     <span class='ocr_line' id='line_1_9' title="bbox 316 1337 1346 1437; baseline -0.003 -29"><span class='ocrx_word' id='word_1_60' title='bbox 316 1347 484 1416; x_wconf 80' lang='lat' dir='ltr'><strong>meminit,</strong></span> <span class='ocrx_word' id='word_1_61' title='bbox 511 1347 568 1406; x_wconf 88' lang='lat' dir='ltr'><strong>nili</strong></span> <span class='ocrx_word' id='word_1_62' title='bbox 585 1348 653 1428; x_wconf 86' lang='lat' dir='ltr'><strong>quis</strong></span> <span class='ocrx_word' id='word_1_63' title='bbox 670 1367 728 1430; x_wconf 85' lang='lat' dir='ltr'><strong>pro</strong></span> <span class='ocrx_word' id='word_1_64' title='bbox 748 1367 806 1417; x_wconf 89' lang='lat' dir='ltr'><strong>eo,</strong></span> <span class='ocrx_word' id='word_1_65' title='bbox 831 1349 916 1428; x_wconf 85' lang='lat' dir='ltr'><strong>qnod</strong></span> <span class='ocrx_word' id='word_1_66' title='bbox 939 1345 997 1416; x_wconf 84' lang='lat' dir='ltr'><strong>est,</strong></span> <span class='ocrx_word' id='word_1_67' title='bbox 1015 1337 1140 1437; x_wconf 79' lang='lat' dir='ltr'><strong>seplem</strong></span> <span class='ocrx_word' id='word_1_68' title='bbox 1161 1345 1346 1415; x_wconf 76' lang='lat' dir='ltr'><em>Haemodes,</em></span> 
     </span>
     <span class='ocr_line' id='line_1_10' title="bbox 316 1445 1405 1530; baseline 0.002 -23"><span class='ocrx_word' id='word_1_69' title='bbox 316 1447 452 1530; x_wconf 82' lang='lat' dir='ltr'><strong>quinque</strong></span> <span class='ocrx_word' id='word_1_70' title='bbox 471 1445 638 1509; x_wconf 80' lang='lat' dir='ltr'><strong>Haebudes</strong></span> <span class='ocrx_word' id='word_1_71' title='bbox 662 1447 843 1510; x_wconf 82' lang='lat' dir='ltr'><strong>substituere</strong></span> <span class='ocrx_word' id='word_1_72' title='bbox 867 1449 963 1518; x_wconf 85' lang='lat' dir='ltr'><strong>velit,</strong></span> <span class='ocrx_word' id='word_1_73' title='bbox 993 1449 1078 1529; x_wconf 87' lang='lat' dir='ltr'><strong>quod</strong></span> <span class='ocrx_word' id='word_1_74' title='bbox 1104 1449 1260 1530; x_wconf 84' lang='lat' dir='ltr'><strong>equidem</strong></span> <span class='ocrx_word' id='word_1_75' title='bbox 1291 1467 1348 1509; x_wconf 88' lang='lat' dir='ltr'><strong>non</strong></span> <span class='ocrx_word' id='word_1_76' title='bbox 1404 1459 1405 1526; x_wconf 43' lang='lat'>3</span> 
     </span>
     <span class='ocr_line' id='line_1_11' title="bbox 318 1531 1405 1630; baseline 0.001 -22"><span class='ocrx_word' id='word_1_77' title='bbox 318 1545 440 1620; x_wconf 85' lang='lat' dir='ltr'><strong>secero,</strong></span> <span class='ocrx_word' id='word_1_78' title='bbox 482 1550 577 1610; x_wconf 88' lang='lat' dir='ltr'><strong>etiam</strong></span> <span class='ocrx_word' id='word_1_79' title='bbox 609 1550 627 1608; x_wconf 86' lang='lat' dir='ltr'><strong>sr</strong></span> <span class='ocrx_word' id='word_1_80' title='bbox 663 1551 851 1611; x_wconf 73' lang='lat' dir='ltr'><strong>Hermolaus</strong></span> <span class='ocrx_word' id='word_1_81' title='bbox 878 1551 1015 1622; x_wconf 87' lang='lat' dir='ltr'><strong>iudicet;</strong></span> <span class='ocrx_word' id='word_1_82' title='bbox 1056 1569 1131 1610; x_wconf 91' lang='lat' dir='ltr'><strong>nam</strong></span> <span class='ocrx_word' id='word_1_83' title='bbox 1157 1551 1349 1630; x_wconf 83' lang='lat' dir='ltr'><strong>plerumque,</strong></span> <span class='ocrx_word' id='word_1_84' title='bbox 1404 1531 1405 1596; x_wconf 56' lang='lat' dir='ltr'><strong>i</strong></span> 
     </span>
     <span class='ocr_line' id='line_1_12' title="bbox 317 1645 1405 1734; baseline 0.001 -25"><span class='ocrx_word' id='word_1_85' title='bbox 317 1667 396 1731; x_wconf 89' lang='lat' dir='ltr'><strong>quae</strong></span> <span class='ocrx_word' id='word_1_86' title='bbox 412 1663 486 1710; x_wconf 88' lang='lat' dir='ltr'><strong>uota</strong></span> <span class='ocrx_word' id='word_1_87' title='bbox 503 1651 694 1734; x_wconf 73' lang='lat' dir='ltr'><strong>insigniaque</strong></span> <span class='ocrx_word' id='word_1_88' title='bbox 711 1650 798 1721; x_wconf 90' lang='lat' dir='ltr'><strong>sunt,</strong></span> <span class='ocrx_word' id='word_1_89' title='bbox 831 1649 935 1712; x_wconf 82' lang='lat' dir='ltr'><strong>neseio</strong></span> <span class='ocrx_word' id='word_1_90' title='bbox 951 1671 989 1711; x_wconf 90' lang='lat' dir='ltr'><strong>au</strong></span> <span class='ocrx_word' id='word_1_91' title='bbox 1013 1649 1168 1711; x_wconf 86' lang='lat' dir='ltr'><strong>scribendi</strong></span> <span class='ocrx_word' id='word_1_92' title='bbox 1189 1652 1349 1720; x_wconf 80' lang='lat' dir='ltr'><strong>celeritate,</strong></span> <span class='ocrx_word' id='word_1_93' title='bbox 1404 1645 1405 1654; x_wconf 16' lang='grc' dir='ltr'><strong>ἶ</strong></span> 
     </span>
     <span class='ocr_line' id='line_1_13' title="bbox 317 1751 1349 1834; baseline 0.002 -22"><span class='ocrx_word' id='word_1_94' title='bbox 317 1771 357 1812; x_wconf 87' lang='lat' dir='ltr'><strong>an</strong></span> <span class='ocrx_word' id='word_1_95' title='bbox 380 1751 530 1812; x_wconf 85' lang='lat' dir='ltr'><strong>industria</strong></span> <span class='ocrx_word' id='word_1_96' title='bbox 552 1754 658 1834; x_wconf 85' lang='lat' dir='ltr'><strong>potins</strong></span> <span class='ocrx_word' id='word_1_97' title='bbox 679 1753 743 1812; x_wconf 87' lang='lat' dir='ltr'><strong>live</strong></span> <span class='ocrx_word' id='word_1_98' title='bbox 766 1751 929 1814; x_wconf 85' lang='lat' dir='ltr'><strong>brevitatis</strong></span> <span class='ocrx_word' id='word_1_99' title='bbox 950 1753 1050 1814; x_wconf 84' lang='lat' dir='ltr'><strong>llrrdio</strong></span> <span class='ocrx_word' id='word_1_100' title='bbox 1075 1753 1158 1812; x_wconf 87' lang='lat' dir='ltr'><strong>Mela</strong></span> <span class='ocrx_word' id='word_1_101' title='bbox 1181 1755 1349 1834; x_wconf 84' lang='lat' dir='ltr'><strong>praeteriit.</strong></span> 
     </span>
     <span class='ocr_line' id='line_1_14' title="bbox 318 1853 1350 1934; baseline 0.002 -22"><span class='ocrx_word' id='word_1_102' title='bbox 318 1871 505 1915; x_wconf 76' lang='lat' dir='ltr'><strong>vuurunvs.</strong></span> <span class='ocrx_word' id='word_1_103' title='bbox 567 1856 617 1916; x_wconf 86' lang='grc' dir='ltr'><strong>Διι</strong></span> <span class='ocrx_word' id='word_1_104' title='bbox 637 1855 767 1916; x_wconf 86' lang='lat' dir='ltr'><strong>eaedem</strong></span> <span class='ocrx_word' id='word_1_105' title='bbox 788 1855 846 1914; x_wconf 86' lang='lat' dir='ltr'><strong>lrnt</strong></span> <span class='ocrx_word' id='word_1_106' title='bbox 867 1855 925 1914; x_wconf 86' lang='lat' dir='ltr'><strong>alia</strong></span> <span class='ocrx_word' id='word_1_107' title='bbox 951 1853 994 1915; x_wconf 82' lang='lat' dir='ltr'><strong>eli</strong></span> <span class='ocrx_word' id='word_1_108' title='bbox 1013 1853 1170 1934; x_wconf 85' lang='lat' dir='ltr'><strong>quaestio,</strong></span> <span class='ocrx_word' id='word_1_109' title='bbox 1207 1853 1264 1916; x_wconf 88' lang='lat' dir='ltr'><strong>suo</strong></span> <span class='ocrx_word' id='word_1_110' title='bbox 1286 1857 1350 1914; x_wconf 85' lang='lat' dir='ltr'><strong>loco</strong></span> 
     </span>
     <span class='ocr_line' id='line_1_15' title="bbox 317 1955 1351 2038; baseline 0 -22"><span class='ocrx_word' id='word_1_111' title='bbox 317 1955 517 2016; x_wconf 85' lang='lat' dir='ltr'><strong>excutienda.</strong></span> <span class='ocrx_word' id='word_1_112' title='bbox 560 1957 598 2015; x_wconf 92' lang='lat' dir='ltr'><strong>In</strong></span> <span class='ocrx_word' id='word_1_113' title='bbox 621 1955 692 2038; x_wconf 74' lang='lat' dir='ltr'><strong>ipsis</strong></span> <span class='ocrx_word' id='word_1_114' title='bbox 716 1963 821 2017; x_wconf 86' lang='lat' dir='ltr'><strong>tame&#39;n</strong></span> <span class='ocrx_word' id='word_1_115' title='bbox 846 1955 950 2016; x_wconf 88' lang='lat' dir='ltr'><strong>Melae</strong></span> <span class='ocrx_word' id='word_1_116' title='bbox 972 1955 1077 2016; x_wconf 86' lang='lat' dir='ltr'><strong>verbis</strong></span> <span class='ocrx_word' id='word_1_117' title='bbox 1098 1956 1186 2016; x_wconf 86' lang='lat' dir='ltr'><strong>illam</strong></span> <span class='ocrx_word' id='word_1_118' title='bbox 1209 1957 1351 2016; x_wconf 87' lang='lat' dir='ltr'><strong>mutatio·</strong></span> 
     </span>
     <span class='ocr_line' id='line_1_16' title="bbox 317 2055 1352 2141; baseline -0.001 -25"><span class='ocrx_word' id='word_1_119' title='bbox 317 2073 392 2118; x_wconf 82' lang='lat' dir='ltr'><strong>nem</strong></span> <span class='ocrx_word' id='word_1_120' title='bbox 409 2055 482 2114; x_wconf 91' lang='lat' dir='ltr'><strong>libri</strong></span> <span class='ocrx_word' id='word_1_121' title='bbox 498 2055 632 2118; x_wconf 87' lang='lat' dir='ltr'><strong>minime</strong></span> <span class='ocrx_word' id='word_1_122' title='bbox 647 2057 832 2120; x_wconf 86' lang='lat' dir='ltr'><strong>admittunt.</strong></span> <span class='ocrx_word' id='word_1_123' title='bbox 884 2057 1018 2118; x_wconf 76' lang='lat' dir='ltr'><strong>Retinui</strong></span> <span class='ocrx_word' id='word_1_124' title='bbox 1038 2059 1145 2141; x_wconf 84' lang='lat' dir='ltr'><strong>igitur,</strong></span> <span class='ocrx_word' id='word_1_125' title='bbox 1165 2057 1257 2138; x_wconf 85' lang='lat' dir='ltr'><strong>quod</strong></span> <span class='ocrx_word' id='word_1_126' title='bbox 1275 2057 1352 2120; x_wconf 86' lang='lat' dir='ltr'><strong>codi-</strong></span> 
     </span>
     <span class='ocr_line' id='line_1_17' title="bbox 317 2156 1351 2240; baseline 0.004 -24"><span class='ocrx_word' id='word_1_127' title='bbox 317 2175 368 2216; x_wconf 87' lang='lat' dir='ltr'><strong>ces</strong></span> <span class='ocrx_word' id='word_1_128' title='bbox 384 2156 546 2236; x_wconf 81' lang='lat' dir='ltr'><strong>praebent,</strong></span> <span class='ocrx_word' id='word_1_129' title='bbox 571 2157 731 2238; x_wconf 85' lang='lat' dir='ltr'><strong>praemissa</strong></span> <span class='ocrx_word' id='word_1_130' title='bbox 751 2157 969 2240; x_wconf 85' lang='lat' dir='ltr'><strong>adspiratione,</strong></span> <span class='ocrx_word' id='word_1_131' title='bbox 997 2179 1091 2240; x_wconf 83' lang='lat' dir='ltr'><strong>quarn</strong></span> <span class='ocrx_word' id='word_1_132' title='bbox 1107 2161 1206 2220; x_wconf 88' lang='lat' dir='ltr'><strong>etiarn</strong></span> <span class='ocrx_word' id='word_1_133' title='bbox 1226 2173 1351 2221; x_wconf 86' lang='lat' dir='ltr'><strong>notante</strong></span> 
     </span>
     <span class='ocr_line' id='line_1_18' title="bbox 316 2255 1351 2342; baseline 0.002 -24"><span class='ocrx_word' id='word_1_134' title='bbox 316 2255 485 2318; x_wconf 79' lang='lat' dir='ltr'><strong>Harduino</strong></span> <span class='ocrx_word' id='word_1_135' title='bbox 510 2259 632 2318; x_wconf 85' lang='lat' dir='ltr'><strong>addunt</strong></span> <span class='ocrx_word' id='word_1_136' title='bbox 656 2258 748 2321; x_wconf 86' lang='lat' dir='ltr'><strong>MSS.</strong></span> <span class='ocrx_word' id='word_1_137' title='bbox 773 2261 808 2320; x_wconf 86' lang='lat' dir='ltr'><strong>in</strong></span> <span class='ocrx_word' id='word_1_138' title='bbox 830 2261 883 2321; x_wconf 86' lang='lat' dir='ltr'><strong>illa</strong></span> <span class='ocrx_word' id='word_1_139' title='bbox 906 2261 1004 2321; x_wconf 85' lang='lat' dir='ltr'><strong>Plinii</strong></span> <span class='ocrx_word' id='word_1_140' title='bbox 1032 2261 1260 2342; x_wconf 84' lang='lat' dir='ltr'><strong>adpellatione.</strong></span> <span class='ocrx_word' id='word_1_141' title='bbox 1311 2263 1351 2321; x_wconf 84' lang='lat' dir='ltr'><strong>lu</strong></span> 
     </span>
     <span class='ocr_line' id='line_1_19' title="bbox 316 2357 1350 2430; baseline 0.002 -10"><span class='ocrx_word' id='word_1_142' title='bbox 316 2377 395 2420; x_wconf 82' lang='lat' dir='ltr'><strong>vero</strong></span> <span class='ocrx_word' id='word_1_143' title='bbox 418 2357 552 2419; x_wconf 83' lang='lat' dir='ltr'><strong>Hedurrs</strong></span> <span class='ocrx_word' id='word_1_144' title='bbox 575 2373 607 2420; x_wconf 90' lang='lat' dir='ltr'><strong>et</strong></span> <span class='ocrx_word' id='word_1_145' title='bbox 629 2358 770 2430; x_wconf 81' lang='lat' dir='ltr'><strong>Aeduus,</strong></span> <span class='ocrx_word' id='word_1_146' title='bbox 800 2361 944 2423; x_wconf 83' lang='lat' dir='ltr'><strong>Haemus</strong></span> <span class='ocrx_word' id='word_1_147' title='bbox 961 2375 993 2422; x_wconf 87' lang='lat' dir='ltr'><strong>et</strong></span> <span class='ocrx_word' id='word_1_148' title='bbox 1013 2369 1137 2424; x_wconf 86' lang='lat' dir='ltr'><strong>Aemus.</strong></span> <span class='ocrx_word' id='word_1_149' title='bbox 1190 2359 1244 2423; x_wconf 91' lang='lat' dir='ltr'><strong>Cs.</strong></span> <span class='ocrx_word' id='word_1_150' title='bbox 1265 2365 1302 2424; x_wconf 87' lang='lat' dir='ltr'><strong>ad</strong></span> <span class='ocrx_word' id='word_1_151' title='bbox 1322 2377 1350 2430; x_wconf 81' lang='lat'><strong>2,</strong></span> 
     </span>
     <span class='ocr_line' id='line_1_20' title="bbox 320 2459 1350 2547; baseline 0.002 -23"><span class='ocrx_word' id='word_1_152' title='bbox 320 2475 352 2530; x_wconf 82' lang='lat'><strong>2,</strong></span> <span class='ocrx_word' id='word_1_153' title='bbox 370 2475 401 2524; x_wconf 83' lang='lat'><strong>2.</strong></span> <span class='ocrx_word' id='word_1_154' title='bbox 427 2461 466 2522; x_wconf 87' lang='lat' dir='ltr'><strong>de</strong></span> <span class='ocrx_word' id='word_1_155' title='bbox 484 2461 593 2522; x_wconf 89' lang='lat' dir='ltr'><strong>harum</strong></span> <span class='ocrx_word' id='word_1_156' title='bbox 610 2459 782 2524; x_wconf 86' lang='lat' dir='ltr'><strong>insularum</strong></span> <span class='ocrx_word' id='word_1_157' title='bbox 797 2461 945 2547; x_wconf 86' lang='lat' dir='ltr'><strong>scriptura</strong></span> <span class='ocrx_word' id='word_1_158' title='bbox 962 2463 1090 2528; x_wconf 88' lang='lat' dir='ltr'><strong>Cluver.</strong></span> <span class='ocrx_word' id='word_1_159' title='bbox 1108 2465 1143 2524; x_wconf 92' lang='lat' dir='ltr'><strong>in</strong></span> <span class='ocrx_word' id='word_1_160' title='bbox 1163 2463 1276 2528; x_wconf 85' lang='lat' dir='ltr'><strong>Germ.</strong></span> <span class='ocrx_word' id='word_1_161' title='bbox 1294 2477 1350 2526; x_wconf 87' lang='lat' dir='ltr'><strong>ant.</strong></span> 
     </span>
    </p>
   </div>
   <div class='ocr_carea' id='block_1_3' title="bbox 319 2565 601 2646">
    <p class='ocr_par' dir='ltr' id='par_1_3' title="bbox 319 2565 601 2646">
     <span class='ocr_line' id='line_1_21' title="bbox 319 2565 601 2646; baseline 0.007 -4"><span class='ocrx_word' id='word_1_162' title='bbox 319 2573 352 2642; x_wconf 70' lang='lat'><strong>32</strong></span> <span class='ocrx_word' id='word_1_163' title='bbox 373 2573 433 2642; x_wconf 79' lang='lat'><strong>4⁰·</strong></span> <span class='ocrx_word' id='word_1_164' title='bbox 462 2583 494 2646; x_wconf 78' lang='lat' dir='ltr'><strong>a·</strong></span> <span class='ocrx_word' id='word_1_165' title='bbox 517 2565 601 2644; x_wconf 75' lang='lat'><strong>⁶65·</strong></span> 
     </span>
    </p>
   </div>
   <div class='ocr_carea' id='block_1_4' title="bbox 314 2765 1406 4278">
    <p class='ocr_par' dir='ltr' id='par_1_4' title="bbox 314 2765 1406 4278">
     <span class='ocr_line' id='line_1_22' title="bbox 392 2765 1406 2851; baseline 0.006 -26"><span class='ocrx_word' id='word_1_166' title='bbox 392 2765 563 2848; x_wconf 83' lang='lat' dir='ltr'><strong>uectae)</strong></span> <span class='ocrx_word' id='word_1_167' title='bbox 614 2766 731 2851; x_wconf 83' lang='lat' dir='ltr'><strong>Magna</strong></span> <span class='ocrx_word' id='word_1_168' title='bbox 759 2769 812 2828; x_wconf 91' lang='lat' dir='ltr'><strong>hic</strong></span> <span class='ocrx_word' id='word_1_169' title='bbox 838 2767 988 2830; x_wconf 88' lang='lat' dir='ltr'><strong>obiicitur</strong></span> <span class='ocrx_word' id='word_1_170' title='bbox 1013 2768 1156 2830; x_wconf 85' lang='lat' dir='ltr'><strong>varietas.</strong></span> <span class='ocrx_word' id='word_1_171' title='bbox 1204 2768 1350 2832; x_wconf 83' lang='lat' dir='ltr'><strong>Ciaccon.</strong></span> <span class='ocrx_word' id='word_1_172' title='bbox 1405 2775 1406 2820; x_wconf 61' lang='grc' dir='ltr'>ἲ</span> 
     </span>
     <span class='ocr_line' id='line_1_23' title="bbox 317 2853 1406 2956; baseline 0.003 -30"><span class='ocrx_word' id='word_1_173' title='bbox 317 2856 435 2956; x_wconf 84' lang='lat' dir='ltr'><strong>versae.</strong></span> <span class='ocrx_word' id='word_1_174' title='bbox 475 2869 511 2930; x_wconf 79' lang='lat' dir='ltr'><strong>A.</strong></span> <span class='ocrx_word' id='word_1_175' title='bbox 531 2869 714 2930; x_wconf 85' lang='lat' dir='ltr'><strong>Gronovius</strong></span> <span class='ocrx_word' id='word_1_176' title='bbox 735 2889 774 2930; x_wconf 82' lang='lat' dir='ltr'><strong>ex</strong></span> <span class='ocrx_word' id='word_1_177' title='bbox 795 2871 953 2950; x_wconf 83' lang='lat' dir='ltr'><strong>plerisque</strong></span> <span class='ocrx_word' id='word_1_178' title='bbox 976 2872 1102 2930; x_wconf 87' lang='lat' dir='ltr'><strong>notavit</strong></span> <span class='ocrx_word' id='word_1_179' title='bbox 1124 2882 1229 2942; x_wconf 82' lang='lat' dir='ltr'><strong>vecte,</strong></span> <span class='ocrx_word' id='word_1_180' title='bbox 1257 2885 1297 2930; x_wconf 90' lang='lat' dir='ltr'><strong>ut</strong></span> <span class='ocrx_word' id='word_1_181' title='bbox 1319 2891 1353 2932; x_wconf 87' lang='lat' dir='ltr'><strong>ex</strong></span> <span class='ocrx_word' id='word_1_182' title='bbox 1405 2853 1406 2862; x_wconf 9' lang='grc' dir='ltr'>ἵ</span> 
     </span>
     <span class='ocr_line' id='line_1_24' title="bbox 318 2965 1353 3055; baseline 0.005 -28"><span class='ocrx_word' id='word_1_183' title='bbox 318 2965 374 3027; x_wconf 88' lang='lat' dir='ltr'><strong>suo</strong></span> <span class='ocrx_word' id='word_1_184' title='bbox 397 2971 419 3030; x_wconf 92' lang='lat' dir='ltr'><strong>l.</strong></span> <span class='ocrx_word' id='word_1_185' title='bbox 436 2969 629 3031; x_wconf 88' lang='lat' dir='ltr'><strong>Gronovius.</strong></span> <span class='ocrx_word' id='word_1_186' title='bbox 682 2971 856 3034; x_wconf 85' lang='lat' dir='ltr'><strong>Mediolau.</strong></span> <span class='ocrx_word' id='word_1_187' title='bbox 876 2969 964 3034; x_wconf 88' lang='lat' dir='ltr'><strong>Chis.</strong></span> <span class='ocrx_word' id='word_1_188' title='bbox 988 2971 1071 3032; x_wconf 87' lang='lat' dir='ltr'><strong>(iud.</strong></span> <span class='ocrx_word' id='word_1_189' title='bbox 1091 2971 1257 3055; x_wconf 82' lang='lat' dir='ltr'><strong>Augustin.</strong></span> <span class='ocrx_word' id='word_1_190' title='bbox 1284 2975 1353 3032; x_wconf 92' lang='lat' dir='ltr'><strong>Vin·</strong></span> 
     </span>
     <span class='ocr_line' id='line_1_25' title="bbox 317 3067 1406 3154; baseline 0.007 -27"><span class='ocrx_word' id='word_1_191' title='bbox 317 3067 437 3128; x_wconf 73' lang='lat' dir='ltr'><strong>«lobon.</strong></span> <span class='ocrx_word' id='word_1_192' title='bbox 464 3071 601 3154; x_wconf 83' lang='lat' dir='ltr'><strong>liehdig.</strong></span> <span class='ocrx_word' id='word_1_193' title='bbox 622 3073 720 3132; x_wconf 87' lang='lat' dir='ltr'><strong>Vatic.</strong></span> <span class='ocrx_word' id='word_1_194' title='bbox 742 3091 772 3135; x_wconf 88' lang='lat'><strong>1.</strong></span> <span class='ocrx_word' id='word_1_195' title='bbox 790 3087 917 3145; x_wconf 83' lang='lat' dir='ltr'><strong>vectae;</strong></span> <span class='ocrx_word' id='word_1_196' title='bbox 944 3071 1036 3134; x_wconf 89' lang='lat' dir='ltr'><strong>Paris.</strong></span> <span class='ocrx_word' id='word_1_197' title='bbox 1054 3095 1080 3134; x_wconf 92' lang='grc' dir='ltr'><strong>ι.</strong></span> <span class='ocrx_word' id='word_1_198' title='bbox 1097 3085 1195 3144; x_wconf 82' lang='lat' dir='ltr'><strong>recte,·</strong></span> <span class='ocrx_word' id='word_1_199' title='bbox 1222 3073 1306 3134; x_wconf 85' lang='lat' dir='ltr'><strong>Vols.</strong></span> <span class='ocrx_word' id='word_1_200' title='bbox 1325 3091 1353 3136; x_wconf 80' lang='lat' dir='ltr'><strong>a.</strong></span> <span class='ocrx_word' id='word_1_201' title='bbox 1405 3069 1406 3100; x_wconf 68' lang='lat' dir='ltr'><strong>r</strong></span> 
     </span>
     <span class='ocr_line' id='line_1_26' title="bbox 316 3169 1354 3258; baseline 0.006 -29"><span class='ocrx_word' id='word_1_202' title='bbox 316 3169 355 3229; x_wconf 81' lang='lat' dir='ltr'><strong>A.</strong></span> <span class='ocrx_word' id='word_1_203' title='bbox 374 3169 518 3231; x_wconf 89' lang='lat' dir='ltr'><strong>Gronov.</strong></span> <span class='ocrx_word' id='word_1_204' title='bbox 538 3173 620 3254; x_wconf 83' lang='lat' dir='ltr'><strong>Lips.</strong></span> <span class='ocrx_word' id='word_1_205' title='bbox 643 3175 739 3234; x_wconf 79' lang='lat' dir='ltr'><strong>Vatis.</strong></span> <span class='ocrx_word' id='word_1_206' title='bbox 759 3187 790 3252; x_wconf 83' lang='lat'><strong>5.</strong></span> <span class='ocrx_word' id='word_1_207' title='bbox 814 3174 906 3258; x_wconf 82' lang='lat' dir='ltr'><strong>Prag.</strong></span> <span class='ocrx_word' id='word_1_208' title='bbox 930 3171 1024 3234; x_wconf 88' lang='lat' dir='ltr'><strong>Paris.</strong></span> <span class='ocrx_word' id='word_1_209' title='bbox 1045 3193 1074 3236; x_wconf 75' lang='lat' dir='ltr'><strong>a.</strong></span> <span class='ocrx_word' id='word_1_210' title='bbox 1094 3187 1126 3251; x_wconf 81' lang='lat'><strong>5.</strong></span> <span class='ocrx_word' id='word_1_211' title='bbox 1148 3175 1255 3236; x_wconf 85' lang='lat' dir='ltr'><strong>Havn.</strong></span> <span class='ocrx_word' id='word_1_212' title='bbox 1276 3176 1354 3236; x_wconf 90' lang='lat' dir='ltr'><strong>Ven.</strong></span> 
     </span>
     <span class='ocr_line' id='line_1_27' title="bbox 315 3259 1354 3359; baseline 0.007 -29"><span class='ocrx_word' id='word_1_213' title='bbox 315 3259 433 3358; x_wconf 84' lang='lat' dir='ltr'><strong>versae.</strong></span> <span class='ocrx_word' id='word_1_214' title='bbox 484 3273 651 3334; x_wconf 79' lang='lat' dir='ltr'><strong>Editiones</strong></span> <span class='ocrx_word' id='word_1_215' title='bbox 682 3287 805 3336; x_wconf 85' lang='lat' dir='ltr'><strong>veteres</strong></span> <span class='ocrx_word' id='word_1_216' title='bbox 835 3289 867 3336; x_wconf 85' lang='lat' dir='ltr'><strong>et</strong></span> <span class='ocrx_word' id='word_1_217' title='bbox 897 3296 977 3356; x_wconf 89' lang='lat' dir='ltr'><strong>quae</strong></span> <span class='ocrx_word' id='word_1_218' title='bbox 1004 3277 1181 3336; x_wconf 87' lang='lat' dir='ltr'><strong>Vadianurn</strong></span> <span class='ocrx_word' id='word_1_219' title='bbox 1205 3277 1354 3359; x_wconf 84' lang='lat' dir='ltr'><strong>ignorant</strong></span> 
     </span>
     <span class='ocr_line' id='line_1_28' title="bbox 316 3371 1350 3458; baseline 0.007 -26"><span class='ocrx_word' id='word_1_220' title='bbox 316 3381 443 3442; x_wconf 61' lang='lat' dir='ltr'><strong>sectatu</strong></span> <span class='ocrx_word' id='word_1_221' title='bbox 479 3371 531 3432; x_wconf 89' lang='lat' dir='ltr'><strong>hic</strong></span> <span class='ocrx_word' id='word_1_222' title='bbox 552 3373 657 3455; x_wconf 88' lang='lat' dir='ltr'><strong>posuit</strong></span> <span class='ocrx_word' id='word_1_223' title='bbox 677 3379 855 3456; x_wconf 80' lang='lat' dir='ltr'><strong>proiectae,</strong></span> <span class='ocrx_word' id='word_1_224' title='bbox 890 3391 922 3438; x_wconf 90' lang='lat' dir='ltr'><strong>et</strong></span> <span class='ocrx_word' id='word_1_225' title='bbox 943 3377 1017 3438; x_wconf 88' lang='lat' dir='ltr'><strong>hinc</strong></span> <span class='ocrx_word' id='word_1_226' title='bbox 1043 3395 1098 3439; x_wconf 79' lang='lat' dir='ltr'><strong>at.</strong></span> <span class='ocrx_word' id='word_1_227' title='bbox 1125 3391 1183 3440; x_wconf 76' lang='lat'><strong>22.</strong></span> <span class='ocrx_word' id='word_1_228' title='bbox 1210 3385 1267 3458; x_wconf 73' lang='lat'><strong>24.</strong></span> <span class='ocrx_word' id='word_1_229' title='bbox 1295 3391 1350 3454; x_wconf 83' lang='lat'><strong>25.</strong></span> 
     </span>
     <span class='ocr_line' id='line_1_29' title="bbox 317 3473 1354 3548; baseline 0.008 -18"><span class='ocrx_word' id='word_1_230' title='bbox 317 3473 483 3542; x_wconf 82' lang='lat' dir='ltr'><strong>Vedianae,</strong></span> <span class='ocrx_word' id='word_1_231' title='bbox 516 3474 723 3547; x_wconf 82' lang='lat' dir='ltr'><strong>Olivarianae,</strong></span> <span class='ocrx_word' id='word_1_232' title='bbox 750 3479 892 3546; x_wconf 87' lang='lat' dir='ltr'><strong>Viuetus,</strong></span> <span class='ocrx_word' id='word_1_233' title='bbox 920 3479 1085 3547; x_wconf 88' lang='lat' dir='ltr'><strong>Schottus,</strong></span> <span class='ocrx_word' id='word_1_234' title='bbox 1114 3477 1168 3548; x_wconf 85' lang='lat' dir='ltr'><strong>fic,</strong></span> <span class='ocrx_word' id='word_1_235' title='bbox 1200 3491 1238 3538; x_wconf 84' lang='lat' dir='ltr'><strong>ut</strong></span> <span class='ocrx_word' id='word_1_236' title='bbox 1260 3480 1354 3538; x_wconf 86' lang='lat' dir='ltr'><strong>adne-</strong></span> 
     </span>
     <span class='ocr_line' id='line_1_30' title="bbox 318 3577 1352 3660; baseline 0.005 -26"><span class='ocrx_word' id='word_1_237' title='bbox 318 3587 404 3634; x_wconf 87' lang='lat' dir='ltr'><strong>ctant</strong></span> <span class='ocrx_word' id='word_1_238' title='bbox 422 3577 571 3658; x_wconf 73' lang='lat' dir='ltr'><strong>deinceps</strong></span> <span class='ocrx_word' id='word_1_239' title='bbox 588 3579 692 3640; x_wconf 85' lang='lat' dir='ltr'><strong>verbis</strong></span> <span class='ocrx_word' id='word_1_240' title='bbox 709 3581 882 3660; x_wconf 85' lang='lat' dir='ltr'><strong>proximis;</strong></span> <span class='ocrx_word' id='word_1_241' title='bbox 905 3577 1027 3641; x_wconf 86' lang='lat' dir='ltr'><strong>Volsrua</strong></span> <span class='ocrx_word' id='word_1_242' title='bbox 1047 3578 1081 3640; x_wconf 88' lang='lat' dir='ltr'><em>V</em></span> <span class='ocrx_word' id='word_1_243' title='bbox 1080 3591 1169 3652; x_wconf 60' lang='lat' dir='ltr'><strong>ecem·</strong></span> <span class='ocrx_word' id='word_1_244' title='bbox 1194 3579 1352 3640; x_wconf 82' lang='lat' dir='ltr'><strong>Gronurii</strong></span> 
     </span>
     <span class='ocr_line' id='line_1_31' title="bbox 316 3675 1351 3762; baseline 0.007 -28"><span class='ocrx_word' id='word_1_245' title='bbox 316 3675 509 3738; x_wconf 87' lang='lat' dir='ltr'><strong>reduxeruut</strong></span> <span class='ocrx_word' id='word_1_246' title='bbox 536 3691 675 3750; x_wconf 70' lang='lat' dir='ltr'><strong>vectae,</strong></span> <span class='ocrx_word' id='word_1_247' title='bbox 701 3681 785 3760; x_wconf 88' lang='lat' dir='ltr'><strong>quod</strong></span> <span class='ocrx_word' id='word_1_248' title='bbox 821 3695 854 3740; x_wconf 88' lang='lat' dir='ltr'><strong>et</strong></span> <span class='ocrx_word' id='word_1_249' title='bbox 883 3682 997 3761; x_wconf 88' lang='lat' dir='ltr'><strong>reliqui</strong></span> <span class='ocrx_word' id='word_1_250' title='bbox 1027 3695 1231 3762; x_wconf 82' lang='lat' dir='ltr'><strong>exceperunt.</strong></span> <span class='ocrx_word' id='word_1_251' title='bbox 1278 3679 1351 3743; x_wconf 77' lang='lat' dir='ltr'><strong>Poll</strong></span> 
     </span>
     <span class='ocr_line' id='line_1_32' title="bbox 316 3776 1348 3864; baseline 0.006 -28"><span class='ocrx_word' id='word_1_252' title='bbox 316 3776 424 3840; x_wconf 85' lang='lat' dir='ltr'><strong>Havn.</strong></span> <span class='ocrx_word' id='word_1_253' title='bbox 445 3779 652 3854; x_wconf 68' lang='lat' dir='ltr'><strong>Condalium,⁸</strong></span> <span class='ocrx_word' id='word_1_254' title='bbox 678 3781 767 3864; x_wconf 88' lang='lat' dir='ltr'><strong>Prag.</strong></span> <span class='ocrx_word' id='word_1_255' title='bbox 786 3781 1006 3842; x_wconf 78' lang='lat' dir='ltr'><strong>Ecosrdnuum.</strong></span> <span class='ocrx_word' id='word_1_256' title='bbox 1035 3799 1241 3843; x_wconf 66' lang='lat' dir='ltr'><strong>&#39;rzscnvcnn</strong></span> <span class='ocrx_word' id='word_1_257' title='bbox 1273 3783 1348 3842; x_wconf 87' lang='lat' dir='ltr'><strong>Pro-</strong></span> 
     </span>
     <span class='ocr_line' id='line_1_33' title="bbox 317 3875 1348 3968; baseline 0.011 -32"><span class='ocrx_word' id='word_1_258' title='bbox 317 3875 437 3960; x_wconf 85' lang='lat' dir='ltr'><strong>iectae)</strong></span> <span class='ocrx_word' id='word_1_259' title='bbox 491 3881 589 3942; x_wconf 81' lang='lat' dir='ltr'><strong>Aldus</strong></span> <span class='ocrx_word' id='word_1_260' title='bbox 615 3893 722 3943; x_wconf 82' lang='lat' dir='ltr'><strong>uectae</strong></span> <span class='ocrx_word' id='word_1_261' title='bbox 749 3885 876 3944; x_wconf 85' lang='lat' dir='ltr'><strong>rectius.</strong></span> <span class='ocrx_word' id='word_1_262' title='bbox 914 3885 1041 3944; x_wconf 80' lang='lat' dir='ltr'><strong>Plinius</strong></span> <span class='ocrx_word' id='word_1_263' title='bbox 1070 3877 1125 3968; x_wconf 76' lang='grc'><strong>[4,</strong></span> <span class='ocrx_word' id='word_1_264' title='bbox 1146 3875 1348 3968; x_wconf 84' lang='lat' dir='ltr'><strong>3o.s.16.]</strong></span> 
     </span>
     <span class='ocr_line' id='line_1_34' title="bbox 317 3979 1345 4067; baseline 0.007 -31"><span class='ocrx_word' id='word_1_265' title='bbox 317 3979 448 4040; x_wconf 73' lang='lat' dir='ltr'><strong>imitatis</strong></span> <span class='ocrx_word' id='word_1_266' title='bbox 475 4001 608 4043; x_wconf 87' lang='lat' dir='ltr'><strong>numero</strong></span> <span class='ocrx_word' id='word_1_267' title='bbox 637 3983 758 4045; x_wconf 85' lang='lat' dir='ltr'><strong>Vectis.</strong></span> <span class='ocrx_word' id='word_1_268' title='bbox 797 4003 996 4045; x_wconf 74' lang='lat' dir='ltr'><strong>ernsruuvs.</strong></span> <span class='ocrx_word' id='word_1_269' title='bbox 1049 3985 1133 4067; x_wconf 83' lang='lat' dir='ltr'><strong>Lege</strong></span> <span class='ocrx_word' id='word_1_270' title='bbox 1167 3983 1285 4058; x_wconf 81' lang='lat' dir='ltr'><strong>Vecta,</strong></span> <span class='ocrx_word' id='word_1_271' title='bbox 1313 3985 1345 4043; x_wconf 85' lang='lat' dir='ltr'><strong>iu</strong></span> 
     </span>
     <span class='ocr_line' id='line_1_35' title="bbox 316 4077 1344 4169; baseline 0.004 -31"><span class='ocrx_word' id='word_1_272' title='bbox 316 4079 369 4138; x_wconf 82' lang='lat' dir='ltr'><strong>sisu</strong></span> <span class='ocrx_word' id='word_1_273' title='bbox 381 4077 476 4168; x_wconf 73' lang='lat' dir='ltr'><strong>strue,</strong></span> <span class='ocrx_word' id='word_1_274' title='bbox 503 4105 590 4164; x_wconf 76' lang='lat' dir='ltr'><strong>queue</strong></span> <span class='ocrx_word' id='word_1_275' title='bbox 609 4084 774 4145; x_wconf 85' lang='lat' dir='ltr'><strong>Codanum</strong></span> <span class='ocrx_word' id='word_1_276' title='bbox 793 4085 944 4147; x_wconf 83' lang='lat' dir='ltr'><strong>diximus.</strong></span> <span class='ocrx_word' id='word_1_277' title='bbox 993 4087 1045 4148; x_wconf 86' lang='lat' dir='ltr'><strong>sic</strong></span> <span class='ocrx_word' id='word_1_278' title='bbox 1064 4085 1273 4169; x_wconf 83' lang='lat' dir='ltr'><strong>castigandum</strong></span> <span class='ocrx_word' id='word_1_279' title='bbox 1289 4083 1344 4146; x_wconf 88' lang='lat' dir='ltr'><strong>else</strong></span> 
     </span>
     <span class='ocr_line' id='line_1_36' title="bbox 314 4177 1344 4278; baseline 0.004 -38"><span class='ocrx_word' id='word_1_280' title='bbox 314 4177 402 4244; x_wconf 87' lang='lat' dir='ltr'><strong>hunc</strong></span> <span class='ocrx_word' id='word_1_281' title='bbox 421 4183 543 4255; x_wconf 70' lang='lat' dir='ltr'><strong>lucrum,</strong></span> <span class='ocrx_word' id='word_1_282' title='bbox 571 4185 653 4278; x_wconf 80' lang='lat' dir='ltr'><strong>vidit</strong></span> <span class='ocrx_word' id='word_1_283' title='bbox 673 4188 736 4248; x_wconf 85' lang='lat' dir='ltr'><strong>iam</strong></span> <span class='ocrx_word' id='word_1_284' title='bbox 757 4187 836 4248; x_wconf 87' lang='lat' dir='ltr'><strong>olim</strong></span> <span class='ocrx_word' id='word_1_285' title='bbox 860 4188 1037 4251; x_wconf 83' lang='lat' dir='ltr'><strong>Pintianus.</strong></span> <span class='ocrx_word' id='word_1_286' title='bbox 1090 4189 1241 4250; x_wconf 82' lang='lat' dir='ltr'><strong>Diximus</strong></span> <span class='ocrx_word' id='word_1_287' title='bbox 1259 4187 1344 4249; x_wconf 78' lang='lat' dir='ltr'><strong>dees</strong></span> 
     </span>
    </p>
   </div>
   <div class='ocr_carea' id='block_1_5' title="bbox 0 0 1428 4940">
    <p class='ocr_par' dir='ltr' id='par_1_5' title="bbox 0 0 1428 4940">
     <span class='ocr_line' id='line_1_37' title="bbox 0 0 1428 4940; baseline 0 0"><span class='ocrx_word' id='word_1_288' title='bbox 0 0 1428 4940; x_wconf 95' lang='lat' dir='ltr'><strong> </strong></span> 
     </span>
    </p>
   </div>
  </div>
 </body>
</html>
