<?xml version="1.0" encoding="UTF-8"?>
<!DOCTYPE html PUBLIC "-//W3C//DTD XHTML 1.0 Transitional//EN"
    "http://www.w3.org/TR/xhtml1/DTD/xhtml1-transitional.dtd">
<html xmlns="http://www.w3.org/1999/xhtml" xml:lang="en" lang="en">
 <head>
  <title>
</title>
<meta http-equiv="Content-Type" content="text/html;charset=utf-8" />
  <meta name='ocr-system' content='tesseract 3.04.00' />
  <meta name='ocr-capabilities' content='ocr_page ocr_carea ocr_par ocr_line ocrx_word'/>
</head>
<body>
  <div class='ocr_page' id='page_1' title='image "./pomponiimelaede05melagoog_0735.png"; bbox 0 0 2826 4936; ppageno 0'>
   <div class='ocr_carea' id='block_1_1' title="bbox 338 457 1078 527">
    <p class='ocr_par' dir='ltr' id='par_1_1' title="bbox 338 457 1078 527">
     <span class='ocr_line' id='line_1_1' title="bbox 338 457 1078 527; baseline 0.001 -15"><span class='ocrx_word' id='word_1_1' title='bbox 338 457 427 516; x_wconf 81' lang='lat' dir='ltr'><strong>Lttt.</strong></span> <span class='ocrx_word' id='word_1_2' title='bbox 456 459 507 512; x_wconf 81' lang='lat' dir='ltr'><strong>ut.</strong></span> <span class='ocrx_word' id='word_1_3' title='bbox 552 457 585 514; x_wconf 81' lang='lat' dir='ltr'><strong>C.</strong></span> <span class='ocrx_word' id='word_1_4' title='bbox 610 459 660 514; x_wconf 82' lang='lat' dir='ltr'><strong>iv.</strong></span> <span class='ocrx_word' id='word_1_5' title='bbox 703 459 728 527; x_wconf 66' lang='lat' dir='ltr'><strong>i.</strong></span> <span class='ocrx_word' id='word_1_6' title='bbox 757 477 782 514; x_wconf 89' lang='grc' dir='ltr'><strong>ι.</strong></span> <span class='ocrx_word' id='word_1_7' title='bbox 1021 467 1078 526; x_wconf 71' lang='lat' dir='ltr'><strong>aoy</strong></span> 
     </span>
    </p>
   </div>
   <div class='ocr_carea' id='block_1_2' title="bbox 42 627 1086 2641">
    <p class='ocr_par' dir='ltr' id='par_1_2' title="bbox 42 627 1086 2641">
     <span class='ocr_line' id='line_1_2' title="bbox 43 627 1082 714; baseline 0.006 -26"><span class='ocrx_word' id='word_1_8' title='bbox 43 627 154 690; x_wconf 84' lang='lat' dir='ltr'><strong>fimilia</strong></span> <span class='ocrx_word' id='word_1_9' title='bbox 176 628 271 698; x_wconf 86' lang='lat' dir='ltr'><strong>licet.</strong></span> <span class='ocrx_word' id='word_1_10' title='bbox 303 629 336 690; x_wconf 90' lang='lat' dir='ltr'><strong>iu</strong></span> <span class='ocrx_word' id='word_1_11' title='bbox 350 629 466 712; x_wconf 84' lang='lat' dir='ltr'><strong>quibua</strong></span> <span class='ocrx_word' id='word_1_12' title='bbox 485 627 599 710; x_wconf 77' lang='lat' dir='ltr'>syllaba</span> <span class='ocrx_word' id='word_1_13' title='bbox 620 652 745 696; x_wconf 76' lang='lat' dir='ltr'><strong>aranon</strong></span> <span class='ocrx_word' id='word_1_14' title='bbox 769 629 870 694; x_wconf 75' lang='lat' dir='ltr'><strong>[oium</strong></span> <span class='ocrx_word' id='word_1_15' title='bbox 892 629 981 714; x_wconf 77' lang='lat' dir='ltr'><strong>saepe</strong></span> <span class='ocrx_word' id='word_1_16' title='bbox 995 633 1082 696; x_wconf 84' lang='lat' dir='ltr'><strong>addi·</strong></span> 
     </span>
     <span class='ocr_line' id='line_1_3' title="bbox 43 730 1080 816; baseline 0.008 -24"><span class='ocrx_word' id='word_1_17' title='bbox 43 746 93 792; x_wconf 89' lang='lat' dir='ltr'><strong>tur</strong></span> <span class='ocrx_word' id='word_1_18' title='bbox 108 731 229 802; x_wconf 72' lang='lat' dir='ltr'><strong>verbio,</strong></span> <span class='ocrx_word' id='word_1_19' title='bbox 256 730 305 794; x_wconf 86' lang='lat' dir='ltr'><strong>[ed</strong></span> <span class='ocrx_word' id='word_1_20' title='bbox 323 746 356 794; x_wconf 89' lang='lat' dir='ltr'><strong>et</strong></span> <span class='ocrx_word' id='word_1_21' title='bbox 372 733 522 802; x_wconf 85' lang='lat' dir='ltr'><strong>demitur.</strong></span> <span class='ocrx_word' id='word_1_22' title='bbox 548 733 588 795; x_wconf 85' lang='lat' dir='ltr'><strong>de</strong></span> <span class='ocrx_word' id='word_1_23' title='bbox 610 753 673 816; x_wconf 85' lang='lat' dir='ltr'><strong>quo</strong></span> <span class='ocrx_word' id='word_1_24' title='bbox 690 735 812 796; x_wconf 85' lang='lat' dir='ltr'><strong>dictum</strong></span> <span class='ocrx_word' id='word_1_25' title='bbox 830 733 873 796; x_wconf 76' lang='lat' dir='ltr'><strong>eii</strong></span> <span class='ocrx_word' id='word_1_26' title='bbox 893 735 930 796; x_wconf 88' lang='lat' dir='ltr'><strong>ad</strong></span> <span class='ocrx_word' id='word_1_27' title='bbox 950 753 980 804; x_wconf 84' lang='lat' dir='ltr'><strong>a,</strong></span> <span class='ocrx_word' id='word_1_28' title='bbox 1001 755 1029 805; x_wconf 89' lang='lat' dir='ltr'><strong>t.</strong></span> <span class='ocrx_word' id='word_1_29' title='bbox 1046 749 1080 800; x_wconf 74' lang='grc' dir='ltr'><strong>Ω.</strong></span> 
     </span>
     <span class='ocr_line' id='line_1_4' title="bbox 46 831 1080 920; baseline 0.004 -26"><span class='ocrx_word' id='word_1_30' title='bbox 46 853 77 903; x_wconf 82' lang='lat'><strong>2.</strong></span> <span class='ocrx_word' id='word_1_31' title='bbox 103 847 138 902; x_wconf 73' lang='lat' dir='ltr'><strong>a.</strong></span> <span class='ocrx_word' id='word_1_32' title='bbox 166 853 197 896; x_wconf 89' lang='grc' dir='ltr'><strong>ι.</strong></span> <span class='ocrx_word' id='word_1_33' title='bbox 220 845 254 894; x_wconf 93' lang='lat' dir='ltr'><strong>et</strong></span> <span class='ocrx_word' id='word_1_34' title='bbox 273 831 360 896; x_wconf 90' lang='lat' dir='ltr'><strong>alibi.</strong></span> <span class='ocrx_word' id='word_1_35' title='bbox 411 831 463 898; x_wconf 82' lang='lat' dir='ltr'><strong>Ci.</strong></span> <span class='ocrx_word' id='word_1_36' title='bbox 486 833 696 917; x_wconf 86' lang='lat' dir='ltr'><strong>Oudendorp.</strong></span> <span class='ocrx_word' id='word_1_37' title='bbox 720 835 758 896; x_wconf 82' lang='lat' dir='ltr'><strong>ad</strong></span> <span class='ocrx_word' id='word_1_38' title='bbox 781 836 916 898; x_wconf 80' lang='lat' dir='ltr'><strong>sueton.</strong></span> <span class='ocrx_word' id='word_1_39' title='bbox 939 836 973 898; x_wconf 90' lang='lat' dir='ltr'><strong>in</strong></span> <span class='ocrx_word' id='word_1_40' title='bbox 996 837 1080 920; x_wconf 74' lang='lat' dir='ltr'><strong>Aug.</strong></span> 
     </span>
     <span class='ocr_line' id='line_1_5' title="bbox 43 935 1083 1014; baseline 0.005 -19"><span class='ocrx_word' id='word_1_41' title='bbox 43 955 71 996; x_wconf 86' lang='lat' dir='ltr'><strong>c.</strong></span> <span class='ocrx_word' id='word_1_42' title='bbox 94 945 155 1014; x_wconf 77' lang='lat'><strong>34.</strong></span> <span class='ocrx_word' id='word_1_43' title='bbox 180 947 216 994; x_wconf 86' lang='lat' dir='ltr'><strong>ot</strong></span> <span class='ocrx_word' id='word_1_44' title='bbox 237 935 314 998; x_wconf 87' lang='lat' dir='ltr'><strong>alioe</strong></span> <span class='ocrx_word' id='word_1_45' title='bbox 333 948 465 1000; x_wconf 88' lang='lat' dir='ltr'><strong>taceam.</strong></span> <span class='ocrx_word' id='word_1_46' title='bbox 515 937 563 998; x_wconf 88' lang='lat' dir='ltr'><strong>Ita</strong></span> <span class='ocrx_word' id='word_1_47' title='bbox 585 937 620 998; x_wconf 90' lang='lat' dir='ltr'><strong>in</strong></span> <span class='ocrx_word' id='word_1_48' title='bbox 641 935 766 999; x_wconf 85' lang='lat' dir='ltr'><strong>Graecia</strong></span> <span class='ocrx_word' id='word_1_49' title='bbox 787 936 932 998; x_wconf 89' lang='lat' dir='ltr'><strong>medium</strong></span> <span class='ocrx_word' id='word_1_50' title='bbox 955 951 988 1000; x_wconf 93' lang='lat' dir='ltr'><strong>et</strong></span> <span class='ocrx_word' id='word_1_51' title='bbox 1008 939 1083 1000; x_wconf 83' lang='lat' dir='ltr'><strong>aeti·</strong></span> 
     </span>
     <span class='ocr_line' id='line_1_6' title="bbox 42 1031 1081 1118; baseline 0.006 -22"><span class='ocrx_word' id='word_1_52' title='bbox 42 1056 125 1096; x_wconf 81' lang='lat' dir='ltr'><strong>vum</strong></span> <span class='ocrx_word' id='word_1_53' title='bbox 150 1033 237 1118; x_wconf 80' lang='lat' dir='ltr'>saepe</span> <span class='ocrx_word' id='word_1_54' title='bbox 259 1034 491 1107; x_wconf 78' lang='lat' dir='ltr'><strong>commiscetur.</strong></span> <span class='ocrx_word' id='word_1_55' title='bbox 515 1051 551 1100; x_wconf 91' lang='lat' dir='ltr'><strong>ut</strong></span> <span class='ocrx_word' id='word_1_56' title='bbox 569 1035 681 1118; x_wconf 81' lang='lat' dir='ltr'>syllaba</span> <span class='ocrx_word' id='word_1_57' title='bbox 696 1031 736 1102; x_wconf 76' lang='grc' dir='ltr'><strong>τὸ</strong></span> <span class='ocrx_word' id='word_1_58' title='bbox 758 1040 859 1100; x_wconf 88' lang='lat' dir='ltr'><strong>modo</strong></span> <span class='ocrx_word' id='word_1_59' title='bbox 875 1037 961 1109; x_wconf 81' lang='lat' dir='ltr'><strong>abitt.</strong></span> <span class='ocrx_word' id='word_1_60' title='bbox 982 1039 1081 1102; x_wconf 89' lang='lat' dir='ltr'><strong>modo</strong></span> 
     </span>
     <span class='ocr_line' id='line_1_7' title="bbox 44 1137 1083 1222; baseline 0.006 -26"><span class='ocrx_word' id='word_1_61' title='bbox 44 1137 216 1200; x_wconf 84' lang='lat' dir='ltr'>redundet.</span> <span class='ocrx_word' id='word_1_62' title='bbox 269 1138 342 1200; x_wconf 83' lang='lat' dir='ltr'><strong>Hoc</strong></span> <span class='ocrx_word' id='word_1_63' title='bbox 357 1153 463 1200; x_wconf 88' lang='lat' dir='ltr'><strong>tamen</strong></span> <span class='ocrx_word' id='word_1_64' title='bbox 480 1139 601 1202; x_wconf 83' lang='lat' dir='ltr'><strong>inloto</strong></span> <span class='ocrx_word' id='word_1_65' title='bbox 618 1141 761 1200; x_wconf 85' lang='lat' dir='ltr'><strong>immittit</strong></span> <span class='ocrx_word' id='word_1_66' title='bbox 785 1153 915 1222; x_wconf 85' lang='lat' dir='ltr'><strong>propter</strong></span> <span class='ocrx_word' id='word_1_67' title='bbox 929 1153 993 1202; x_wconf 86' lang='lat' dir='ltr'><strong>tam</strong></span> <span class='ocrx_word' id='word_1_68' title='bbox 1009 1159 1083 1202; x_wconf 85' lang='lat' dir='ltr'><strong>oon·</strong></span> 
     </span>
     <span class='ocr_line' id='line_1_8' title="bbox 44 1238 1082 1321; baseline 0.002 -21"><span class='ocrx_word' id='word_1_69' title='bbox 44 1239 178 1300; x_wconf 87' lang='lat' dir='ltr'><strong>stantem</strong></span> <span class='ocrx_word' id='word_1_70' title='bbox 201 1239 355 1301; x_wconf 90' lang='lat' dir='ltr'><strong>librorum</strong></span> <span class='ocrx_word' id='word_1_71' title='bbox 382 1238 567 1302; x_wconf 77' lang='lat' dir='ltr'><strong>consensum</strong></span> <span class='ocrx_word' id='word_1_72' title='bbox 589 1241 745 1302; x_wconf 84' lang='lat' dir='ltr'><strong>vindicari</strong></span> <span class='ocrx_word' id='word_1_73' title='bbox 769 1239 873 1302; x_wconf 87' lang='lat' dir='ltr'><strong>Melae</strong></span> <span class='ocrx_word' id='word_1_74' title='bbox 894 1241 980 1321; x_wconf 81' lang='lat' dir='ltr'><strong>poffe</strong></span> <span class='ocrx_word' id='word_1_75' title='bbox 1002 1242 1082 1303; x_wconf 90' lang='lat' dir='ltr'><strong>oiim</strong></span> 
     </span>
     <span class='ocr_line' id='line_1_9' title="bbox 44 1339 1083 1424; baseline 0.002 -24"><span class='ocrx_word' id='word_1_76' title='bbox 44 1354 242 1422; x_wconf 88' lang='lat' dir='ltr'><strong>putaveram.</strong></span> <span class='ocrx_word' id='word_1_77' title='bbox 297 1340 424 1423; x_wconf 88' lang='lat' dir='ltr'><strong>Nempe</strong></span> <span class='ocrx_word' id='word_1_78' title='bbox 446 1341 541 1404; x_wconf 83' lang='lat' dir='ltr'><strong>rerba</strong></span> <span class='ocrx_word' id='word_1_79' title='bbox 567 1339 608 1404; x_wconf 81' lang='lat' dir='ltr'><strong>ab</strong></span> <span class='ocrx_word' id='word_1_80' title='bbox 631 1344 682 1406; x_wconf 77' lang='lat' dir='ltr'><strong>uis</strong></span> <span class='ocrx_word' id='word_1_81' title='bbox 706 1343 825 1404; x_wconf 86' lang='lat' dir='ltr'><strong>debent</strong></span> <span class='ocrx_word' id='word_1_82' title='bbox 850 1341 1004 1424; x_wconf 78' lang='lat' dir='ltr'>respicere</span> <span class='ocrx_word' id='word_1_83' title='bbox 1029 1343 1083 1404; x_wconf 85' lang='lat' dir='ltr'><strong>ali·</strong></span> 
     </span>
     <span class='ocr_line' id='line_1_10' title="bbox 45 1438 1083 1527; baseline 0.001 -25"><span class='ocrx_word' id='word_1_84' title='bbox 45 1443 143 1522; x_wconf 87' lang='lat' dir='ltr'><strong>quid,</strong></span> <span class='ocrx_word' id='word_1_85' title='bbox 169 1443 256 1522; x_wconf 89' lang='lat' dir='ltr'><strong>qnod</strong></span> <span class='ocrx_word' id='word_1_86' title='bbox 277 1438 455 1524; x_wconf 82' lang='lat' dir='ltr'><strong>praetefftt.</strong></span> <span class='ocrx_word' id='word_1_87' title='bbox 480 1463 584 1525; x_wconf 90' lang='lat' dir='ltr'><strong>neque</strong></span> <span class='ocrx_word' id='word_1_88' title='bbox 599 1457 706 1506; x_wconf 91' lang='lat' dir='ltr'><strong>tamen</strong></span> <span class='ocrx_word' id='word_1_89' title='bbox 724 1457 838 1506; x_wconf 87' lang='lat' dir='ltr'><strong>neutro</strong></span> <span class='ocrx_word' id='word_1_90' title='bbox 859 1461 975 1527; x_wconf 80' lang='lat' dir='ltr'><strong>genere</strong></span> <span class='ocrx_word' id='word_1_91' title='bbox 990 1443 1083 1504; x_wconf 86' lang='lat' dir='ltr'><strong>intei-</strong></span> 
     </span>
     <span class='ocr_line' id='line_1_11' title="bbox 44 1543 1083 1628; baseline 0.002 -26"><span class='ocrx_word' id='word_1_92' title='bbox 44 1543 102 1628; x_wconf 81' lang='lat' dir='ltr'><strong>ligi</strong></span> <span class='ocrx_word' id='word_1_93' title='bbox 129 1543 229 1626; x_wconf 79' lang='lat' dir='ltr'><strong>poise,</strong></span> <span class='ocrx_word' id='word_1_94' title='bbox 266 1545 352 1626; x_wconf 89' lang='lat' dir='ltr'><strong>quod</strong></span> <span class='ocrx_word' id='word_1_95' title='bbox 380 1545 462 1606; x_wconf 88' lang='lat' dir='ltr'><strong>nihil</strong></span> <span class='ocrx_word' id='word_1_96' title='bbox 490 1547 653 1607; x_wconf 80' lang='lat' dir='ltr'><strong>eiusmodi</strong></span> <span class='ocrx_word' id='word_1_97' title='bbox 685 1547 915 1627; x_wconf 75' lang='lat' dir='ltr'><strong>praemittatur.</strong></span> <span class='ocrx_word' id='word_1_98' title='bbox 977 1544 1083 1604; x_wconf 86' lang='lat' dir='ltr'><strong>immo</strong></span> 
     </span>
     <span class='ocr_line' id='line_1_12' title="bbox 46 1643 1084 1728; baseline 0 -23"><span class='ocrx_word' id='word_1_99' title='bbox 46 1645 133 1706; x_wconf 82' lang='lat' dir='ltr'><strong>Mela</strong></span> <span class='ocrx_word' id='word_1_100' title='bbox 155 1647 300 1726; x_wconf 82' lang='lat' dir='ltr'><strong>proxima</strong></span> <span class='ocrx_word' id='word_1_101' title='bbox 319 1643 439 1728; x_wconf 82' lang='lat' dir='ltr'><strong>semper</strong></span> <span class='ocrx_word' id='word_1_102' title='bbox 456 1643 590 1728; x_wconf 78' lang='lat' dir='ltr'><strong>spectare</strong></span> <span class='ocrx_word' id='word_1_103' title='bbox 607 1645 699 1714; x_wconf 85' lang='lat' dir='ltr'><strong>iulet.</strong></span> <span class='ocrx_word' id='word_1_104' title='bbox 727 1660 758 1708; x_wconf 89' lang='lat' dir='ltr'><strong>et</strong></span> <span class='ocrx_word' id='word_1_105' title='bbox 776 1660 927 1708; x_wconf 86' lang='lat' dir='ltr'><strong>terrarum</strong></span> <span class='ocrx_word' id='word_1_106' title='bbox 948 1645 1084 1707; x_wconf 81' lang='lat' dir='ltr'><strong>confinia</strong></span> 
     </span>
     <span class='ocr_line' id='line_1_13' title="bbox 47 1747 1083 1832; baseline 0.002 -26"><span class='ocrx_word' id='word_1_107' title='bbox 47 1761 248 1810; x_wconf 82' lang='lat' dir='ltr'><strong>connectere.</strong></span> <span class='ocrx_word' id='word_1_108' title='bbox 302 1747 368 1809; x_wconf 83' lang='lat' dir='ltr'><strong>His</strong></span> <span class='ocrx_word' id='word_1_109' title='bbox 384 1749 482 1832; x_wconf 78' lang='lat' dir='ltr'><strong>igitur</strong></span> <span class='ocrx_word' id='word_1_110' title='bbox 501 1749 642 1832; x_wconf 74' lang='lat' dir='ltr'><strong>pertinet</strong></span> <span class='ocrx_word' id='word_1_111' title='bbox 663 1749 701 1810; x_wconf 85' lang='lat' dir='ltr'><strong>ad</strong></span> <span class='ocrx_word' id='word_1_112' title='bbox 721 1748 929 1816; x_wconf 85' lang='lat' dir='ltr'><strong>Hermiouee.</strong></span> <span class='ocrx_word' id='word_1_113' title='bbox 955 1759 988 1808; x_wconf 89' lang='lat' dir='ltr'><strong>et</strong></span> <span class='ocrx_word' id='word_1_114' title='bbox 1010 1761 1083 1808; x_wconf 88' lang='lat' dir='ltr'><strong>tum</strong></span> 
     </span>
     <span class='ocr_line' id='line_1_14' title="bbox 47 1845 1085 1933; baseline 0.003 -26"><span class='ocrx_word' id='word_1_115' title='bbox 47 1845 151 1910; x_wconf 75' lang='lat' dir='ltr'><strong>sensu·</strong></span> <span class='ocrx_word' id='word_1_116' title='bbox 172 1847 235 1910; x_wconf 83' lang='lat' dir='ltr'><strong>loci</strong></span> <span class='ocrx_word' id='word_1_117' title='bbox 256 1847 374 1910; x_wconf 74' lang='lat' dir='ltr'><strong>exsistat</strong></span> <span class='ocrx_word' id='word_1_118' title='bbox 396 1849 468 1910; x_wconf 81' lang='lat' dir='ltr'><strong>hic:</strong></span> <span class='ocrx_word' id='word_1_119' title='bbox 510 1850 601 1933; x_wconf 87' lang='lat' dir='ltr'><strong>Quae</strong></span> <span class='ocrx_word' id='word_1_120' title='bbox 625 1849 701 1910; x_wconf 88' lang='lat' dir='ltr'><strong>inde</strong></span> <span class='ocrx_word' id='word_1_121' title='bbox 726 1849 765 1910; x_wconf 89' lang='lat' dir='ltr'><strong>ab</strong></span> <span class='ocrx_word' id='word_1_122' title='bbox 787 1848 1017 1910; x_wconf 87' lang='lat' dir='ltr'><strong>Hermionibua</strong></span> <span class='ocrx_word' id='word_1_123' title='bbox 1042 1845 1085 1910; x_wconf 83' lang='lat' dir='ltr'><strong>ie·</strong></span> 
     </span>
     <span class='ocr_line' id='line_1_15' title="bbox 47 1949 1083 2030; baseline 0.002 -22"><span class='ocrx_word' id='word_1_124' title='bbox 47 1961 206 2028; x_wconf 78' lang='lat' dir='ltr'><strong>queratur,</strong></span> <span class='ocrx_word' id='word_1_125' title='bbox 230 1949 363 2012; x_wconf 88' lang='lat' dir='ltr'><strong>diecreta</strong></span> <span class='ocrx_word' id='word_1_126' title='bbox 381 1949 497 2012; x_wconf 81' lang='lat' dir='ltr'><strong>Vistula</strong></span> <span class='ocrx_word' id='word_1_127' title='bbox 512 1971 623 2022; x_wconf 84' lang='lat' dir='ltr'><strong>amne,</strong></span> <span class='ocrx_word' id='word_1_128' title='bbox 647 1951 685 2012; x_wconf 84' lang='lat' dir='ltr'><strong>ati</strong></span> <span class='ocrx_word' id='word_1_129' title='bbox 703 1950 815 2012; x_wconf 80' lang='lat' dir='ltr'><strong>Istrum</strong></span> <span class='ocrx_word' id='word_1_130' title='bbox 831 1969 932 2030; x_wconf 87' lang='lat' dir='ltr'><strong>neque</strong></span> <span class='ocrx_word' id='word_1_131' title='bbox 949 1949 1083 2020; x_wconf 83' lang='lat' dir='ltr'><strong>flumen.</strong></span> 
     </span>
     <span class='ocr_line' id='line_1_16' title="bbox 48 2049 1083 2132; baseline 0.001 -22"><span class='ocrx_word' id='word_1_132' title='bbox 48 2069 110 2132; x_wconf 88' lang='lat' dir='ltr'><strong>qua</strong></span> <span class='ocrx_word' id='word_1_133' title='bbox 125 2063 210 2112; x_wconf 88' lang='lat' dir='ltr'><strong>retro</strong></span> <span class='ocrx_word' id='word_1_134' title='bbox 227 2051 374 2122; x_wconf 82' lang='lat' dir='ltr'><strong>vertitur,</strong></span> <span class='ocrx_word' id='word_1_135' title='bbox 398 2053 553 2116; x_wconf 81' lang='lat' dir='ltr'><strong>extendit.</strong></span> <span class='ocrx_word' id='word_1_136' title='bbox 606 2054 652 2114; x_wconf 85' lang='lat' dir='ltr'><strong>ita</strong></span> <span class='ocrx_word' id='word_1_137' title='bbox 670 2069 746 2114; x_wconf 87' lang='lat' dir='ltr'><strong>vero</strong></span> <span class='ocrx_word' id='word_1_138' title='bbox 762 2049 901 2112; x_wconf 73' lang='lat' dir='ltr'><strong>discam</strong></span> <span class='ocrx_word' id='word_1_139' title='bbox 919 2071 989 2114; x_wconf 88' lang='lat' dir='ltr'><strong>non</strong></span> <span class='ocrx_word' id='word_1_140' title='bbox 1008 2069 1083 2112; x_wconf 87' lang='lat' dir='ltr'><strong>cum</strong></span> 
     </span>
     <span class='ocr_line' id='line_1_17' title="bbox 48 2147 1086 2236; baseline -0.002 -23"><span class='ocrx_word' id='word_1_141' title='bbox 48 2153 202 2213; x_wconf 77' lang='lat' dir='ltr'><strong>Sarmatia</strong></span> <span class='ocrx_word' id='word_1_142' title='bbox 223 2153 315 2236; x_wconf 84' lang='lat' dir='ltr'><strong>iungi</strong></span> <span class='ocrx_word' id='word_1_143' title='bbox 337 2153 450 2225; x_wconf 86' lang='lat' dir='ltr'><strong>debet,</strong></span> <span class='ocrx_word' id='word_1_144' title='bbox 478 2151 529 2218; x_wconf 79' lang='lat' dir='ltr'><strong>sed</strong></span> <span class='ocrx_word' id='word_1_145' title='bbox 553 2173 627 2216; x_wconf 85' lang='lat' dir='ltr'><strong>cum</strong></span> <span class='ocrx_word' id='word_1_146' title='bbox 646 2173 743 2236; x_wconf 83' lang='lat' dir='ltr'><strong>quae.</strong></span> <span class='ocrx_word' id='word_1_147' title='bbox 771 2165 804 2212; x_wconf 90' lang='lat' dir='ltr'><strong>et</strong></span> <span class='ocrx_word' id='word_1_148' title='bbox 823 2152 970 2212; x_wconf 80' lang='lat' dir='ltr'><strong>immittit</strong></span> <span class='ocrx_word' id='word_1_149' title='bbox 991 2147 1086 2212; x_wconf 72' lang='lat' dir='ltr'><strong>refer·</strong></span> 
     </span>
     <span class='ocr_line' id='line_1_18' title="bbox 50 2246 1085 2345; baseline 0.003 -33"><span class='ocrx_word' id='word_1_150' title='bbox 50 2265 100 2314; x_wconf 90' lang='lat' dir='ltr'><strong>tur</strong></span> <span class='ocrx_word' id='word_1_151' title='bbox 125 2255 165 2314; x_wconf 83' lang='lat' dir='ltr'><strong>ad</strong></span> <span class='ocrx_word' id='word_1_152' title='bbox 193 2253 289 2315; x_wconf 84' lang='lat' dir='ltr'><strong>verba</strong></span> <span class='ocrx_word' id='word_1_153' title='bbox 320 2275 401 2338; x_wconf 84' lang='lat' dir='ltr'><strong>quae</strong></span> <span class='ocrx_word' id='word_1_154' title='bbox 423 2246 617 2345; x_wconf 73' lang='lat' dir='ltr'><strong>sequerentur.</strong></span> <span class='ocrx_word' id='word_1_155' title='bbox 655 2255 840 2338; x_wconf 84' lang='lat' dir='ltr'><strong>pendetque</strong></span> <span class='ocrx_word' id='word_1_156' title='bbox 866 2271 882 2314; x_wconf 82' lang='grc' dir='ltr'><strong>ι</strong></span> <span class='ocrx_word' id='word_1_157' title='bbox 909 2251 1085 2315; x_wconf 75' lang='lat' dir='ltr'><strong>sarmacia.</strong></span> 
     </span>
     <span class='ocr_line' id='line_1_19' title="bbox 50 2355 1085 2444; baseline -0.001 -29"><span class='ocrx_word' id='word_1_158' title='bbox 50 2356 101 2416; x_wconf 85' lang='lat' dir='ltr'><strong>Sic</strong></span> <span class='ocrx_word' id='word_1_159' title='bbox 121 2373 152 2424; x_wconf 79' lang='lat' dir='ltr'><strong>e.</strong></span> <span class='ocrx_word' id='word_1_160' title='bbox 170 2369 204 2444; x_wconf 77' lang='lat'><strong>7,</strong></span> <span class='ocrx_word' id='word_1_161' title='bbox 227 2375 281 2418; x_wconf 90' lang='grc' dir='ltr'><strong>ιι.</strong></span> <span class='ocrx_word' id='word_1_162' title='bbox 312 2355 406 2420; x_wconf 88' lang='lat' dir='ltr'><strong>Creta</strong></span> <span class='ocrx_word' id='word_1_163' title='bbox 420 2357 537 2418; x_wconf 83' lang='lat' dir='ltr'><strong>dicitur</strong></span> <span class='ocrx_word' id='word_1_164' title='bbox 558 2359 734 2418; x_wconf 86' lang='lat' dir='ltr'><strong>immittere</strong></span> <span class='ocrx_word' id='word_1_165' title='bbox 757 2355 1028 2436; x_wconf 78' lang='lat' dir='ltr'><strong>promontorium.</strong></span> <span class='ocrx_word' id='word_1_166' title='bbox 1051 2365 1085 2414; x_wconf 92' lang='lat' dir='ltr'><strong>et</strong></span> 
     </span>
     <span class='ocr_line' id='line_1_20' title="bbox 49 2455 1085 2538; baseline -0.002 -22"><span class='ocrx_word' id='word_1_167' title='bbox 49 2469 139 2518; x_wconf 89' lang='lat' dir='ltr'><strong>antea</strong></span> <span class='ocrx_word' id='word_1_168' title='bbox 165 2455 289 2538; x_wconf 86' lang='lat' dir='ltr'><strong>Cyproa</strong></span> <span class='ocrx_word' id='word_1_169' title='bbox 314 2455 353 2520; x_wconf 84' lang='lat' dir='ltr'><strong>ie.</strong></span> <span class='ocrx_word' id='word_1_170' title='bbox 417 2457 487 2518; x_wconf 86' lang='lat' dir='ltr'><strong>Hoe</strong></span> <span class='ocrx_word' id='word_1_171' title='bbox 508 2459 597 2519; x_wconf 90' lang='lat' dir='ltr'><strong>enim</strong></span> <span class='ocrx_word' id='word_1_172' title='bbox 621 2455 702 2520; x_wconf 83' lang='lat' dir='ltr'><strong>soloe</strong></span> <span class='ocrx_word' id='word_1_173' title='bbox 722 2457 892 2518; x_wconf 78' lang='lat' dir='ltr'><strong>Sarmatiae</strong></span> <span class='ocrx_word' id='word_1_174' title='bbox 919 2457 1085 2524; x_wconf 83' lang='lat' dir='ltr'><strong>terminer.</strong></span> 
     </span>
     <span class='ocr_line' id='line_1_21' title="bbox 51 2553 1086 2641; baseline 0 -25"><span class='ocrx_word' id='word_1_175' title='bbox 51 2559 204 2641; x_wconf 72' lang='lat' dir='ltr'><strong>neglectis</strong></span> <span class='ocrx_word' id='word_1_176' title='bbox 219 2557 296 2628; x_wconf 84' lang='lat' dir='ltr'><strong>aliia,</strong></span> <span class='ocrx_word' id='word_1_177' title='bbox 320 2577 338 2620; x_wconf 88' lang='lat' dir='ltr'><strong>a</strong></span> <span class='ocrx_word' id='word_1_178' title='bbox 353 2557 539 2622; x_wconf 87' lang='lat' dir='ltr'><strong>Germaniae</strong></span> <span class='ocrx_word' id='word_1_179' title='bbox 558 2573 650 2640; x_wconf 70' lang='lat' dir='ltr'><strong>parte,</strong></span> <span class='ocrx_word' id='word_1_180' title='bbox 665 2557 750 2620; x_wconf 84' lang='lat' dir='ltr'><strong>Mela</strong></span> <span class='ocrx_word' id='word_1_181' title='bbox 768 2555 940 2618; x_wconf 82' lang='lat' dir='ltr'><strong>constituit.</strong></span> <span class='ocrx_word' id='word_1_182' title='bbox 973 2553 1086 2618; x_wconf 81' lang='lat' dir='ltr'><strong>Postea</strong></span> 
     </span>
    </p>
   </div>
   <div class='ocr_carea' id='block_1_3' title="bbox 51 2656 1087 2944">
    <p class='ocr_par' dir='ltr' id='par_1_3' title="bbox 51 2656 1087 2944">
     <span class='ocr_line' id='line_1_22' title="bbox 54 2656 1086 2752; baseline -0.002 -34"><span class='ocrx_word' id='word_1_183' title='bbox 54 2673 171 2728; x_wconf 86' lang='lat' dir='ltr'><strong>tamen.</strong></span> <span class='ocrx_word' id='word_1_184' title='bbox 196 2679 289 2739; x_wconf 89' lang='lat' dir='ltr'><strong>quam</strong></span> <span class='ocrx_word' id='word_1_185' title='bbox 309 2661 406 2722; x_wconf 85' lang='lat' dir='ltr'><strong>nimie</strong></span> <span class='ocrx_word' id='word_1_186' title='bbox 424 2673 603 2722; x_wconf 81' lang='lat' dir='ltr'><strong>contortam</strong></span> <span class='ocrx_word' id='word_1_187' title='bbox 620 2657 680 2722; x_wconf 81' lang='lat' dir='ltr'><strong>effe</strong></span> <span class='ocrx_word' id='word_1_188' title='bbox 700 2659 781 2719; x_wconf 89' lang='lat' dir='ltr'><strong>hanc</strong></span> <span class='ocrx_word' id='word_1_189' title='bbox 802 2657 959 2718; x_wconf 87' lang='lat' dir='ltr'><strong>rationem</strong></span> <span class='ocrx_word' id='word_1_190' title='bbox 980 2656 1086 2752; x_wconf 67' lang='lat' dir='ltr'><strong>pitine-</strong></span> 
     </span>
     <span class='ocr_line' id='line_1_23' title="bbox 51 2755 1087 2842; baseline 0 -24"><span class='ocrx_word' id='word_1_191' title='bbox 51 2779 109 2840; x_wconf 88' lang='lat' dir='ltr'><strong>que</strong></span> <span class='ocrx_word' id='word_1_192' title='bbox 132 2763 303 2842; x_wconf 86' lang='lat' dir='ltr'><strong>repetitam</strong></span> <span class='ocrx_word' id='word_1_193' title='bbox 319 2783 336 2822; x_wconf 88' lang='lat' dir='ltr'><strong>a</strong></span> <span class='ocrx_word' id='word_1_194' title='bbox 355 2761 594 2842; x_wconf 87' lang='lat' dir='ltr'><strong>Pomponianae</strong></span> <span class='ocrx_word' id='word_1_195' title='bbox 609 2762 705 2824; x_wconf 86' lang='lat' dir='ltr'><strong>etiam</strong></span> <span class='ocrx_word' id='word_1_196' title='bbox 728 2758 878 2820; x_wconf 88' lang='lat' dir='ltr'><strong>orationie</strong></span> <span class='ocrx_word' id='word_1_197' title='bbox 896 2755 998 2820; x_wconf 79' lang='lat' dir='ltr'><strong>forma</strong></span> <span class='ocrx_word' id='word_1_198' title='bbox 1015 2756 1087 2818; x_wconf 83' lang='lat' dir='ltr'><strong>alia·</strong></span> 
     </span>
     <span class='ocr_line' id='line_1_24' title="bbox 52 2859 888 2944; baseline -0.002 -22"><span class='ocrx_word' id='word_1_199' title='bbox 52 2881 125 2922; x_wconf 88' lang='lat' dir='ltr'><strong>nam</strong></span> <span class='ocrx_word' id='word_1_200' title='bbox 144 2859 313 2934; x_wconf 81' lang='lat' dir='ltr'><strong>senseram,</strong></span> <span class='ocrx_word' id='word_1_201' title='bbox 339 2859 459 2944; x_wconf 82' lang='lat' dir='ltr'><strong>iepoiui</strong></span> <span class='ocrx_word' id='word_1_202' title='bbox 476 2876 509 2926; x_wconf 93' lang='lat' dir='ltr'><strong>et</strong></span> <span class='ocrx_word' id='word_1_203' title='bbox 525 2865 644 2924; x_wconf 84' lang='lat' dir='ltr'><strong>diutina</strong></span> <span class='ocrx_word' id='word_1_204' title='bbox 661 2861 770 2924; x_wconf 82' lang='lat' dir='ltr'><strong>iuvere</strong></span> <span class='ocrx_word' id='word_1_205' title='bbox 787 2859 888 2922; x_wconf 88' lang='lat' dir='ltr'><strong>nolui.</strong></span> 
     </span>
    </p>
   </div>
   <div class='ocr_carea' id='block_1_4' title="bbox 53 3051 1087 3359">
    <p class='ocr_par' dir='ltr' id='par_1_4' title="bbox 53 3051 1087 3359">
     <span class='ocr_line' id='line_1_25' title="bbox 126 3051 1087 3146; baseline -0.008 -20"><span class='ocrx_word' id='word_1_206' title='bbox 126 3061 272 3126; x_wconf 77' lang='lat' dir='ltr'><strong>habitu</strong></span> <span class='ocrx_word' id='word_1_207' title='bbox 298 3065 495 3146; x_wconf 83' lang='lat' dir='ltr'><strong>armisque</strong></span> <span class='ocrx_word' id='word_1_208' title='bbox 501 3063 520 3146; x_wconf 84' lang='lat'><em>)</em></span> <span class='ocrx_word' id='word_1_209' title='bbox 571 3061 652 3127; x_wconf 88' lang='lat' dir='ltr'><strong>Cud.</strong></span> <span class='ocrx_word' id='word_1_210' title='bbox 672 3063 821 3126; x_wconf 83' lang='lat' dir='ltr'><strong>Ciacoon.</strong></span> <span class='ocrx_word' id='word_1_211' title='bbox 842 3059 940 3122; x_wconf 82' lang='lat' dir='ltr'><strong>orauit</strong></span> <span class='ocrx_word' id='word_1_212' title='bbox 959 3051 1087 3120; x_wconf 76' lang='lat' dir='ltr'><strong>habitu·</strong></span> 
     </span>
     <span class='ocr_line' id='line_1_26' title="bbox 53 3159 1086 3248; baseline -0.006 -20"><span class='ocrx_word' id='word_1_213' title='bbox 53 3189 121 3246; x_wconf 83' lang='lat' dir='ltr'><strong>que.</strong></span> <span class='ocrx_word' id='word_1_214' title='bbox 162 3167 244 3228; x_wconf 84' lang='lat' dir='ltr'><strong>Edd.</strong></span> <span class='ocrx_word' id='word_1_215' title='bbox 261 3169 392 3248; x_wconf 87' lang='lat' dir='ltr'><strong>aliquae.</strong></span> <span class='ocrx_word' id='word_1_216' title='bbox 414 3178 452 3226; x_wconf 88' lang='lat' dir='ltr'><strong>ut</strong></span> <span class='ocrx_word' id='word_1_217' title='bbox 465 3167 500 3230; x_wconf 87' lang='grc'><strong>6.</strong></span> <span class='ocrx_word' id='word_1_218' title='bbox 518 3179 552 3244; x_wconf 82' lang='grc'><strong>7.</strong></span> <span class='ocrx_word' id='word_1_219' title='bbox 568 3175 602 3242; x_wconf 81' lang='grc'><strong>8.</strong></span> <span class='ocrx_word' id='word_1_220' title='bbox 621 3183 675 3228; x_wconf 88' lang='grc' dir='ltr'><strong>ιο.</strong></span> <span class='ocrx_word' id='word_1_221' title='bbox 690 3165 849 3234; x_wconf 78' lang='lat' dir='ltr'><strong>Perticae,</strong></span> <span class='ocrx_word' id='word_1_222' title='bbox 866 3164 915 3222; x_wconf 89' lang='lat' dir='ltr'><strong>uti</strong></span> <span class='ocrx_word' id='word_1_223' title='bbox 932 3162 978 3224; x_wconf 86' lang='lat' dir='ltr'><strong>iit.</strong></span> <span class='ocrx_word' id='word_1_224' title='bbox 1012 3159 1086 3223; x_wconf 81' lang='lat' dir='ltr'><strong>Post</strong></span> 
     </span>
     <span class='ocr_line' id='line_1_27' title="bbox 53 3257 400 3359; baseline 0.006 -31"><span class='ocrx_word' id='word_1_225' title='bbox 53 3267 194 3332; x_wconf 84' lang='lat' dir='ltr'><strong>vindob.</strong></span> <span class='ocrx_word' id='word_1_226' title='bbox 218 3257 400 3359; x_wconf 79' lang='lat' dir='ltr'><strong>asperiores.</strong></span> 
     </span>
    </p>
   </div>
   <div class='ocr_carea' id='block_1_5' title="bbox 56 3462 1092 4248">
    <p class='ocr_par' dir='ltr' id='par_1_5' title="bbox 56 3462 1092 4248">
     <span class='ocr_line' id='line_1_28' title="bbox 129 3462 1088 3553; baseline -0.004 -21"><span class='ocrx_word' id='word_1_227' title='bbox 129 3469 299 3553; x_wconf 80' lang='lat' dir='ltr'><strong>terrent)</strong></span> <span class='ocrx_word' id='word_1_228' title='bbox 344 3470 392 3532; x_wconf 85' lang='lat' dir='ltr'><strong>ita</strong></span> <span class='ocrx_word' id='word_1_229' title='bbox 407 3469 516 3535; x_wconf 83' lang='lat' dir='ltr'><strong>Mssu</strong></span> <span class='ocrx_word' id='word_1_230' title='bbox 531 3471 597 3532; x_wconf 84' lang='lat' dir='ltr'><strong>dno</strong></span> <span class='ocrx_word' id='word_1_231' title='bbox 612 3469 639 3534; x_wconf 94' lang='lat'><strong>1.</strong></span> <span class='ocrx_word' id='word_1_232' title='bbox 653 3467 812 3534; x_wconf 84' lang='lat' dir='ltr'><strong>Gronorii</strong></span> <span class='ocrx_word' id='word_1_233' title='bbox 833 3480 866 3530; x_wconf 89' lang='lat' dir='ltr'><strong>et</strong></span> <span class='ocrx_word' id='word_1_234' title='bbox 882 3482 995 3528; x_wconf 87' lang='lat' dir='ltr'><strong>omnee</strong></span> <span class='ocrx_word' id='word_1_235' title='bbox 1011 3462 1088 3528; x_wconf 82' lang='lat' dir='ltr'><strong>Aba.</strong></span> 
     </span>
     <span class='ocr_line' id='line_1_29' title="bbox 56 3565 1087 3655; baseline -0.012 -19"><span class='ocrx_word' id='word_1_236' title='bbox 56 3571 216 3636; x_wconf 82' lang='lat' dir='ltr'><strong>Gronovii</strong></span> <span class='ocrx_word' id='word_1_237' title='bbox 236 3575 378 3654; x_wconf 89' lang='lat' dir='ltr'><strong>itemque</strong></span> <span class='ocrx_word' id='word_1_238' title='bbox 393 3573 467 3642; x_wconf 84' lang='lat' dir='ltr'><strong>mei,</strong></span> <span class='ocrx_word' id='word_1_239' title='bbox 490 3571 638 3655; x_wconf 83' lang='lat' dir='ltr'><strong>equibue</strong></span> <span class='ocrx_word' id='word_1_240' title='bbox 654 3585 760 3634; x_wconf 87' lang='lat' dir='ltr'><strong>tamen</strong></span> <span class='ocrx_word' id='word_1_241' title='bbox 781 3567 960 3651; x_wconf 82' lang='lat' dir='ltr'><strong>excipiendi</strong></span> <span class='ocrx_word' id='word_1_242' title='bbox 975 3565 1087 3628; x_wconf 82' lang='lat' dir='ltr'><strong>viden·</strong></span> 
     </span>
     <span class='ocr_line' id='line_1_30' title="bbox 56 3665 1089 3746; baseline -0.005 -12"><span class='ocrx_word' id='word_1_243' title='bbox 56 3690 106 3734; x_wconf 91' lang='lat' dir='ltr'><strong>tur</strong></span> <span class='ocrx_word' id='word_1_244' title='bbox 125 3673 318 3737; x_wconf 79' lang='lat' dir='ltr'><strong>ParifienIee.</strong></span> <span class='ocrx_word' id='word_1_245' title='bbox 371 3673 585 3736; x_wconf 72' lang='lat' dir='ltr'><strong>Consentiunt</strong></span> <span class='ocrx_word' id='word_1_246' title='bbox 606 3675 765 3736; x_wconf 85' lang='lat' dir='ltr'><strong>editiouee</strong></span> <span class='ocrx_word' id='word_1_247' title='bbox 784 3691 812 3734; x_wconf 89' lang='lat' dir='ltr'><strong>t.</strong></span> <span class='ocrx_word' id='word_1_248' title='bbox 838 3687 870 3732; x_wconf 75' lang='lat' dir='ltr'><strong>a.</strong></span> <span class='ocrx_word' id='word_1_249' title='bbox 889 3681 921 3746; x_wconf 79' lang='lat'><strong>3.</strong></span> <span class='ocrx_word' id='word_1_250' title='bbox 945 3678 980 3745; x_wconf 78' lang='grc'><strong>4.</strong></span> <span class='ocrx_word' id='word_1_251' title='bbox 1000 3677 1034 3744; x_wconf 82' lang='grc'><strong>5.</strong></span> <span class='ocrx_word' id='word_1_252' title='bbox 1053 3665 1089 3730; x_wconf 88' lang='lat'><strong>6.</strong></span> 
     </span>
     <span class='ocr_line' id='line_1_31' title="bbox 58 3767 1090 3856; baseline -0.009 -17"><span class='ocrx_word' id='word_1_253' title='bbox 58 3791 89 3852; x_wconf 85' lang='lat'><strong>7.</strong></span> <span class='ocrx_word' id='word_1_254' title='bbox 108 3789 143 3854; x_wconf 81' lang='grc'><strong>8.</strong></span> <span class='ocrx_word' id='word_1_255' title='bbox 161 3797 195 3855; x_wconf 81' lang='lat'><strong>9.</strong></span> <span class='ocrx_word' id='word_1_256' title='bbox 220 3796 276 3838; x_wconf 89' lang='grc' dir='ltr'><strong>ιο.</strong></span> <span class='ocrx_word' id='word_1_257' title='bbox 295 3795 350 3840; x_wconf 85' lang='grc' dir='ltr'><strong>ιι.</strong></span> <span class='ocrx_word' id='word_1_258' title='bbox 371 3791 427 3840; x_wconf 73' lang='lat' dir='ltr'><strong>aa.</strong></span> <span class='ocrx_word' id='word_1_259' title='bbox 447 3789 503 3854; x_wconf 82' lang='lat'><strong>13.</strong></span> <span class='ocrx_word' id='word_1_260' title='bbox 525 3787 579 3856; x_wconf 69' lang='lat' dir='ltr'><strong>alp.</strong></span> <span class='ocrx_word' id='word_1_261' title='bbox 600 3787 656 3851; x_wconf 80' lang='lat'><strong>15.</strong></span> <span class='ocrx_word' id='word_1_262' title='bbox 681 3787 734 3848; x_wconf 78' lang='lat'><strong>17.</strong></span> <span class='ocrx_word' id='word_1_263' title='bbox 754 3791 809 3850; x_wconf 83' lang='lat'><strong>19.</strong></span> <span class='ocrx_word' id='word_1_264' title='bbox 829 3785 887 3834; x_wconf 84' lang='lat'><strong>20.</strong></span> <span class='ocrx_word' id='word_1_265' title='bbox 905 3779 962 3846; x_wconf 79' lang='lat'><strong>23.</strong></span> <span class='ocrx_word' id='word_1_266' title='bbox 997 3767 1090 3830; x_wconf 85' lang='lat' dir='ltr'><strong>Prae·</strong></span> 
     </span>
     <span class='ocr_line' id='line_1_32' title="bbox 57 3869 1092 3959; baseline -0.01 -21"><span class='ocrx_word' id='word_1_267' title='bbox 57 3893 154 3940; x_wconf 91' lang='lat' dir='ltr'><strong>eunte</strong></span> <span class='ocrx_word' id='word_1_268' title='bbox 169 3879 317 3948; x_wconf 80' lang='lat' dir='ltr'><strong>vediano.</strong></span> <span class='ocrx_word' id='word_1_269' title='bbox 339 3897 435 3959; x_wconf 89' lang='lat' dir='ltr'><strong>quem</strong></span> <span class='ocrx_word' id='word_1_270' title='bbox 450 3874 547 3938; x_wconf 80' lang='lat' dir='ltr'><strong>secuti</strong></span> <span class='ocrx_word' id='word_1_271' title='bbox 564 3875 633 3936; x_wconf 86' lang='lat' dir='ltr'><strong>iunt</strong></span> <span class='ocrx_word' id='word_1_272' title='bbox 649 3895 723 3938; x_wconf 88' lang='lat' dir='ltr'><strong>cum</strong></span> <span class='ocrx_word' id='word_1_273' title='bbox 736 3871 797 3935; x_wconf 76' lang='lat' dir='ltr'><strong>[uie</strong></span> <span class='ocrx_word' id='word_1_274' title='bbox 814 3873 956 3938; x_wconf 86' lang='lat' dir='ltr'><strong>Vinetue.</strong></span> <span class='ocrx_word' id='word_1_275' title='bbox 979 3869 1092 3932; x_wconf 84' lang='lat' dir='ltr'><strong>Schot-</strong></span> 
     </span>
     <span class='ocr_line' id='line_1_33' title="bbox 57 3967 1089 4056; baseline -0.008 -18"><span class='ocrx_word' id='word_1_276' title='bbox 57 3993 116 4051; x_wconf 82' lang='lat' dir='ltr'><strong>tue,</strong></span> <span class='ocrx_word' id='word_1_277' title='bbox 143 3975 279 4052; x_wconf 76' lang='lat' dir='ltr'><strong>volitur,</strong></span> <span class='ocrx_word' id='word_1_278' title='bbox 306 3978 477 4050; x_wconf 72' lang='lat' dir='ltr'><strong>Gronovu</strong></span> <span class='ocrx_word' id='word_1_279' title='bbox 501 3977 707 4046; x_wconf 79' lang='lat' dir='ltr'><strong>Reinoldiua.</strong></span> <span class='ocrx_word' id='word_1_280' title='bbox 734 3973 853 4056; x_wconf 86' lang='lat' dir='ltr'><strong>prodiit</strong></span> <span class='ocrx_word' id='word_1_281' title='bbox 874 3981 975 4038; x_wconf 83' lang='lat' dir='ltr'><strong>terret.</strong></span> <span class='ocrx_word' id='word_1_282' title='bbox 1001 3967 1089 4052; x_wconf 85' lang='lat' dir='ltr'><strong>quod</strong></span> 
     </span>
     <span class='ocr_line' id='line_1_34' title="bbox 57 4065 1089 4159; baseline -0.008 -19"><span class='ocrx_word' id='word_1_283' title='bbox 57 4083 187 4144; x_wconf 83' lang='lat' dir='ltr'><strong>demum</strong></span> <span class='ocrx_word' id='word_1_284' title='bbox 210 4081 244 4141; x_wconf 90' lang='lat' dir='ltr'><strong>in</strong></span> <span class='ocrx_word' id='word_1_285' title='bbox 267 4081 316 4142; x_wconf 89' lang='lat' dir='ltr'><strong>ed.</strong></span> <span class='ocrx_word' id='word_1_286' title='bbox 338 4091 398 4159; x_wconf 79' lang='lat'><strong>45.</strong></span> <span class='ocrx_word' id='word_1_287' title='bbox 420 4081 458 4142; x_wconf 88' lang='lat' dir='ltr'><strong>ad</strong></span> <span class='ocrx_word' id='word_1_288' title='bbox 477 4093 618 4142; x_wconf 85' lang='lat' dir='ltr'><strong>veterem</strong></span> <span class='ocrx_word' id='word_1_289' title='bbox 638 4076 771 4138; x_wconf 81' lang='lat' dir='ltr'><strong>formam</strong></span> <span class='ocrx_word' id='word_1_290' title='bbox 788 4073 890 4136; x_wconf 86' lang='lat' dir='ltr'><strong>redire</strong></span> <span class='ocrx_word' id='word_1_291' title='bbox 912 4065 998 4132; x_wconf 82' lang='lat' dir='ltr'><strong>iuffir</strong></span> <span class='ocrx_word' id='word_1_292' title='bbox 1014 4069 1089 4132; x_wconf 79' lang='lat' dir='ltr'><strong>Aba.</strong></span> 
     </span>
     <span class='ocr_line' id='line_1_35' title="bbox 58 4171 1089 4248; baseline -0.013 -1"><span class='ocrx_word' id='word_1_293' title='bbox 58 4181 244 4248; x_wconf 83' lang='lat' dir='ltr'><strong>Gronoviua</strong></span> <span class='ocrx_word' id='word_1_294' title='bbox 268 4181 420 4246; x_wconf 74' lang='lat' dir='ltr'><strong>serratam</strong></span> <span class='ocrx_word' id='word_1_295' title='bbox 443 4201 460 4243; x_wconf 86' lang='lat' dir='ltr'><strong>a</strong></span> <span class='ocrx_word' id='word_1_296' title='bbox 484 4183 606 4246; x_wconf 81' lang='lat' dir='ltr'><strong>ceterie.</strong></span> <span class='ocrx_word' id='word_1_297' title='bbox 644 4188 848 4242; x_wconf 73' lang='lat' dir='ltr'><strong>mauronte.</strong></span> <span class='ocrx_word' id='word_1_298' title='bbox 902 4171 996 4238; x_wconf 84' lang='lat' dir='ltr'><strong>MSS.</strong></span> <span class='ocrx_word' id='word_1_299' title='bbox 1023 4171 1089 4234; x_wconf 89' lang='lat' dir='ltr'><strong>duo</strong></span> 
     </span>
    </p>
   </div>
   <div class='ocr_carea' id='block_1_6' title="bbox 0 0 1437 4936">
    <p class='ocr_par' dir='ltr' id='par_1_6' title="bbox 0 0 1437 4936">
     <span class='ocr_line' id='line_1_36' title="bbox 0 0 1437 4936; baseline 0 0"><span class='ocrx_word' id='word_1_300' title='bbox 0 0 1437 4936; x_wconf 95' lang='lat' dir='ltr'><strong> </strong></span> 
     </span>
    </p>
   </div>
  </div>
 </body>
</html>
