2810 4944
372 407 462 464 crn.
494 409 532 462 u.
576 407 608 465 o
632 407 683 466 vr.
724 405 803 481 ις.
1046 411 1110 478 455

81 573 223 651 Φοίνικας
246 581 402 664 appellari.
455 581 539 644 lllsls
563 601 643 644 vcro
665 579 719 642 bic
739 579 856 642 maluit
873 580 993 640 Graeco
1015 595 1106 640 more

79 680 173 760 loqui,
207 703 304 762 quam
328 683 487 746 Romano.
539 685 648 764 ltaque
668 703 767 764 quum
792 681 923 744 exosum
946 680 1020 740 ellet
1041 681 1106 740 lio·
1218 743 1231 764 Ι

80 785 168 844 manis
192 783 385 846 Poenorum
413 805 552 856 nomen,
585 785 784 848 Phoenicem
806 781 835 846 ie
858 783 1028 866 appellavit
1050 801 1104 862 po·

81 885 144 951 tius,
171 905 267 964 quarn
286 884 442 948 Poenum.
475 905 615 950 vosstrrs.
664 885 845 950 Phoenices
863 883 997 946 Africam
1018 883 1103 944 colo.

80 987 133 1044 niis
156 983 215 1047 iuis
242 985 464 1068 lreqrrentalle‚
494 988 783 1072 Cartbagiuemque
805 989 900 1048 etiam
918 985 1102 1056 condidille‚

78 1081 265 1148 nortffinmm
288 1089 348 1158 est.
384 1103 416 1149 et
441 1089 544 1151 noster
564 1090 643 1150 inl'ra
672 1111 700 1160 ι,
728 1105 761 1163 7,
788 1107 819 1150 o.
848 1085 953 1150 relert.
1018 1087 1103 1147 Hinc

79 1183 155 1246 facile
178 1191 275 1248 etiarn
300 1189 403 1270 polles
426 1193 630 1252 conditorum
652 1211 773 1252 nomeu
793 1189 844 1250 bic
866 1185 1013 1252 adhaesit.
1047 1187 1102 1247 etli

79 1289 254 1370 plerumque
277 1289 338 1354 luis
358 1292 546 1354 nominibus
576 1293 784 1374 adpellantur.
838 1293 883 1352 lta
906 1289 989 1371 apud
1016 1289 1102 1348 lulli-

80 1409 148 1450 num
165 1407 220 1460 22,
236 1404 271 1466 5.
285 1393 329 1454 in.
364 1393 549 1476 Agathocles
568 1397 674 1476 copias
689 1397 722 1454 in
742 1391 877 1453 Africam
894 1390 1016 1457 inunt,
1042 1407 1100 1470 pro

78 1509 127 1568 qur
147 1491 299 1578 Φοινίκην
321 1505 354 1552 et
377 1491 530 1566 Φοίνικας
550 1495 647 1556 etiarn
669 1497 747 1556 dixit
765 1493 946 1573 Polyaenus
963 1505 996 1568 5,
1014 1491 1047 1558 6,
1066 1503 1099 1570 3.

81 1589 146 1652 Noti
166 1614 204 1654 ex
229 1593 371 1674 Polybio
393 1610 427 1674 3.
451 1609 509 1676 33,
541 1609 594 1672 ¹5·
620 1611 653 1658 et
670 1597 765 1656 Livio
785 1611 842 1666 or,
868 1613 923 1664 22,
945 1607 978 1672 3.
1007 1589 1101 1674 Liby·

80 1693 244 1770 phoenices.
289 1717 369 1776 quoe
403 1697 456 1758 bic
486 1699 621 1778 explicat
652 1701 788 1758 mixtum
822 1697 976 1756 Punicum
1008 1683 1101 1782 Afris

80 1815 171 1870 genus.
222 1793 278 1860 cf.
303 1797 435 1860 Diodor.
458 1813 511 1872 ις’,
537 1813 616 1876 ¹²3·
643 1813 675 1860 et
698 1799 858 1880 inprimis
878 1815 934 1866 πο,
959 1809 1018 1872 55.
1044 1795 1104 1875 qui

80 1897 193 1974 quidem
220 1917 238 1959 a
268 1897 575 1982 Carthaginiensibus
600 1901 764 1984 distinguit
793 1919 880 1960 oram
908 1899 1100 1958 maritimam

81 1995 259 2068 incolentes,
294 1997 345 2060 led
371 2001 543 2064 connubiis
574 2003 701 2062 iunctos
730 2003 830 2062 addit.
887 1999 992 2080 Atque
1018 2001 1098 2059 adeo

82 2095 326 2180 Libyphoenices
347 2103 379 2160 in
404 2101 452 2164 hia
473 2103 551 2164 locis
579 2101 748 2164 consedille
772 2100 876 2162 scribit
898 2101 1040 2162 Avienus
1063 2099 1099 2159 in

82 2215 122 2258 ora
148 2204 305 2262 maritima
331 2224 363 2264 r.
387 2211 471 2284 421.
522 2205 574 2266 Sic
610 2199 890 2282 Βλαστοφοίνικες
922 2199 1003 2262 forte
1041 2219 1100 2282 pro

81 2297 383 2386 Βαστουλοφοίνικες
405 2305 439 2364 in
463 2307 608 2386 Appiano
630 2307 669 2367 de
692 2305 758 2366 reb.
783 2303 871 2386 Hilp.
895 2325 922 2366 c.
940 2303 997 2380 56.
1050 2303 1100 2362 Ex

83 2397 121 2462 bit
138 2404 244 2486 igitur.
271 2419 303 2466 et
328 2425 407 2486 quae
431 2408 491 2466 viri
513 2407 599 2468 docti
622 2419 831 2475 monuerunt,
861 2405 998 2486 adparet,
1032 2423 1098 2464 non

85 2507 189 2566 moveri
210 2505 327 2568 debere
349 2509 519 2568 lectionem
541 2509 701 2571 codicum.
738 2509 903 2570 Zeletanos
920 2521 1025 2566 autern
1044 2501 1099 2566 luo

84 2607 197 2668 nornine
220 2606 309 2668 inille
329 2609 423 2669 docet
444 2609 557 2671 Strabo
584 2623 616 2688 3.
639 2631 669 2690 p.
689 2631 733 2670 m.
753 2609 811 2688 90.
830 2607 850 2670 l.
875 2619 954 2688 ¹4⁰·
1005 2605 1099 2666 Cete-

84 2721 139 2764 rum
156 2711 242 2788 quod
258 2711 422 2770 Salmasius
440 2730 467 2772 c.
488 2711 508 2772 l.
530 2711 599 2792 poll
623 2701 779 2798 Tarteffirs
801 2707 1098 2792 interpungendum

84 2821 192 2878 monet,
226 2811 261 2870 id
286 2811 349 2870 iam
376 2810 498 2872 dudum
521 2813 616 2888 alios,
648 2813 681 2872 in
709 2813 748 2874 iis
768 2812 963 2878 Vediantrm,
995 2805 1098 2868 feeiffe

84 2905 147 2968 virli.
186 2909 315 2993 Nempe
344 2926 456 2992 putant
487 2913 582 2974 latere
612 2912 666 2974 bic
691 2933 794 2974 novae
820 2911 907 2972 urbis
932 2891 1098 2978 indicium.

85 3003 223 3090 induique
244 3013 363 3072 Iuliam
393 3013 640 3084 Traurduclrtm‚
668 3015 708 3076 de
731 3033 796 3094 quo
817 3013 889 3073 vot.
917 3028 948 3075 2.
1001 3007 1098 3072 Certe

85 3105 143 3170 dias
155 3127 205 3170 aut
219 3113 256 3172 ad
273 3115 441 3192 Carteiam,
466 3137 560 3196 qttsm
577 3117 704 3196 qnidam
722 3113 896 3176 ‘l'artellum
916 3113 992 3172 olim
1009 3129 1099 3170 voca·

85 3215 366 3285 praetenderunt,
391 3215 520 3278 tellibns
535 3218 689 3278 Strabone
707 3231 738 3294 3.
762 3237 794 3296 p.
813 3236 857 3276 m.
880 3225 959 3292 ¹⁰4·
974 3211 995 3272 l.
1017 3225 1097 3288 ¹5¹·

86 3320 111 3366 et
123 3309 222 3376 Plinio
239 3329 271 3392 5,
288 3331 319 3396 3.
336 3315 356 3377 l.
373 3337 403 3380 t.
418 3315 581 3379 referenda
597 3317 665 3378 lunt
683 3319 757 3378 baec
773 3317 878 3384 verb-a.
901 3329 964 3384 aut,
987 3313 1098 3374 ficum

87 3405 267 3492 sequentibus
290 3433 406 3489 nectas,
432 3419 473 3480 ob
490 3421 678 3481 adiunctum
694 3431 791 3502 atque
808 3419 971 3502 languent.

150 3615 410 3698 Tingentera.
454 3621 570 3704 Turn)
632 3623 738 3684 Locus
778 3621 927 3682 omnium
959 3617 1099 3680 maxims

89 3719 288 3784 controversus
310 3736 342 3782 et
365 3743 382 3784 a
402 3722 536 3785 librariis
566 3724 704 3806 virisque
729 3723 831 3784 doctis
853 3725 932 3782 mire
957 3723 1098 3788 iactatus.

90 3815 119 3871 ad
138 3821 219 3882 cuius
239 3823 396 3885 billoriam
418 3828 580 3908 pertinent
596 3826 690 3886 baec:
724 3825 821 3886 Vatic.
840 3825 986 3886 Cinccon.
1004 3839 1097 3890 unus.

91 3911 208 3980 Voliuni
228 3925 378 4006 plurimi,
410 3939 446 3986 ut
467 3925 530 4009 ipse
553 3927 607 3986 hic
630 3927 788 3995 adfirmat,
821 3927 949 4008 ‹pridam
972 3925 997 3984 l.
1021 3921 1099 3981 Gro-

91 4021 183 4090 dorii,
211 4025 329 4089 Medic·
354 4027 420 4088 duo
447 4029 522 4091 teste
545 4027 670 4088 Norisro
695 4029 729 4088 in
750 4025 957 4108 Cenotapbiis
982 4021 1101 4086 Pisanis

93 4113 146 4180 titt.
166 4137 196 4186 s.
221 4147 247 4192 c.
269 4147 300 4194 ι.
325 4149 358 4212 p.
383 4147 444 4210 90·
485 4129 597 4195 Codex
626 4129 788 4196 Palatinus
811 4129 894 4214 apud
918 4122 1044 4191 Saloni.
1066 4125 1102 4186 in
