2894 4948
328 418 392 488 354
622 409 875 468 romronrr
918 409 1082 466 nacta

330 583 377 648 ml
398 582 476 648 lul.
528 581 579 646 Aa
604 581 689 644 Mela
712 584 779 668 agit
800 582 840 645 de
861 580 952 646 fonte
974 581 1208 646 Mauritaniae?
1261 571 1372 664 Vtique

332 705 436 768 quum
448 675 591 776 scirpum
613 683 750 755 reditui,
773 682 986 746 'subintellexi
1006 705 1131 766 quoque
1152 685 1305 747 eiuntem
1325 705 1372 766 ge·

332 789 418 851 neria
433 800 466 848 et
481 787 581 867 qualia
600 788 680 848 circa
698 785 814 846 Nilum
828 785 1006 854 oriebatur,
1031 807 1100 848 non
1121 788 1201 848 circa
1216 787 1301 847 alioa
1320 786 1373 845 liu·

335 890 421 958 vion,
453 888 634 970 etquidem
655 887 813 968 Europae.
865 888 957 971 Quid
978 887 1101 950 dixillet
1115 890 1155 954 ad
1177 887 1258 948 haec
1279 887 1373 947 verba

333 991 432 1054 Plinii
458 989 514 1054 lib.
535 1003 568 1064 7.
591 1007 658 1071 cap.
683 989 743 1066 56.
768 983 810 1074 [l.
827 983 911 1076 57.]
934 986 1105 1060 scribentis,
1134 1008 1233 1050 naver
1257 987 1320 1049 elle
1343 990 1372 1048 in

334 1091 413 1154 Nilo
434 1111 474 1152 eac
495 1109 620 1174 papyro
641 1101 673 1152 et
686 1080 796 1180 scirpo
814 1103 844 1151 et
866 1089 1032 1154 arundine.
1092 1093 1143 1152 dn
1164 1089 1220 1150 hic
1244 1089 1372 1150 aliunde

335 1194 410 1256 illuc
434 1189 497 1254 fuit
522 1191 693 1254 invectur‘l
736 1210 759 1254 1.
787 1209 983 1254 onouovrva
1015 1191 1051 1251 in
1084 1205 1162 1252 nota
1194 1189 1370 1281 posteriori.

335 1297 386 1358 De
403 1291 501 1376 lcirpo
521 1295 616 1356 etiarn
635 1295 669 1354 in
690 1289 804 1355 scholia
821 1293 908 1354 idern
924 1291 1068 1354 statuerat
1082 1293 1292 1360 Gronovius,
1327 1293 1372 1350 nti

337 1396 456 1458 docent
470 1410 565 1458 notae
583 1393 711 1464 MStae,
737 1393 852 1474 quibua
868 1394 915 1454 uti
932 1394 1039 1454 licuitr
1064 1395 1112 1455 lca
1128 1407 1238 1455 autem
1257 1394 1294 1452 in
1309 1392 1371 1454 his:

336 1497 497 1586 ¹‚Videtur
521 1495 762 1580 corrigendum:
803 1495 864 1556 alit
895 1507 927 1554 et
947 1484 1109 1585 scirpumr
1145 1515 1221 1556 nam
1257 1493 1374 1575 lcirpua

336 1599 425 1660 idern
439 1597 492 1668 eli,
511 1598 600 1679 quod
621 1615 769 1678 papyrue.
804 1597 866 1659 Sed
879 1615 945 1656 vox
960 1598 1068 1658 rarior.
1090 1597 1160 1659 lob.
1177 1608 1211 1672 8,
1234 1615 1292 1655 rr.
1317 1594 1372 1654 ubi

338 1700 422 1760 Lxx
446 1699 634 1780 interpreter
656 1697 773 1761 Graece
802 1698 922 1760 habent
940 1688 1106 1784 πᾶπυρος,
1138 1698 1252 1758 Latina
1281 1709 1371 1758 retur

336 1802 554 1882 interpretatio
576 1797 729 1881 lcirpua.“
778 1799 821 1862 At
835 1800 917 1861 nihil
936 1798 1013 1860 inde
1031 1796 1178 1869 efficitur,
1206 1796 1371 1879 solumque

336 1901 401 1964 hoc
417 1901 555 1982 adparet,
581 1919 698 1964 vocem
716 1900 904 1964 Hebraicam
925 1905 1012 1976 &m
1030 1921 1049 1961 a
1069 1901 1164 1962 variia
1179 1901 1270 1961 varie
1286 1897 1371 1960 fuille

337 2002 528 2064 intellectam
544 2015 577 2064 et
591 2003 765 2074 redditamr
791 2004 894 2064 immo
910 2001 1008 2062 Plinii
1023 2001 1113 2064 locne
1127 2003 1161 2062 in
1176 2003 1267 2064 notia
1281 2001 1372 2062 edidi

338 2105 490 2166 excitatur
518 2105 683 2184 utriunque
712 2103 925 2165 diverfitatem
956 2103 1101 2166 declarat.
1152 2102 1197 2164 Et
1218 2103 1261 2164 lic
1288 2105 1373 2162 idem

344 2217 397 2282 ιδ,
420 2217 475 2282 23.
493 2201 514 2265 l.
536 2219 591 2268 ια.
615 2218 794 2266 extremum
814 2205 924 2286 papyri
940 2201 1039 2286 lcirpo
1057 2203 1155 2264 limile
1174 2203 1238 2265 elle
1256 2201 1371 2264 scribit.

338 2303 446 2366 Nimia
465 2305 560 2366 'etiam
583 2305 636 2366 illa
656 2306 839 2367 emendatio
856 2326 873 2366 a
888 2305 1050 2366 codicibus
1068 2303 1208 2373 recedit,
1235 2319 1276 2364 ut
1297 2306 1373 2366 aliae

337 2419 428 2467 antea
460 2406 641 2477 recensitae,
682 2423 722 2468 ex
758 2407 873 2488 quibua
906 2402 1050 2467 Voffiana
1081 2405 1120 2466 ad
1150 2405 1373 2467 ostentandam

257 2513 264 2524 “
336 2509 446 2589 potina
471 2508 687 2570 eruditionem
712 2507 850 2589 exposita
873 2505 932 2570 elle
957 2508 1095 2568 videtur.
1152 2504 1316 2568 Gesneruc
1340 2510 1372 2566 in

337 2605 482 2670 thesauro
507 2605 528 2671 l.
550 2629 583 2670 v.
606 2607 703 2669 Budc
731 2607 899 2692 lulpicatur
926 2621 1071 2690 corrupta
1093 2607 1144 2668 illa
1168 2627 1252 2670 voce
1278 2609 1373 2668 latere

336 2705 463 2770 forlitan
484 2709 600 2770 animal
619 2708 832 2790 quodcunque
855 2709 1049 2780 Niloticam,
1078 2709 1205 2791 dequo
1223 2707 1373 2794 cogitalle

337 2809 490 2872 videntur
509 2809 573 2879 illi,
606 2811 661 2890 qui
679 2809 867 2872 crocodilum
888 2809 1106 2892 reposuerunt.
1167 2809 1267 2873 Certe
1290 2811 1314 2872 li
1334 2829 1373 2870 ex

335 2909 533 2978 animalibus,
555 2929 634 2992 quae
650 2909 705 2971 alit
726 2914 892 2993 praecipue
915 2910 1018 2982 Nilus,
1046 2910 1302 2974 substituendum
1322 2913 1374 2972 ali·

335 3011 526 3092 quoderat,
560 3009 695 3073 debebat
716 3012 796 3073 illud
818 3012 919 3094 repeti
939 3033 978 3074 ex
999 3011 1067 3095 iplo
1092 3013 1192 3082 Mela,
1220 3027 1258 3073 ut
1282 3033 1373 3097 argu-

335 3113 439 3174 menti
453 3111 532 3172 ratio
548 3111 623 3174 eliet
640 3109 805 3176 efficacior.
858 3115 898 3175 At
914 3110 1002 3176 facile
1014 3115 1159 3195 adparet,
1188 3133 1288 3195 quam
1312 3117 1372 3176 dia·

336 3211 436 3274 sunile
454 3212 491 3272 fit
511 3211 573 3290 hoc¹
589 3231 709 3276 nomen
729 3213 883 3278 librorum
903 3213 1104 3277 lectionibur.
1157 3217 1194 3276 ln
1213 3215 1265 3278 hir
1285 3231 1371 3278 tene·

336 3312 401 3406 bria
415 3311 545 3394 praestat
567 3327 674 3378 tenere
691 3337 863 3397 papyrum,
889 3319 975 3396 quod
994 3329 1027 3377 et
1045 3315 1122 3378 Nilo
1136 3318 1312 3385 convenit,
1338 3329 1371 3377 et

219 3463 223 3474 .
336 3415 466 3496 propiur
487 3413 607 3475 accedit
628 3416 667 3476 cd
687 3417 829 3485 codices,
861 3419 1002 3498 adeoque
1025 3417 1168 3498 praebuit
1192 3419 1235 3486 ia,
1269 3437 1369 3498 quem

336 3512 534 3576 consuluerat
555 3517 745 3599 Stephanus.
807 3518 893 3580 Addi
916 3517 1017 3600 potest
1041 3519 1163 3579 Pliniua
1185 3531 1217 3595 5,
1243 3529 1279 3596 8.
1314 3519 1370 3600 qai

338 3615 378 3677 de
398 3613 490 3700 Nigri
510 3615 610 3678 fluvio
631 3619 741 3680 eadem
765 3615 831 3681 lere
852 3621 962 3680 tradit:
993 3619 1100 3699 Nigri,
1125 3621 1240 3701 inquit,
1256 3614 1368 3705 fluuio

336 3715 443 3778 cadem
457 3728 586 3789 natura,
609 3739 690 3802 quae
703 3719 801 3792 Nito,·
826 3720 994 3791 calamum,
1016 3732 1047 3781 et
1065 3741 1230 3802 papyrum,
1252 3734 1287 3780 et
1302 3741 1368 3780 ear·

335 3815 405 3876 dem
422 3819 529 3898 gignit
549 3819 741 3891 animantes,
766 3820 875 3882 iisdem
899 3817 1089 3902 temporibus
1103 3811 1255 3912 augescit.
1303 3823 1368 3883 Eo·

334 3915 408 3978 dem
423 3917 522 3980 modo
538 3919 668 3984 Solinus
685 3941 753 4003 cap.
769 3935 827 4000 55.
846 3920 866 3982 l.
884 3935 942 4000 32.
964 3924 1004 3984 de
1018 3921 1085 3983 Nili
1104 3925 1231 4006 origine
1250 3935 1285 3984 et
1305 3925 1367 4004 pri·

333 4037 388 4080 mo
405 4017 515 4080 cursu:
543 4019 692 4082 Protinus
711 4023 816 4084 lacum
834 4015 947 4118 efficit,
973 4045 1063 4106 quem
1077 4021 1218 4084 Nittttem
1236 4023 1364 4084 dicunt.

331 4117 442 4182 Nilum
458 4131 563 4182 autem
579 4121 644 4184 iam
661 4121 733 4187 inde
748 4115 807 4214 affe
822 4127 1011 4200 corriectant,
1035 4123 1122 4211 quod
1135 4122 1365 4220 bccstcguum
