2810 4944
302 445 367 517 454
603 433 850 493 rouaoutr
888 433 1050 492 uacca

376 601 534 702 snper)
583 610 631 671 lta
661 607 734 670 libri
765 627 897 681 omnen
934 623 1058 670 rantum
1090 607 1204 670 Vener.
1227 597 1352 698 snpra.

306 715 356 778 Ex
379 713 556 774 editoribus
575 711 727 773 schottus
743 701 846 802 fudit.
878 729 1082 774 reseravere,
1134 709 1357 773 scribendum

308 817 442 878 videtur
455 805 584 906 sursum
605 814 725 894 potina,
749 833 842 893 quam
860 803 977 904 stepo,-
1005 811 1142 894 sequitur
1163 813 1249 874 enirn
1273 830 1357 871 con·

308 915 430 980 sellim:
470 917 590 995 lugens
629 911 740 975 Iberus
771 907 925 1004 elearfimt.
966 933 1165 976 etartauvs.
1232 911 1357 972 Forte:

313 1019 417 1080 Tulcis
429 1037 497 1077 eam
514 1013 655 1078 raadicur
668 1015 770 1076 anrttir
782 1005 873 1107 subit
892 1049 938 1063 --
966 1035 1004 1076 ex
1021 1017 1137 1082 Plinio,
1154 1015 1202 1092 [3.
1215 1025 1248 1091 fc.
1262 1011 1283 1076 l.
1300 1017 1360 1096 3.]

309 1123 363 1202 qui
384 1119 452 1202 poll
466 1120 679 1178 Tarraconem
701 1117 802 1178 statim
824 1131 981 1178 memorat
994 1117 1120 1178 Tulcim
1138 1117 1287 1184 fluvium,
1317 1129 1363 1174 ut

310 1225 347 1284 in
368 1221 555 1304 prooemio:
591 1217 720 1289 Litora,
746 1231 782 1278 nt
802 1219 888 1279 iutra
910 1231 1060 1298 extroque
1076 1208 1175 1308 stant,
1201 1228 1299 1298 atque
1320 1229 1364 1276 rte

312 1346 348 1385 ea
360 1319 451 1414 subtr
477 1341 516 1380 ac
539 1319 716 1380 circumluit
739 1319 889 1399 pelagur;
921 1333 951 1380 et
979 1323 1113 1378 itertuu:
1154 1339 1238 1378 ruore
1257 1309 1364 1408 flabit

312 1423 419 1516 nostro
442 1443 507 1484 rece
535 1443 598 1484 unt.
634 1417 751 1506 [Forte
772 1421 894 1480 voluit:
920 1411 1009 1511 solut
1030 1423 1131 1500 ripam
1156 1440 1240 1480 orare
1261 1439 1301 1478 ex
1325 1435 1364 1489 α,

317 1546 348 1592 1.
372 1519 428 1610 4.]
471 1540 684 1584 ciacconius.
742 1523 804 1582 Alii
825 1513 953 1614 sursum
977 1525 1105 1605 legunt,
1133 1522 1183 1581 cui
1207 1510 1366 1609 deorsum

314 1629 410 1690 altera
433 1645 470 1686 ex
487 1639 575 1706 parte
591 1622 789 1704 respondeat.
824 1625 954 1684 Amicus
971 1626 1098 1705 quidam
1115 1640 1223 1683 meus:
1240 1613 1367 1711 solvit:

314 1731 435 1808 lugens
460 1724 570 1785 Iberus
602 1724 753 1785 tentabat.
797 1743 974 1788 ccuorrra.
1038 1726 1124 1786 Olim
1153 1723 1206 1784 irc:
1250 1721 1369 1783 Tulcis

318 1851 385 1891 eam
402 1825 541 1886 modicus
554 1827 656 1886 artinis
668 1816 777 1915 super,
799 1827 907 1906 iugem
924 1823 1033 1886 Iberus
1046 1815 1186 1914 deorsam
1203 1827 1365 1903 attingit.

317 1925 468 1994 Pessime.
511 1927 616 2009 Lego:
648 1925 750 1987 Tulcis
766 1949 832 1986 eam
846 1927 988 1988 arcadicus
1005 1929 1109 1988 auritis
1127 1917 1222 2016 subit,
1243 1927 1369 2004 iugens

316 2029 429 2094 Iberus
462 2017 637 2116 Dertosam
672 2029 818 2106 attingit.
869 2047 1032 2090 aenc'rrva
1069 2030 1103 2088 t'u
1134 2019 1368 2116 praefatione.

319 2129 410 2194 Subit
430 2132 558 2190 vitietur
576 2125 717 2208 scripltlle
734 2128 835 2203 lilela;
861 2133 976 2212 alioqui
993 2129 1081 2191 lanus
1098 2127 1199 2189 leolua
1217 2145 1285 2187 non
1302 2129 1369 2191 est.

318 2231 447 2313 Nempe
465 2243 586 2311 praeter
602 2229 682 2290 ditos
705 2229 775 2290 illos
792 2251 917 2302 amnes,
943 2235 1027 2294 inter
1045 2251 1123 2311 qnos
1144 2231 1229 2290 litam
1244 2229 1371 2290 Tarru-

319 2353 433 2395 conem
454 2333 532 2391 dicit
545 2344 669 2400 auctor,
697 2333 807 2393 tertius
824 2337 995 2415 apponitur
1009 2335 1134 2402 Tulcis,
1158 2330 1206 2391 led
1231 2331 1294 2402 ita,
1328 2346 1373 2392 ut

320 2454 391 2497 eam
414 2431 519 2494 lubeat
542 2431 575 2494 lt.
595 2451 624 2492 e.
647 2451 750 2513 quum
766 2437 879 2516 reliqui
898 2436 965 2496 duo
988 2434 1272 2498 noctemnoctem
1305 2431 1373 2494 iric

320 2537 413 2620 piane
435 2535 473 2594 ad
498 2533 583 2594 iliam
606 2534 736 2596 accedit.
791 2555 816 2598 1.
848 2555 1043 2597 uuouourva
1076 2536 1107 2594 iu
1141 2535 1227 2594 natis
1251 2535 1371 2598 MSS.

322 2635 452 2718 Nempe
477 2635 617 2716 disputat
635 2635 712 2695 haec
727 2634 913 2698 Gronovius
928 2657 966 2698 ex
985 2637 1120 2698 lectione
1135 2649 1167 2696 et
1182 2632 1375 2694 distinctio-

321 2759 364 2802 ne
386 2732 499 2806 vomi,
529 2737 569 2797 de
592 2736 707 2816 quibua
730 2749 836 2800 tamen
853 2738 922 2822 post
942 2739 1030 2799 aliter
1050 2735 1150 2797 leuitt.
1202 2735 1242 2796 At
1255 2729 1375 2826 super

320 2839 455 2924 prolum
478 2837 537 2898 elle
559 2837 746 2907 lectionem,
772 2840 900 2920 adparet
923 2844 1017 2900 etiam
1038 2859 1077 2899 ex
1098 2856 1154 2908 eu,
1180 2843 1265 2916 quod
1291 2840 1375 2920 post

321 2929 495 3029 Dertosam
518 2940 560 2998 ita
577 2951 742 2998 mutarunt
761 2940 849 3010 libri,
876 2954 913 3000 ut
933 2941 1024 3010 ellet,
1052 2937 1138 3020 quod
1161 2939 1237 2998 huic
1254 2939 1374 3020 obpo-

321 3057 462 3104 neretur.
514 3039 594 3100 Aliae
610 3041 699 3099 enim
712 3029 812 3129 saper·
832 3056 865 3103 et
878 3031 970 3130 salut
989 3057 1051 3101 tatu
1068 3053 1142 3100 nota
1159 3037 1246 3099 fuere
1264 3041 1377 3102 libra·

321 3144 393 3210 riis,
428 3153 465 3200 ut
488 3139 670 3220 depravatio
691 3143 747 3201 vix
773 3140 897 3226 agnosci
927 3140 1031 3224 poffit.
1094 3143 1221 3202 Accedit
1244 3161 1375 3220 porro,

321 3243 408 3324 quod
428 3241 609 3301 Nunnesruo
624 3243 753 3302 monuit
768 3245 805 3304 ad
820 3247 1023 3326 prooemium
1046 3247 1074 3321 §.
1096 3260 1125 3303 a.
1163 3241 1235 3301 Non
1252 3245 1379 3321 potest

225 3329 230 3336 ⁸
321 3363 381 3427 pro
396 3332 496 3432 super
514 3341 677 3402 emendari
691 3333 796 3434 subit,
832 3359 903 3404 tum
925 3347 997 3426 quia
1020 3359 1127 3405 contra
1149 3343 1244 3402 fidem
1268 3330 1377 3404 corli-

323 3463 416 3512 cum,
452 3455 522 3502 tum
546 3445 660 3512 etiam,
694 3445 766 3525 quia
792 3447 894 3508 amnia
916 3448 988 3517 ilie,
1020 3447 1073 3526 qui
1097 3443 1244 3506 l‘raoeoli
1268 3465 1377 3509 nuuc

320 3558 463 3613 voratur,
489 3564 556 3604 uon
579 3545 756 3628 ingreditur
769 3550 981 3608 Tarraconem
1002 3567 1071 3626 nec,
1094 3546 1165 3606 stad
1189 3550 1378 3624 pomoeria

320 3644 436 3728 priscae
461 3647 547 3706 urbis
569 3647 732 3725 producas.
757 3645 808 3708 led
834 3647 1008 3730 supeream
1025 3668 1109 3708 mare
1130 3645 1221 3708 luitit.
1277 3647 1378 3712 Non

320 3761 429 3818 autem
450 3759 534 3806 recte
555 3746 742 3810 Ciacconiun
767 3768 805 3809 ex
834 3751 939 3813 Plinio
962 3749 1046 3810 luant
1072 3747 1200 3810 aristnrit
1230 3745 1380 3812 leucen-

318 3849 411 3917 tiam,
444 3849 498 3926 qui
523 3847 652 3907 Tulcim
678 3851 812 3911 omnino
840 3871 905 3910 non
931 3863 1104 3920 memorat,
1142 3847 1193 3909 led
1226 3847 1376 3925 Subim,

316 3950 462 4030 quamvis
478 3967 544 4008 uon
560 3947 661 4030 potest
682 3969 747 4010 nou
768 3953 854 4012 idem
870 3952 929 4013 elle
946 3953 978 4014 it.
995 3949 1159 4022 Francoli,
1187 3952 1234 4010 uti
1252 3953 1376 4018 etiam

316 4048 419 4110 censet
445 4047 547 4108 Marcu
569 4051 601 4108 in
620 4049 723 4110 Marcu
748 4051 910 4134 Hispanico
933 4071 962 4124 a,
992 4075 1044 4122 to,
1071 4073 1124 4114 to.
1145 4073 1177 4134 p.
1194 4071 1237 4113 m.
1267 4063 1373 4134 1:¹40.

314 4151 369 4212 vel
384 4151 464 4212 olim
480 4151 601 4232 duplici
616 4153 749 4215 nomine
767 4169 907 4250 vocatus,
929 4157 982 4220 rei
1004 4157 1039 4218 in
1053 4155 1200 4217 alterutro
1220 4169 1375 4222 auctore
