2826 4936
363 466 453 522 ΗΒ.
485 467 536 520 iii.
580 467 613 522 C.
636 467 671 522 V.
713 467 790 536 Μ·
1039 485 1097 546 ²39

134 637 282 721 genus)
331 639 421 724 Prag.
437 659 530 720 geum
555 639 623 721 post
642 639 729 702 idern
752 653 784 702 et
803 641 885 713 sitin
912 642 1097 707 Vindobon.

58 739 110 800 ilie
127 741 232 822 longo.
279 743 316 802 lo
340 739 541 823 sequentibus
565 736 703 802 Voffiani
727 743 810 812 duo.
842 745 980 806 Vsticon.
1004 741 1098 829 Preg.

59 841 170 904 Cibin.
194 861 268 903 cum
292 843 367 905 edd.
390 867 419 906 r.
439 858 472 904 o.
491 861 526 922 9.
548 855 602 922 13.
623 835 853 934 praegreffmm
880 847 912 906 in
933 847 1003 908 eliis
1021 845 1099 930 legi·

59 957 115 1004 tur
136 935 347 1032 progreffitm,
375 945 575 1026 quodetiam
601 960 730 1026 propter
748 943 933 1008 consensum
955 947 1098 1029 plurium

58 1047 192 1106 retineri
221 1046 335 1115 debet,
367 1046 422 1108 etfi
451 1057 511 1107 u'ec
538 1045 671 1106 alterum
704 1045 757 1107 hic
786 1049 928 1108 damnari
961 1051 1098 1112 omnino

58 1145 173 1228 poress.
214 1146 332 1210 Vitioie
356 1161 464 1209 autem
488 1145 569 1228 Lipi.
593 1147 678 1209 Gud.
703 1147 873 1232 Rehdiger.
897 1141 1096 1239 pergreffinn.

62 1249 169 1309 Genus
183 1263 215 1310 et
234 1269 313 1328 gens
328 1251 410 1312 inter
427 1248 455 1310 ie
471 1249 597 1318 mutari,
623 1243 733 1330 poffim
749 1251 845 1312 etiam
862 1251 985 1312 codices
1002 1251 1099 1314 nostri

58 1351 190 1412 docent.
224 1347 275 1412 Cf.
291 1351 329 1412 ad
355 1371 385 1422 ι,
410 1351 463 1419 ι6.
486 1372 515 1414 ι.
566 1349 639 1414 Post
654 1351 789 1414 ridicule
805 1363 837 1414 et
858 1353 1006 1435 imperite
1025 1355 1098 1416 Viu-

57 1449 181 1513 dobon.
204 1463 240 1512 ut
259 1453 336 1523 clio,
361 1451 513 1536 equidem.

133 1653 421 1738 aliquotiens)
470 1659 522 1722 Sic
545 1655 629 1739 Lipi.
651 1655 823 1742 Rehdiger.
846 1657 984 1720 Vindob.
1011 1657 1096 1722 Gud.

58 1755 151 1839 Prag.
178 1769 211 1816 et
235 1757 307 1820 edd.
329 1777 358 1820 ι.
378 1774 411 1820 st.
432 1771 464 1836 5.
485 1769 519 1842 4.
543 1773 576 1836 5.
594 1761 627 1820 6.
646 1773 679 1832 7.
704 1771 737 1836 5.
757 1777 790 1838 9.
815 1779 869 1820 ro.
894 1779 945 1822 ιι.
968 1773 1096 1838 ιι.ι4.

65 1875 120 1934 ι9.
145 1857 353 1940 nliqtrotr'errs;
378 1861 490 1924 Venet.
508 1874 541 1922 et
558 1861 665 1922 Horo.
687 1880 760 1921 curn
776 1860 849 1921 edd.
870 1874 901 1940 5.
920 1873 952 1922 et
969 1873 1002 1936 5.
1023 1881 1098 1924 oon·

61 1957 180 2018 ienfilie
202 1959 372 2033 videntum
397 1961 505 2026 Cibin.
528 1957 632 2046 oiitji'n
665 1963 778 2042 reliqui
801 1981 874 2022 cnm
889 1961 1098 2024 'editionibus

69 2073 123 2137 ¹3.
144 2071 201 2134 15.
230 2061 283 2123 16.
305 2077 358 2136 17.
383 2073 435 2140 ra.
455 2081 514 2127 uo.
535 2079 593 2126 21.
612 2077 644 2123 et
662 2063 790 2143 reliquis
808 2079 947 2144 excepta.
972 2066 1096 2145 opinor,

62 2161 244 2230 Vinetinno,
266 2164 446 2244 aliquoties.
486 2165 660 2227 Reinoldio
683 2165 762 2226 duce
782 2164 878 2224 rediit
898 2165 1097 2246 aliquociens.

61 2262 146 2342 qnod
165 2277 359 2342 exceperunt
383 2265 421 2326 A.
440 2265 626 2330 Gronovius
645 2265 678 2326 in
699 2267 749 2327 ed.
766 2275 827 2343 44.
858 2267 999 2346 Keppino
1022 2285 1098 2328 cum

61 2364 184 2424 editore
220 2363 488 2450 Norimbergenit.
541 2368 579 2428 ln
603 2367 812 2428 Reinoldiana
841 2379 947 2428 tumen
974 2367 1024 2429 ed.
1046 2387 1097 2432 an.

68 2475 174 2540 1775.
199 2464 261 2548 legi
282 2467 458 2550 aliquoties.
510 2469 654 2530 Priorem
683 2465 862 2549 [cripturam
887 2465 1001 2528 inferto
1023 2469 1099 2529 nin

62 2565 123 2626 hoc
157 2567 315 2630 vocabulo
350 2583 384 2630 et
408 2571 525 2630 totiens
562 2569 699 2651 probant
734 2581 857 2630 veteres
893 2567 1100 2630 Grammatici

62 2665 241 2730 Priscianus
263 2669 317 2734 lib.
340 2683 394 2747 ι5.
416 2693 448 2754 p.
468 2667 909 2748 1015.(Gromm.Pursch.)
941 2667 1042 2751 Caper
1059 2670 1100 2732 de

62 2769 206 2853 orthogr.
222 2789 254 2851 p.
272 2781 381 2850 2241.
410 2772 531 2834 Marius
548 2773 731 2832 Victorinus
745 2771 818 2832 artis
835 2769 978 2833 Gromnt.
995 2771 1050 2835 lib.
1070 2791 1098 2834 r.

62 2873 223 2950 p.2469.
271 2870 487 2957 suffragantur
512 2875 609 2934 etiam
641 2867 845 2953 antiquissimi
878 2871 1016 2940 codices.
1050 2873 1100 2931 uti

64 2971 254 3034 testimoniis
269 2975 432 3055 productis
448 2975 636 3038 confirment
652 2975 712 3034 viri
727 2973 822 3040 docti.
850 2975 882 3032 in
899 2973 1014 3054 quibus
1031 2973 1100 3034 Pie·

62 3077 128 3133 rius
146 3076 184 3133 od
205 3073 330 3160 Virgilii
351 3079 453 3160 eclog.
472 3091 503 3156 5,
522 3091 579 3150 72.
612 3077 747 3138 liuizins
762 3077 794 3134 in
811 3076 926 3156 ioegeri
943 3073 1098 3158 Panegyr.

64 3187 146 3236 vett.
171 3175 267 3238 Tum.
288 3193 321 3240 2.
342 3197 374 3258 p.
391 3181 478 3259 469.
520 3175 803 3239 Drakenborchiun
826 3177 863 3234 ed
888 3177 1017 3236 Livium
1040 3184 1100 3254 44,

65 3285 127 3352 45.
153 3295 209 3339 ro.
231 3277 374 3360 aliisque.
427 3279 593 3342 Accedunt
614 3279 733 3362 lapides
755 3277 855 3338 veluti
880 3277 964 3360 apud
988 3278 1102 3338 Grute-

66 3397 138 3436 rum
159 3397 192 3460 p.
210 3393 293 3456 715,
317 3401 370 3442 ιο.
410 3381 499 3463 Quid
523 3393 627 3440 tomen
652 3381 685 3440 in
703 3393 869 3459 utromque
892 3393 1012 3460 partem
1031 3397 1103 3460 pro·

66 3477 141 3539 ferri
158 3480 266 3560 puiset,
289 3479 500 3564 exposuerunt
516 3483 695 3562 Dauoquius
712 3481 746 3540 in
762 3481 913 3564 Orthogr.
931 3479 968 3544 P.
981 3494 1013 3541 o.
1032 3477 1052 3541 s.
1068 3498 1101 3542 v.

70 3581 228 3676 Quotiens
247 3599 279 3644 et
294 3583 448 3646 Cellarius
471 3585 502 3644 in
520 3582 669 3666 Orthogr.
689 3583 757 3642 Lot.
778 3583 818 3644 T.
842 3603 869 3643 ι.
890 3601 921 3661 p.
941 3581 1024 3658 536.
1048 3579 1100 3644 ed.

69 3681 188 3746 Horiei.
240 3684 324 3746 Cum
345 3685 478 3768 perinde
498 3685 545 3752 sn.
571 3687 604 3744 in
623 3685 730 3744 minus
750 3683 867 3752 usitate.
891 3694 975 3743 certe
996 3701 1102 3742 recen·

68 3785 204 3848 rioribus
221 3785 361 3858 librariis.
385 3785 486 3848 formo
501 3783 765 3866 adquiescendum
786 3783 907 3866 purnvi.
949 3783 1013 3844 Pro
1038 3803 1103 3844 coe·

68 3890 160 3968 perit,
183 3889 268 3966 qnod
285 3887 460 3972 agnoscunt
479 3889 621 3970 plerique
637 3887 761 3948 codices
777 3899 808 3946 et
824 3885 992 3952 editiones,
1016 3883 1101 3946 Gud.

70 4005 101 4052 et
121 3991 296 4074 Relidiger.
318 3991 443 4070 ceperit,
468 3989 508 4051 de
521 4007 585 4070 quo
603 3985 643 4050 cf.
663 3987 701 4048 ad
725 4007 752 4054 ι.
770 3999 803 4064 tp.
827 3999 904 4046 extr.
940 3983 1101 4044 Vadimus

70 4094 229 4153 editiones
245 4093 383 4163 variuntr
411 4089 464 4155 16.
479 4091 598 4172 eoepit3
628 4107 684 4150 oo.
704 4089 849 4166 eoeperit.
869 4085 1055 4168 posteriores
1070 4097 1103 4148 et

71 4213 143 4256 cum
159 4197 199 4256 iis
216 4209 274 4273 5ο.
286 4209 344 4276 52.
357 4207 414 4275 57.
432 4193 598 4276 coeperint,
620 4203 657 4252 ιιι
673 4191 712 4252 ed
727 4183 765 4254 τὸ
775 4179 924 4280 ferorum
939 4185 1101 4252 referetur.
