2792 4940
263 461 266 469 ·
324 423 383 497 186
617 425 863 484 POMPONII
906 427 1068 483 MELAtt

319 599 454 664 Retinni
470 599 568 684 igitur
581 599 678 682 priua,
700 619 777 660 cum
794 597 833 661 lic
848 601 943 661 etiam
960 599 1215 682 praecedentibus
1230 619 1336 664 accum-

319 703 441 764 modari
461 697 564 784 polilt.
603 700 739 782 Propiuu
760 697 945 764 consuluisse
966 701 1093 762 uidetur
1110 703 1268 787 liehdiger.
1287 705 1338 763 ad-

318 804 417 888 pofita
442 804 579 864 lectione
612 797 830 890 effunduntur.
881 802 967 864 Nota
998 816 1106 864 autem
1133 804 1176 865 eil
1199 824 1233 866 eu
1259 823 1340 866 com·

316 905 439 990 pendio
459 902 615 966 scribendi
638 905 802 986 utriusque
825 905 959 968 voculae
982 903 1172 969 commistio.

396 1109 584 1169 tenui-
614 1097 896 1198 effunditur)
953 1107 1092 1172 vindob.
1120 1109 1155 1170 in
1181 1109 1258 1169 tenui
1279 1120 1344 1170 tra·

316 1210 425 1284 nritte,·
450 1209 600 1272 Schottue
616 1209 707 1270 dedit
728 1211 870 1282 ternrite,·
903 1209 998 1271 Vind.
1021 1211 1144 1270 omittit
1164 1211 1195 1270 in
1203 1231 1214 1282 ‚·
1236 1211 1343 1274 Venet.

315 1309 412 1373 habet
434 1314 466 1372 in
488 1311 599 1380 lotum,
625 1311 713 1391 quod
730 1327 769 1370 ex
785 1310 923 1372 Pintiani
939 1295 1092 1372 sententia
1112 1313 1228 1392 recepit
1239 1312 1346 1373 Schot-

314 1423 385 1486 tuat
416 1413 555 1496 llehdig.
579 1407 798 1501 effunduntur.
835 1431 1041 1476 uzacrtvcrte.
1101 1413 1344 1485 destituendum,

315 1531 355 1574 an
379 1515 414 1576 in
437 1514 589 1576 hocloco
611 1513 719 1593 potior
739 1511 836 1574 lectio
860 1515 897 1574 stt
917 1517 1057 1582 cernite,
1094 1534 1189 1596 quam
1210 1515 1344 1586 tramite,

301 1603 388 1696 ‘quia
409 1609 553 1676 assimilat
575 1611 819 1696 Peloponneson
849 1611 925 1676 solio
947 1615 1083 1695 platani;
1124 1627 1161 1674 ut
1183 1615 1288 1696 perstet
1308 1618 1346 1678 in

313 1717 464 1802 imagine.
517 1715 586 1776 Nec
604 1716 776 1776 immemor
795 1714 871 1786 sum,
897 1713 982 1796 sequi
1004 1713 1101 1776 inira:
1129 1715 1258 1803 angusto
1279 1729 1350 1776 tra-

314 1821 389 1882 mite
414 1815 546 1880 Helladi
576 1807 822 1907 Peloponnesum
854 1818 1003 1892 artnecti5
1039 1815 1092 1878 sed
1118 1820 1237 1878 ratione
1261 1818 1348 1880 dicta

313 1921 413 2004 magia
428 1917 482 1980 hic
501 1919 603 2001 placet
619 1919 751 1980 termite.
784 1936 985 1980 arnrttnve.
1036 1917 1165 1980 Scribo:
1193 1920 1225 1980 in
1243 1917 1349 1978 latam

312 2017 498 2110 effunditur.
534 2038 635 2082 tuan.
694 2018 795 2080 deute
820 2017 883 2080 huc
905 2019 1027 2081 termite
1050 2021 1209 2082 transtulit
1229 2021 1352 2081 Pintia·

311 2141 389 2194 nua,
420 2120 472 2182 sed
494 2135 525 2182 et
547 2132 654 2204 argute
675 2121 784 2183 nimia.
835 2119 950 2181 Miscet
968 2123 1056 2182 enirn
1075 2122 1352 2204 comparationem

312 2243 386 2286 cum
402 2243 436 2284 re
453 2236 641 2304 comparata.
680 2219 749 2282 Nec
765 2240 844 2303 opue
859 2221 911 2292 est,
935 2221 1025 2283 latus
1042 2223 1077 2282 in
1098 2221 1199 2284 latum
1213 2235 1352 2295 minare,

311 2325 432 2408 quippe
463 2326 551 2404 quod
578 2321 656 2384 inest
682 2323 716 2383 in
742 2318 929 2412 effunditur.
981 2323 1015 2386 st
1040 2323 1118 2404 quid
1144 2323 1353 2394 mutandum,

310 2427 422 2489 malim
446 2426 479 2485 in
501 2424 609 2486 latins.
661 2425 764 2486 Locue
786 2425 879 2507 plane
903 2424 1009 2486 similia
1035 2425 1077 2486 eil
1101 2440 1262 2505 1,17‚5.
1289 2445 1355 2486 crr-

311 2525 414 2623 gustis
435 2523 607 2588 cervicibus
628 2525 748 2610 reliqua
765 2523 908 2588 extendit
928 2527 962 2586 in
979 2526 1088 2588 laius.

378 2719 629 2822 simillima)
677 2729 704 2791 1.
724 2727 870 2792 Gronov.
893 2728 931 2790 ad
953 2743 986 2800 a,
1005 2745 1039 2802 a,
1059 2739 1093 2805 8.
1116 2729 1207 2790 malit
1224 2724 1361 2817 similis,

251 2859 255 2870 ·
309 2835 397 2915 quod
419 2844 451 2894 et
472 2833 506 2892 in
529 2829 611 2894 Corl.
635 2829 783 2894 Chiliano
807 2832 983 2892 invenerat.
1022 2830 1094 2894 vid.
1115 2831 1155 2890 acl
1175 2849 1203 2892 c.
1223 2831 1247 2893 l.
1284 2829 1362 2891 Pro

309 2953 348 2996 eo
372 2933 456 2995 Gud.
480 2933 654 3016 llehdiger.
676 2931 814 2996 Vindob.
838 2932 914 2994 dant
924 2928 1061 3022 finilia,
1086 2950 1206 3014 nempe
1223 2950 1265 2993 ex
1280 2929 1365 2992 scri·

308 3035 408 3098 bendi
430 3035 635 3116 compendio.

474 3237 504 3314 §.
530 3245 566 3314 4.
617 3236 646 3296 Α
670 3233 949 3317 Macedonia)
997 3235 1146 3317 Plerique
1168 3233 1303 3296 codices
1326 3247 1365 3297 et

308 3337 468 3401 editionea
490 3335 543 3397 hic
567 3336 678 3420 legunt
700 3339 742 3396 In
765 3336 975 3414 Macedorn'a;
1010 3339 1153 3407 Vinctus,
1179 3335 1365 3407 Schottus‚

273 3475 278 3486 .
308 3435 433 3500 Vosstue
455 3437 567 3517 reliqui
587 3439 616 3498 A
633 3437 846 3508 diccedonia,
878 3431 925 3498 uti
947 3439 1009 3498 iam
1032 3439 1111 3498 olim
1132 3439 1267 3498 dederat
1291 3437 1365 3500 Co·

308 3539 404 3602 cleua.
446 3555 650 3599 uzecttvcrta.
708 3539 896 3622 Legendum
918 3540 948 3602 A
965 3539 1170 3608 Macedonia,
1204 3538 1276 3598 hoc
1303 3538 1365 3610 eil,

306 3639 375 3722 poll
397 3639 630 3700 Macedoniarn.
691 3638 805 3720 Neque
831 3643 918 3702 enim
938 3641 1116 3724 regreditur
1139 3641 1171 3699 in
1196 3639 1365 3700 Macedo-

306 3743 411 3811 niam,
444 3739 496 3801 sed
517 3759 552 3800 ea
574 3741 660 3801 finita
689 3742 799 3802 transit
825 3745 863 3802 ati
891 3739 1068 3803 referendas
1099 3742 1254 3802 Graeciae
1288 3761 1365 3820 pro·

307 3841 446 3912 vinciae,
477 3860 609 3922 quatum
637 3843 739 3924 prima
759 3841 801 3903 ell
825 3835 990 3932 Tireffaiia.
1051 3842 1134 3903 Nam
1159 3842 1216 3902 etii
1243 3842 1365 3902 Prote-

306 3963 416 4004 maeuu
450 3935 511 4027 [3‚
545 3938 623 4030 13.]
664 3943 870 4006 Macedoniae
910 3943 1099 4005 Thessaliam
1138 3943 1365 4004 contribuere

307 4047 470 4114 videatur.
503 4043 596 4104 simul
617 4043 656 4106 de
680 4057 810 4126 utraque
838 4043 1006 4115 disserena,
1040 4047 1126 4126 quod
1147 4045 1226 4106 aliae
1253 4041 1365 4104 sacen

309 4145 401 4217 solet,
434 4147 574 4208 minoret
594 4147 740 4232 regiones
762 4146 936 4208 maioribus
959 4144 1107 4218 inserena,
1129 4145 1192 4231 (ne
1218 4159 1365 4231 cogatu
