2814 4946
297 449 360 514 52·
600 435 841 494 eourourr
879 435 1039 492 macru

272 675 276 684 ,
299 607 399 698 χῶρα
417 601 541 696 ἐκλήθη
564 604 643 694 πρός
664 599 847 696 διαστολὴν,
875 603 927 670 ἵνα
950 605 991 672 τὸ
1014 605 1141 673 ἓθνικόν
1164 599 1339 688 ὀΚεΦαλ·

209 701 217 718 ’
298 707 359 798 siju
380 706 455 798 ἔχοι
477 707 640 798 διαφορὰν
662 703 872 797 aptissimis
895 705 1022 798 σώματι
1051 705 1212 796 κεφαλήν.
1258 709 1336 770 Pro·

299 813 389 874 havit
421 833 491 874 eam
518 811 701 894 scripturam
726 831 744 872 e
766 811 854 872 libris
879 811 1009 873 vetustis
1043 823 1076 872 et
1104 809 1333 872 consuetudine

303 915 499 976 Graecorum
515 913 680 974 Manutius
701 914 735 972 in
758 913 901 996 orthogr.
924 932 956 994 p.
976 931 1031 992 29.
1051 911 1083 972 h.
1106 933 1138 974 v.
1168 911 1238 994 posi
1257 931 1335 973 eum

300 1017 372 1086 aiii,
397 1017 484 1076 iniis
501 1015 652 1098 Sigonius
667 1027 700 1074 et
716 1013 958 1076 Drakenborch.
983 1015 1058 1099 (qui
1075 1033 1148 1074 cum
1165 1013 1334 1074 Gronovio

301 1095 371 1180 eam
388 1114 509 1199 semper
527 1113 687 1199 seqnitur)
703 1115 741 1174 ad
761 1117 832 1178 Liv.
847 1127 905 1194 33,
925 1127 980 1194 28,
995 1131 1028 1194 5.
1055 1114 1178 1176 Duker.
1194 1115 1230 1176 ad
1249 1114 1335 1175 Flor.

304 1236 335 1288 2,
353 1237 387 1298 9.
407 1231 488 1278 extr.
515 1215 694 1300 Wesseiing.
713 1216 751 1276 ad
771 1216 906 1278 Diodor.
929 1237 983 1288 rr,
1004 1227 1063 1298 34.
1101 1217 1227 1276 Horum
1248 1216 1335 1276 viro-

300 1339 373 1380 rum
389 1320 609 1379 auctoritatem
625 1338 663 1380 eo
678 1320 836 1400 promtius
849 1318 1089 1402 amplexandam
1103 1319 1222 1399 putavi,
1244 1317 1331 1398 quod

302 1434 335 1482 et
358 1420 434 1480 boni
454 1419 579 1480 codices
601 1439 671 1480 eam
692 1419 745 1480 hic
768 1409 908 1484 tuentur.
960 1419 1073 1502 Neque
1095 1419 1211 1480 morari
1232 1417 1335 1500 potest

301 1520 446 1602 Cephali,
480 1523 681 1588 conditorio..
703 1539 839 1592 nomen,
870 1522 958 1602 quod
979 1520 1111 1603 simplici
1132 1519 1145 1579 l
1166 1521 1199 1578 in
1219 1538 1334 1579 monu-

300 1621 419 1684 mentis
443 1623 538 1684 etism
572 1619 720 1704 scriptum
746 1623 890 1704 adparet,
928 1625 1000 1702 quio
1033 1621 1068 1682 io
1098 1621 1149 1682 his
1177 1619 1334 1681 diversam

301 1723 567 1806 [asperationem
590 1723 714 1784 ineunt.
765 1723 818 1785 sic
832 1723 983 1784 Tenedos
1005 1735 1037 1784 et
1056 1721 1173 1792 similia,
1205 1723 1244 1782 de
1263 1722 1332 1802 qui·

300 1823 360 1886 bus
381 1819 491 1906 paffim
515 1823 582 1884 dixi
604 1825 642 1884 ad
664 1823 863 1886 Strabonem.
915 1821 967 1887 cf.
993 1825 1032 1884 de
1062 1821 1264 1906 Cephallenia
1292 1823 1333 1882 ad

300 1927 439 1986 eundem
459 1924 513 1986 lib.
536 1936 569 2002 8.
593 1945 660 2006 cap.
679 1940 711 1992 Ω.
739 1941 770 1989 2.
824 1925 930 2010 Quam
959 1939 1068 1986 autem
1101 1925 1213 2005 cupide
1246 1923 1332 1984 Mela

302 2023 433 2088 (ira'ecas
453 2023 570 2088 sormas
589 2026 737 2110 adripiat,
763 2026 907 2110 pluribus
927 2027 1082 2110 exemplis
1103 2025 1230 2088 constat.

373 2225 575 2310 Neritos)
625 2225 733 2292 Cibin.
756 2227 930 2313 liehdiger.
953 2225 1124 2310 Nerythos.
1176 2229 1238 2291 Alii
1257 2248 1332 2290 cum

301 2329 374 2391 edd.
402 2327 542 2398 Neritos,
575 2343 697 2410 praeter
724 2330 904 2400 Scitottum,
937 2332 993 2412 qui
1017 2329 1163 2412 praetulit
1186 2329 1331 2393 Nericos.

200 2487 202 2494 ,
301 2447 505 2491 rzsourcua,
558 2429 689 2490 Neritos
709 2431 860 2492 hactenus
883 2451 996 2494 omnes
1015 2431 1103 2494 editi.
1139 2431 1223 2514 Lege
1239 2431 1332 2492 Neri·

277 2609 281 2618 ξ
300 2550 354 2590 cos
372 2550 410 2591 ex
428 2530 524 2591 Hom.
540 2529 597 2592 ult.
615 2531 722 2609 Odys.
752 2527 831 2618 [94.
854 2528 960 2620 576.]
998 2533 1128 2594 Neritos
1144 2533 1229 2593 enim
1249 2533 1331 2594 itha·

301 2651 354 2690 cae
374 2651 467 2692 mons
480 2629 595 2692 eodem
612 2647 739 2695 auctore
755 2633 948 2696 etStrabons
964 2633 1019 2696 lib.
1037 2653 1092 2696 ιο.
1117 2627 1168 2719 [p.
1184 2655 1228 2694 m.
1245 2647 1330 2710 512.

301 2729 323 2792 s.
340 2723 446 2816 454]
476 2745 509 2793 et
529 2731 694 2794 Eustatbio
718 2735 757 2794 ad
783 2735 820 2796 ll.
843 2751 874 2798 Ω.
903 2728 955 2820 [v.
978 2737 1062 2814 632.
1086 2757 1118 2817 p.
1138 2749 1219 2812 252.
1239 2731 1329 2822 Bas]

289 2843 480 2894 'ectrorrva
531 2834 606 2895 Sive
624 2834 772 2904 Neritos,
802 2835 866 2896 srve
886 2835 1020 2896 Nericos
1041 2837 1140 2920 legat.
1166 2850 1330 2916 neutrum,

302 2954 375 2995 cum
391 2931 503 2995 insulae
519 2927 691 3005 rece'nseat,
713 2949 786 3016 apto
800 2937 869 2998 ioco
887 2936 1024 3018 posatum
1041 2939 1158 3018 prodit.
1198 2939 1331 2998 Neritos

301 3037 389 3095 enirn
405 3031 465 3093 suit
479 3054 571 3096 mous
587 3035 729 3104 Ithacae;
755 3036 889 3098 Nericos
904 3036 979 3098 urbe
997 3039 1074 3100 olim
1093 3038 1224 3100 litoralis
1242 3041 1331 3098 Acar·

300 3137 428 3204 neniae,
459 3155 553 3213 quam
576 3137 737 3198 Homerus
754 3158 780 3198 c.
797 3139 818 3198 l.
845 3133 947 3224 deripi
970 3135 1134 3224 'Hrrar'poto
1155 3153 1263 3208 vocnt,
1290 3141 1330 3198 ds

300 3255 365 3316 quo
395 3235 540 3314 pluribus
563 3235 684 3298 disserit
704 3235 816 3300 Strabo
842 3259 895 3300 ro.
919 3260 950 3320 p.
974 3261 1019 3301 m.
1044 3255 1127 3316 5¹¹·
1151 3239 1171 3302 s.
1193 3253 1264 3320 451
1288 3239 1327 3320 sq.

302 3333 429 3415 Nempe
451 3335 622 3406 Leucadia,
655 3343 695 3400 de
715 3359 774 3418 qua
798 3338 850 3400 suo
871 3341 960 3411 loco,
994 3342 1074 3402 olim
1100 3361 1198 3422 paene
1222 3341 1330 3410 insula,

301 3434 417 3496 isthmo
440 3435 576 3496 cohaesit
591 3439 798 3510 Acarnaniae,
830 3442 864 3500 in
890 3461 993 3522 eoque
1015 3443 1067 3502 sita
1089 3439 1244 3504 suit·nrbs
1268 3443 1331 3504 Ne-

302 3537 397 3596 ticos.
456 3535 545 3606 Post,
577 3539 653 3599 urbe
677 3541 728 3600 itta
750 3541 868 3612 diruta,
897 3543 1047 3603 isthmum
1068 3541 1278 3623 perfoderunt
1299 3555 1332 3604 et

280 3635 492 3696 'Leucadiam
512 3636 644 3699 insulam
667 3637 828 3711 fecerunt,
863 3640 979 3702 fretum
999 3656 1105 3704 autem
1128 3645 1203 3704 inde
1224 3659 1333 3704 ortum

302 3749 401 3818 ponte
436 3738 621 3801 iunxerunt.
678 3741 789 3801 Isthmi
822 3743 1082 3804 Letrcadiensurm
1115 3747 1267 3806 meminit
1300 3757 1334 3804 et

303 3837 453 3919 Hyginus
474 3840 556 3918 apud
583 3842 758 3902 Charistum
783 3845 815 3902 in
838 3843 978 3905 Putschii
997 3845 1170 3907 Grammat.
1193 3866 1225 3926 p.
1252 3857 1334 3922 ¹⁰8·

303 3939 346 3999 tt
369 3939 442 3998 hinc
462 3939 603 4020 adparet,
633 3963 673 4002 ne
690 3945 740 4002 rel
758 3943 797 4004 fic
818 3947 950 4026 quidem
969 3959 1053 4008 recte
1069 3945 1221 4006 Nericum
1245 3967 1336 4008 com·

304 4041 490 4108 memorari,
517 4043 633 4122 qnippe
657 4064 737 4123 quae
753 4059 852 4106 aetate
868 4046 970 4106 Melae
991 4065 1057 4108 non
1073 4049 1208 4128 amplios
1228 4047 1336 4116 siahat,

304 4139 358 4200 vel
378 4141 441 4198 iam
465 4141 539 4200 tlibi
560 4146 618 4223 (tt,
637 4157 669 4222 3.
690 4149 770 4226 ro.)
794 4161 1077 4209 commemoratam
1098 4146 1204 4220 suiss'e,
1237 4149 1260 4208 ii
1282 4169 1339 4210 ve·
