<?xml version="1.0" encoding="UTF-8"?>
<!DOCTYPE html PUBLIC "-//W3C//DTD XHTML 1.0 Transitional//EN"
    "http://www.w3.org/TR/xhtml1/DTD/xhtml1-transitional.dtd">
<html xmlns="http://www.w3.org/1999/xhtml" xml:lang="en" lang="en">
 <head>
  <title>
</title>
<meta http-equiv="Content-Type" content="text/html;charset=utf-8" />
  <meta name='ocr-system' content='tesseract 3.04.00' />
  <meta name='ocr-capabilities' content='ocr_page ocr_carea ocr_par ocr_line ocrx_word'/>
</head>
<body>
  <div class='ocr_page' id='page_1' title='image "./pomponiimelaede05melagoog_0114.png"; bbox 0 0 2792 4940; ppageno 0'>
   <div class='ocr_carea' id='block_1_1' title="bbox 308 429 1045 490">
    <p class='ocr_par' dir='ltr' id='par_1_1' title="bbox 308 429 1045 490">
     <span class='ocr_line' id='line_1_1' title="bbox 308 429 1045 490; baseline -0.003 0"><span class='ocrx_word' id='word_1_1' title='bbox 308 429 366 490; x_wconf 75' lang='lat'><strong>106</strong></span> <span class='ocrx_word' id='word_1_2' title='bbox 594 431 839 489; x_wconf 80' lang='lat' dir='ltr'><strong>l’OMl’ONlI</strong></span> <span class='ocrx_word' id='word_1_3' title='bbox 881 433 1045 489; x_wconf 84' lang='lat' dir='ltr'><strong>MELAE</strong></span> 
     </span>
    </p>
   </div>
   <div class='ocr_carea' id='block_1_2' title="bbox 297 603 1382 2904">
    <p class='ocr_par' dir='ltr' id='par_1_2' title="bbox 297 603 1382 2904">
     <span class='ocr_line' id='line_1_2' title="bbox 304 603 1340 688; baseline -0.002 -20"><span class='ocrx_word' id='word_1_4' title='bbox 304 607 357 668; x_wconf 86' lang='lat' dir='ltr'><strong>vel</strong></span> <span class='ocrx_word' id='word_1_5' title='bbox 373 603 575 668; x_wconf 79' lang='lat' dir='ltr'><strong>somniaverit</strong></span> <span class='ocrx_word' id='word_1_6' title='bbox 597 605 727 686; x_wconf 82' lang='lat' dir='ltr'><strong>quidem</strong></span> <span class='ocrx_word' id='word_1_7' title='bbox 742 605 823 667; x_wconf 87' lang='lat' dir='ltr'><strong>hanc</strong></span> <span class='ocrx_word' id='word_1_8' title='bbox 839 606 953 668; x_wconf 89' lang='lat' dir='ltr'><strong>urbem</strong></span> <span class='ocrx_word' id='word_1_9' title='bbox 973 605 1122 688; x_wconf 86' lang='lat' dir='ltr'><strong>appellari</strong></span> <span class='ocrx_word' id='word_1_10' title='bbox 1137 605 1262 687; x_wconf 61' lang='lat' dir='ltr'><strong>Aegon·</strong></span> <span class='ocrx_word' id='word_1_11' title='bbox 1288 605 1340 666; x_wconf 88' lang='lat' dir='ltr'><strong>led</strong></span> 
     </span>
     <span class='ocr_line' id='line_1_3' title="bbox 305 705 1341 790; baseline 0 -22"><span class='ocrx_word' id='word_1_12' title='bbox 305 728 418 770; x_wconf 80' lang='lat' dir='ltr'><strong>omnes</strong></span> <span class='ocrx_word' id='word_1_13' title='bbox 435 727 499 768; x_wconf 88' lang='lat' dir='ltr'><strong>uuo</strong></span> <span class='ocrx_word' id='word_1_14' title='bbox 518 705 668 770; x_wconf 87' lang='lat' dir='ltr'><strong>conlenlu</strong></span> <span class='ocrx_word' id='word_1_15' title='bbox 684 709 786 788; x_wconf 77' lang='lat' dir='ltr'><strong>Aegos</strong></span> <span class='ocrx_word' id='word_1_16' title='bbox 807 710 933 787; x_wconf 78' lang='lat' dir='ltr'><strong><em>potami</em></strong></span> <span class='ocrx_word' id='word_1_17' title='bbox 953 709 1124 790; x_wconf 79' lang='lat' dir='ltr'><strong>appellent.</strong></span> <span class='ocrx_word' id='word_1_18' title='bbox 1176 708 1341 770; x_wconf 72' lang='lat' dir='ltr'>Strabonis</span> 
     </span>
     <span class='ocr_line' id='line_1_4' title="bbox 303 806 1339 892; baseline -0.004 -22"><span class='ocrx_word' id='word_1_19' title='bbox 303 811 458 890; x_wconf 73' lang='lat' dir='ltr'><strong>interpres</strong></span> <span class='ocrx_word' id='word_1_20' title='bbox 491 809 525 868; x_wconf 90' lang='lat' dir='ltr'><strong>in</strong></span> <span class='ocrx_word' id='word_1_21' title='bbox 558 810 620 870; x_wconf 82' lang='lat' dir='ltr'><strong>ime</strong></span> <span class='ocrx_word' id='word_1_22' title='bbox 646 806 722 870; x_wconf 80' lang='lat' dir='ltr'><strong>sexti</strong></span> <span class='ocrx_word' id='word_1_23' title='bbox 749 811 862 870; x_wconf 79' lang='lat' dir='ltr'><strong>nolent</strong></span> <span class='ocrx_word' id='word_1_24' title='bbox 887 809 1028 870; x_wconf 79' lang='lat' dir='ltr'><strong>Plinium</strong></span> <span class='ocrx_word' id='word_1_25' title='bbox 1057 829 1093 870; x_wconf 88' lang='lat' dir='ltr'><strong>ac</strong></span> <span class='ocrx_word' id='word_1_26' title='bbox 1117 811 1339 892; x_wconf 86' lang='lat' dir='ltr'><strong>Pomponium</strong></span> 
     </span>
     <span class='ocr_line' id='line_1_5' title="bbox 303 905 1339 996; baseline -0.002 -25"><span class='ocrx_word' id='word_1_27' title='bbox 303 911 421 971; x_wconf 86' lang='lat' dir='ltr'><strong>imitari</strong></span> <span class='ocrx_word' id='word_1_28' title='bbox 444 905 716 996; x_wconf 72' lang='lat' dir='ltr'><strong>(lapraeflnvinm</strong></span> <span class='ocrx_word' id='word_1_29' title='bbox 730 912 838 992; x_wconf 85' lang='lat' dir='ltr'><strong>inepte</strong></span> <span class='ocrx_word' id='word_1_30' title='bbox 851 913 959 974; x_wconf 86' lang='lat' dir='ltr'><strong>vertit.</strong></span> <span class='ocrx_word' id='word_1_31' title='bbox 988 929 1187 972; x_wconf 76' lang='lat' dir='ltr'><strong>emmanue.</strong></span> <span class='ocrx_word' id='word_1_32' title='bbox 1236 910 1339 972; x_wconf 83' lang='lat' dir='ltr'><strong>Recte</strong></span> 
     </span>
     <span class='ocr_line' id='line_1_6' title="bbox 303 1011 1338 1096; baseline -0.001 -24"><span class='ocrx_word' id='word_1_33' title='bbox 303 1011 365 1074; x_wconf 91' lang='lat' dir='ltr'><strong>hoc</strong></span> <span class='ocrx_word' id='word_1_34' title='bbox 385 1011 527 1093; x_wconf 85' lang='lat' dir='ltr'><strong>quidem,</strong></span> <span class='ocrx_word' id='word_1_35' title='bbox 560 1011 579 1068; x_wconf 86' lang='lat' dir='ltr'><strong>fi</strong></span> <span class='ocrx_word' id='word_1_36' title='bbox 603 1012 738 1074; x_wconf 86' lang='lat' dir='ltr'><strong>Graecos</strong></span> <span class='ocrx_word' id='word_1_37' title='bbox 758 1014 877 1076; x_wconf 81' lang='lat' dir='ltr'><strong>audias.</strong></span> <span class='ocrx_word' id='word_1_38' title='bbox 928 1013 980 1074; x_wconf 91' lang='lat' dir='ltr'><strong>Sic</strong></span> <span class='ocrx_word' id='word_1_39' title='bbox 997 1026 1120 1096; x_wconf 89' lang='lat' dir='ltr'><strong>praeter</strong></span> <span class='ocrx_word' id='word_1_40' title='bbox 1138 1030 1338 1072; x_wconf 88' lang='lat' dir='ltr'><strong>commemo·</strong></span> 
     </span>
     <span class='ocr_line' id='line_1_7' title="bbox 302 1111 1339 1192; baseline -0.002 -19"><span class='ocrx_word' id='word_1_41' title='bbox 302 1126 386 1174; x_wconf 85' lang='lat' dir='ltr'><strong>ratus</strong></span> <span class='ocrx_word' id='word_1_42' title='bbox 408 1111 524 1192; x_wconf 82' lang='lat' dir='ltr'><strong>Polyb.</strong></span> <span class='ocrx_word' id='word_1_43' title='bbox 550 1134 579 1182; x_wconf 87' lang='lat' dir='ltr'><strong>r,</strong></span> <span class='ocrx_word' id='word_1_44' title='bbox 603 1115 637 1177; x_wconf 89' lang='lat'><strong>6.</strong></span> <span class='ocrx_word' id='word_1_45' title='bbox 660 1147 707 1160; x_wconf 97' lang='lat'><em>-</em></span> <span class='ocrx_word' id='word_1_46' title='bbox 751 1115 885 1176; x_wconf 88' lang='lat' dir='ltr'><strong>Diodor.</strong></span> <span class='ocrx_word' id='word_1_47' title='bbox 909 1116 971 1176; x_wconf 86' lang='lat' dir='ltr'><strong>Sic.</strong></span> <span class='ocrx_word' id='word_1_48' title='bbox 992 1129 1046 1191; x_wconf 74' lang='lat'><strong>15,</strong></span> <span class='ocrx_word' id='word_1_49' title='bbox 1069 1125 1155 1188; x_wconf 83' lang='lat'><strong>105.</strong></span> <span class='ocrx_word' id='word_1_50' title='bbox 1171 1115 1216 1174; x_wconf 88' lang='lat' dir='ltr'><strong>io.</strong></span> <span class='ocrx_word' id='word_1_51' title='bbox 1257 1112 1339 1172; x_wconf 91' lang='lat' dir='ltr'><strong>Pau·</strong></span> 
     </span>
     <span class='ocr_line' id='line_1_8' title="bbox 302 1211 1339 1297; baseline -0.001 -23"><span class='ocrx_word' id='word_1_52' title='bbox 302 1213 399 1276; x_wconf 84' lang='lat' dir='ltr'><strong>laniae</strong></span> <span class='ocrx_word' id='word_1_53' title='bbox 424 1227 455 1293; x_wconf 78' lang='lat'><strong>5,</strong></span> <span class='ocrx_word' id='word_1_54' title='bbox 480 1225 513 1290; x_wconf 83' lang='grc'><strong>8.</strong></span> <span class='ocrx_word' id='word_1_55' title='bbox 540 1214 663 1297; x_wconf 89' lang='lat' dir='ltr'><strong>aliique.</strong></span> <span class='ocrx_word' id='word_1_56' title='bbox 718 1215 863 1278; x_wconf 79' lang='lat' dir='ltr'><strong>Attamen</strong></span> <span class='ocrx_word' id='word_1_57' title='bbox 880 1235 939 1276; x_wconf 89' lang='lat' dir='ltr'><strong>nec</strong></span> <span class='ocrx_word' id='word_1_58' title='bbox 958 1213 1068 1278; x_wconf 75' lang='lat' dir='ltr'><strong>Gradci</strong></span> <span class='ocrx_word' id='word_1_59' title='bbox 1089 1214 1128 1274; x_wconf 82' lang='lat' dir='ltr'><strong>fic</strong></span> <span class='ocrx_word' id='word_1_60' title='bbox 1150 1211 1270 1296; x_wconf 81' lang='lat' dir='ltr'><strong>semper</strong></span> <span class='ocrx_word' id='word_1_61' title='bbox 1291 1215 1339 1273; x_wconf 92' lang='lat' dir='ltr'><strong>lo·</strong></span> 
     </span>
     <span class='ocr_line' id='line_1_9' title="bbox 302 1309 1338 1403; baseline 0.001 -29"><span class='ocrx_word' id='word_1_62' title='bbox 302 1331 464 1397; x_wconf 75' lang='lat' dir='ltr'><strong>quantur,</strong></span> <span class='ocrx_word' id='word_1_63' title='bbox 495 1317 543 1376; x_wconf 84' lang='lat' dir='ltr'><strong>uti</strong></span> <span class='ocrx_word' id='word_1_64' title='bbox 568 1317 603 1378; x_wconf 87' lang='lat' dir='ltr'><strong>iu</strong></span> <span class='ocrx_word' id='word_1_65' title='bbox 630 1317 757 1396; x_wconf 84' lang='lat' dir='ltr'><strong>Scylace</strong></span> <span class='ocrx_word' id='word_1_66' title='bbox 786 1339 817 1399; x_wconf 89' lang='lat' dir='ltr'><strong>p.</strong></span> <span class='ocrx_word' id='word_1_67' title='bbox 838 1329 894 1394; x_wconf 77' lang='lat'><strong>28.</strong></span> <span class='ocrx_word' id='word_1_68' title='bbox 918 1316 1017 1378; x_wconf 82' lang='lat' dir='ltr'><strong>liudi.</strong></span> <span class='ocrx_word' id='word_1_69' title='bbox 1049 1309 1146 1398; x_wconf 80' lang='grc' dir='ltr'>Αἰγὸς</span> <span class='ocrx_word' id='word_1_70' title='bbox 1175 1309 1338 1403; x_wconf 70' lang='grc' dir='ltr'><strong>ποταμός,</strong></span> 
     </span>
     <span class='ocr_line' id='line_1_10' title="bbox 300 1414 1337 1500; baseline -0.003 -22"><span class='ocrx_word' id='word_1_71' title='bbox 300 1417 359 1478; x_wconf 72' lang='lat' dir='ltr'><strong>nisi</strong></span> <span class='ocrx_word' id='word_1_72' title='bbox 381 1415 535 1478; x_wconf 85' lang='lat' dir='ltr'><strong>scribendi</strong></span> <span class='ocrx_word' id='word_1_73' title='bbox 559 1420 677 1480; x_wconf 77' lang='lat' dir='ltr'><strong>vitium</strong></span> <span class='ocrx_word' id='word_1_74' title='bbox 705 1419 774 1499; x_wconf 87' lang='lat' dir='ltr'><strong>quie</strong></span> <span class='ocrx_word' id='word_1_75' title='bbox 797 1431 917 1500; x_wconf 67' lang='lat' dir='ltr'><strong>putet,⁴</strong></span> <span class='ocrx_word' id='word_1_76' title='bbox 938 1419 985 1478; x_wconf 89' lang='lat' dir='ltr'><strong>uti</strong></span> <span class='ocrx_word' id='word_1_77' title='bbox 1007 1417 1088 1500; x_wconf 88' lang='lat' dir='ltr'><strong>apud</strong></span> <span class='ocrx_word' id='word_1_78' title='bbox 1119 1414 1275 1478; x_wconf 83' lang='lat' dir='ltr'><strong>Herodot.</strong></span> <span class='ocrx_word' id='word_1_79' title='bbox 1301 1433 1337 1494; x_wconf 85' lang='lat'><strong>9,</strong></span> 
     </span>
     <span class='ocr_line' id='line_1_11' title="bbox 307 1516 1338 1600; baseline -0.006 -18"><span class='ocrx_word' id='word_1_80' title='bbox 307 1529 388 1596; x_wconf 77' lang='lat'><strong>118.</strong></span> <span class='ocrx_word' id='word_1_81' title='bbox 421 1519 499 1578; x_wconf 89' lang='lat' dir='ltr'><strong>olim</strong></span> <span class='ocrx_word' id='word_1_82' title='bbox 522 1517 563 1580; x_wconf 86' lang='lat' dir='ltr'><strong>fic</strong></span> <span class='ocrx_word' id='word_1_83' title='bbox 586 1520 754 1590; x_wconf 83' lang='lat' dir='ltr'><strong>edebatur,</strong></span> <span class='ocrx_word' id='word_1_84' title='bbox 792 1520 877 1600; x_wconf 90' lang='lat' dir='ltr'><strong>quod</strong></span> <span class='ocrx_word' id='word_1_85' title='bbox 907 1519 1091 1581; x_wconf 76' lang='lat' dir='ltr'><strong>Gronovius</strong></span> <span class='ocrx_word' id='word_1_86' title='bbox 1115 1538 1154 1578; x_wconf 82' lang='lat' dir='ltr'><strong>ex</strong></span> <span class='ocrx_word' id='word_1_87' title='bbox 1184 1516 1276 1579; x_wconf 81' lang='lat' dir='ltr'><strong>MSS.</strong></span> <span class='ocrx_word' id='word_1_88' title='bbox 1296 1517 1338 1576; x_wconf 89' lang='lat' dir='ltr'><strong>ad</strong></span> 
     </span>
     <span class='ocr_line' id='line_1_12' title="bbox 302 1617 1338 1689; baseline -0.004 -7"><span class='ocrx_word' id='word_1_89' title='bbox 302 1637 512 1682; x_wconf 88' lang='lat' dir='ltr'><strong>communem</strong></span> <span class='ocrx_word' id='word_1_90' title='bbox 543 1621 676 1682; x_wconf 84' lang='lat' dir='ltr'><strong>aliorum</strong></span> <span class='ocrx_word' id='word_1_91' title='bbox 709 1619 844 1682; x_wconf 85' lang='lat' dir='ltr'><strong>formam</strong></span> <span class='ocrx_word' id='word_1_92' title='bbox 878 1619 1051 1682; x_wconf 83' lang='lat' dir='ltr'><strong>revocavit.</strong></span> <span class='ocrx_word' id='word_1_93' title='bbox 1122 1617 1186 1682; x_wconf 87' lang='lat' dir='ltr'><strong>Sed</strong></span> <span class='ocrx_word' id='word_1_94' title='bbox 1221 1617 1338 1689; x_wconf 85' lang='lat' dir='ltr'><strong>Latini,</strong></span> 
     </span>
     <span class='ocr_line' id='line_1_13' title="bbox 301 1713 1338 1807; baseline -0.002 -27"><span class='ocrx_word' id='word_1_95' title='bbox 301 1721 428 1804; x_wconf 85' lang='lat' dir='ltr'><strong>quando</strong></span> <span class='ocrx_word' id='word_1_96' title='bbox 452 1721 560 1781; x_wconf 88' lang='lat' dir='ltr'><strong>Latina</strong></span> <span class='ocrx_word' id='word_1_97' title='bbox 582 1743 660 1784; x_wconf 89' lang='lat' dir='ltr'><strong>voce</strong></span> <span class='ocrx_word' id='word_1_98' title='bbox 687 1723 749 1784; x_wconf 90' lang='lat' dir='ltr'><strong>hoc</strong></span> <span class='ocrx_word' id='word_1_99' title='bbox 768 1743 885 1784; x_wconf 87' lang='lat' dir='ltr'><strong>nomen</strong></span> <span class='ocrx_word' id='word_1_100' title='bbox 909 1724 1064 1798; x_wconf 82' lang='lat' dir='ltr'><strong>reddunt,</strong></span> <span class='ocrx_word' id='word_1_101' title='bbox 1096 1722 1199 1801; x_wconf 82' lang='lat' dir='ltr'><strong>Aegos</strong></span> <span class='ocrx_word' id='word_1_102' title='bbox 1210 1713 1338 1807; x_wconf 81' lang='lat' dir='ltr'><strong>flumen</strong></span> 
     </span>
     <span class='ocr_line' id='line_1_14' title="bbox 300 1820 1334 1905; baseline -0.001 -24"><span class='ocrx_word' id='word_1_103' title='bbox 300 1820 499 1904; x_wconf 84' lang='lat' dir='ltr'><strong>praeierunt,</strong></span> <span class='ocrx_word' id='word_1_104' title='bbox 537 1823 584 1882; x_wconf 91' lang='lat' dir='ltr'><strong>uti</strong></span> <span class='ocrx_word' id='word_1_105' title='bbox 610 1822 720 1905; x_wconf 80' lang='lat' dir='ltr'><strong>Nepos</strong></span> <span class='ocrx_word' id='word_1_106' title='bbox 746 1825 780 1884; x_wconf 92' lang='lat' dir='ltr'><strong>in</strong></span> <span class='ocrx_word' id='word_1_107' title='bbox 812 1823 970 1902; x_wconf 82' lang='lat' dir='ltr'><strong>Lysandro</strong></span> <span class='ocrx_word' id='word_1_108' title='bbox 993 1844 1020 1884; x_wconf 91' lang='lat' dir='ltr'><strong>c.</strong></span> <span class='ocrx_word' id='word_1_109' title='bbox 1044 1843 1073 1893; x_wconf 86' lang='lat' dir='ltr'><strong>r,</strong></span> <span class='ocrx_word' id='word_1_110' title='bbox 1095 1833 1131 1901; x_wconf 77' lang='lat'><strong>4.</strong></span> <span class='ocrx_word' id='word_1_111' title='bbox 1174 1821 1208 1880; x_wconf 91' lang='lat' dir='ltr'><strong>in</strong></span> <span class='ocrx_word' id='word_1_112' title='bbox 1230 1821 1334 1882; x_wconf 88' lang='lat' dir='ltr'><strong>Alcib.</strong></span> 
     </span>
     <span class='ocr_line' id='line_1_15' title="bbox 300 1921 1336 2004; baseline -0.001 -21"><span class='ocrx_word' id='word_1_113' title='bbox 300 1935 379 1999; x_wconf 74' lang='lat' dir='ltr'><strong>og.</strong></span> <span class='ocrx_word' id='word_1_114' title='bbox 400 1923 445 1984; x_wconf 90' lang='lat' dir='ltr'><strong>in.</strong></span> <span class='ocrx_word' id='word_1_115' title='bbox 478 1923 511 1982; x_wconf 91' lang='lat' dir='ltr'><strong>in</strong></span> <span class='ocrx_word' id='word_1_116' title='bbox 528 1922 664 1986; x_wconf 86' lang='lat' dir='ltr'><strong>Conone</strong></span> <span class='ocrx_word' id='word_1_117' title='bbox 689 1945 719 1994; x_wconf 87' lang='lat' dir='ltr'><strong>r,</strong></span> <span class='ocrx_word' id='word_1_118' title='bbox 742 1940 774 1986; x_wconf 73' lang='grc' dir='ltr'><strong>Ω.</strong></span> <span class='ocrx_word' id='word_1_119' title='bbox 813 1925 934 1986; x_wconf 81' lang='lat' dir='ltr'><strong>Plinius</strong></span> <span class='ocrx_word' id='word_1_120' title='bbox 954 1941 984 1994; x_wconf 76' lang='lat' dir='ltr'><strong>a,</strong></span> <span class='ocrx_word' id='word_1_121' title='bbox 1009 1921 1181 2004; x_wconf 78' lang='lat' dir='ltr'><strong>59.s.58.</strong></span> <span class='ocrx_word' id='word_1_122' title='bbox 1215 1931 1250 2001; x_wconf 79' lang='grc'><strong>4,</strong></span> <span class='ocrx_word' id='word_1_123' title='bbox 1279 1934 1336 1998; x_wconf 75' lang='lat'><strong>18.</strong></span> 
     </span>
     <span class='ocr_line' id='line_1_16' title="bbox 301 2017 1337 2107; baseline -0.001 -21"><span class='ocrx_word' id='word_1_124' title='bbox 301 2017 323 2086; x_wconf 83' lang='lat' dir='ltr'><strong>i.</strong></span> <span class='ocrx_word' id='word_1_125' title='bbox 348 2045 402 2086; x_wconf 84' lang='grc' dir='ltr'><strong>ιι.</strong></span> <span class='ocrx_word' id='word_1_126' title='bbox 428 2021 552 2085; x_wconf 89' lang='lat' dir='ltr'><strong>diverlo</strong></span> <span class='ocrx_word' id='word_1_127' title='bbox 576 2027 697 2088; x_wconf 87' lang='lat' dir='ltr'><strong>ordine.</strong></span> <span class='ocrx_word' id='word_1_128' title='bbox 750 2027 822 2088; x_wconf 83' lang='lat' dir='ltr'><strong>Viri.</strong></span> <span class='ocrx_word' id='word_1_129' title='bbox 841 2025 1049 2107; x_wconf 85' lang='lat' dir='ltr'><strong>Oudendorp.</strong></span> <span class='ocrx_word' id='word_1_130' title='bbox 1071 2025 1109 2086; x_wconf 91' lang='lat' dir='ltr'><strong>ad</strong></span> <span class='ocrx_word' id='word_1_131' title='bbox 1131 2024 1277 2088; x_wconf 85' lang='lat' dir='ltr'><strong>Frontin.</strong></span> <span class='ocrx_word' id='word_1_132' title='bbox 1305 2041 1337 2094; x_wconf 80' lang='lat' dir='ltr'><strong>a,</strong></span> 
     </span>
     <span class='ocr_line' id='line_1_17' title="bbox 305 2125 1338 2208; baseline -0.004 -18"><span class='ocrx_word' id='word_1_133' title='bbox 305 2144 336 2196; x_wconf 83' lang='lat'><strong>1,</strong></span> <span class='ocrx_word' id='word_1_134' title='bbox 364 2137 418 2203; x_wconf 85' lang='lat'><strong>¹8·</strong></span> <span class='ocrx_word' id='word_1_135' title='bbox 452 2139 486 2186; x_wconf 86' lang='lat' dir='ltr'><strong>et</strong></span> <span class='ocrx_word' id='word_1_136' title='bbox 508 2127 659 2188; x_wconf 82' lang='lat' dir='ltr'><strong>Staveren</strong></span> <span class='ocrx_word' id='word_1_137' title='bbox 685 2127 718 2187; x_wconf 89' lang='lat' dir='ltr'><strong>in</strong></span> <span class='ocrx_word' id='word_1_138' title='bbox 741 2127 847 2190; x_wconf 89' lang='lat' dir='ltr'><strong>indice</strong></span> <span class='ocrx_word' id='word_1_139' title='bbox 864 2127 1001 2208; x_wconf 78' lang='lat' dir='ltr'><strong>Nepotis</strong></span> <span class='ocrx_word' id='word_1_140' title='bbox 1023 2128 1055 2188; x_wconf 93' lang='lat' dir='ltr'><strong>h.</strong></span> <span class='ocrx_word' id='word_1_141' title='bbox 1081 2147 1113 2188; x_wconf 83' lang='lat' dir='ltr'><strong>v.</strong></span> <span class='ocrx_word' id='word_1_142' title='bbox 1166 2125 1275 2208; x_wconf 87' lang='lat' dir='ltr'><strong>Quare</strong></span> <span class='ocrx_word' id='word_1_143' title='bbox 1300 2126 1338 2186; x_wconf 90' lang='lat' dir='ltr'><strong>in</strong></span> 
     </span>
     <span class='ocr_line' id='line_1_18' title="bbox 299 2225 1382 2297; baseline -0.001 -10"><span class='ocrx_word' id='word_1_144' title='bbox 299 2225 405 2288; x_wconf 79' lang='lat' dir='ltr'><strong>nostro</strong></span> <span class='ocrx_word' id='word_1_145' title='bbox 427 2241 493 2286; x_wconf 85' lang='lat' dir='ltr'><strong>non</strong></span> <span class='ocrx_word' id='word_1_146' title='bbox 518 2239 582 2287; x_wconf 86' lang='lat' dir='ltr'><strong>erat</strong></span> <span class='ocrx_word' id='word_1_147' title='bbox 604 2226 812 2288; x_wconf 88' lang='lat' dir='ltr'><strong>lacellendum</strong></span> <span class='ocrx_word' id='word_1_148' title='bbox 835 2243 890 2294; x_wconf 83' lang='lat' dir='ltr'><strong>aut</strong></span> <span class='ocrx_word' id='word_1_149' title='bbox 912 2228 1168 2297; x_wconf 87' lang='lat' dir='ltr'><strong>emendandum,</strong></span> <span class='ocrx_word' id='word_1_150' title='bbox 1197 2226 1274 2288; x_wconf 86' lang='lat' dir='ltr'><strong>licet</strong></span> <span class='ocrx_word' id='word_1_151' title='bbox 1298 2246 1338 2288; x_wconf 84' lang='lat' dir='ltr'><strong>ex</strong></span> <span class='ocrx_word' id='word_1_152' title='bbox 1381 2239 1382 2246; x_wconf 75' lang='grc'>’</span> 
     </span>
     <span class='ocr_line' id='line_1_19' title="bbox 303 2317 1338 2426; baseline 0 -38"><span class='ocrx_word' id='word_1_153' title='bbox 303 2327 472 2388; x_wconf 84' lang='lat' dir='ltr'><strong>Ammiano</strong></span> <span class='ocrx_word' id='word_1_154' title='bbox 494 2326 668 2408; x_wconf 82' lang='lat' dir='ltr'><strong>proferatur</strong></span> <span class='ocrx_word' id='word_1_155' title='bbox 689 2331 789 2410; x_wconf 81' lang='lat' dir='ltr'><strong>Argos</strong></span> <span class='ocrx_word' id='word_1_156' title='bbox 802 2341 965 2426; x_wconf 79' lang='lat' dir='ltr'><strong>potamos.</strong></span> <span class='ocrx_word' id='word_1_157' title='bbox 989 2328 1043 2388; x_wconf 85' lang='lat' dir='ltr'><strong>uin</strong></span> <span class='ocrx_word' id='word_1_158' title='bbox 1062 2348 1179 2410; x_wconf 88' lang='lat' dir='ltr'><strong>nempe</strong></span> <span class='ocrx_word' id='word_1_159' title='bbox 1194 2341 1226 2388; x_wconf 87' lang='lat' dir='ltr'><strong>et</strong></span> <span class='ocrx_word' id='word_1_160' title='bbox 1241 2317 1338 2388; x_wconf 81' lang='lat' dir='ltr'><strong>voca·</strong></span> 
     </span>
     <span class='ocr_line' id='line_1_20' title="bbox 299 2425 1338 2492; baseline 0.004 -6"><span class='ocrx_word' id='word_1_161' title='bbox 299 2425 376 2487; x_wconf 89' lang='lat' dir='ltr'><strong>bulo</strong></span> <span class='ocrx_word' id='word_1_162' title='bbox 399 2427 528 2490; x_wconf 87' lang='lat' dir='ltr'><strong>Graeco.</strong></span> <span class='ocrx_word' id='word_1_163' title='bbox 580 2429 622 2489; x_wconf 86' lang='lat' dir='ltr'><strong>Et</strong></span> <span class='ocrx_word' id='word_1_164' title='bbox 642 2429 682 2490; x_wconf 86' lang='lat' dir='ltr'><strong>fic</strong></span> <span class='ocrx_word' id='word_1_165' title='bbox 699 2427 763 2492; x_wconf 85' lang='lat' dir='ltr'><strong>iere</strong></span> <span class='ocrx_word' id='word_1_166' title='bbox 784 2450 896 2492; x_wconf 87' lang='lat' dir='ltr'><strong>omnea</strong></span> <span class='ocrx_word' id='word_1_167' title='bbox 914 2431 1003 2492; x_wconf 86' lang='lat' dir='ltr'><strong>MSS.</strong></span> <span class='ocrx_word' id='word_1_168' title='bbox 1022 2429 1096 2492; x_wconf 86' lang='lat' dir='ltr'><strong>telle</strong></span> <span class='ocrx_word' id='word_1_169' title='bbox 1111 2427 1277 2489; x_wconf 80' lang='lat' dir='ltr'><strong>Tennolio</strong></span> <span class='ocrx_word' id='word_1_170' title='bbox 1303 2443 1338 2490; x_wconf 91' lang='lat' dir='ltr'><strong>et</strong></span> 
     </span>
     <span class='ocr_line' id='line_1_21' title="bbox 300 2527 1335 2611; baseline 0 -21"><span class='ocrx_word' id='word_1_171' title='bbox 300 2527 532 2608; x_wconf 85' lang='lat' dir='ltr'><strong>Oudendorpio</strong></span> <span class='ocrx_word' id='word_1_172' title='bbox 554 2531 636 2611; x_wconf 88' lang='lat' dir='ltr'><strong>apud</strong></span> <span class='ocrx_word' id='word_1_173' title='bbox 661 2531 851 2592; x_wconf 79' lang='lat' dir='ltr'><strong>Frontinum</strong></span> <span class='ocrx_word' id='word_1_174' title='bbox 872 2553 898 2593; x_wconf 90' lang='lat' dir='ltr'><strong>c.</strong></span> <span class='ocrx_word' id='word_1_175' title='bbox 920 2532 945 2594; x_wconf 85' lang='lat' dir='ltr'><strong>l.·</strong></span> <span class='ocrx_word' id='word_1_176' title='bbox 975 2533 1031 2611; x_wconf 86' lang='lat' dir='ltr'><strong>qni</strong></span> <span class='ocrx_word' id='word_1_177' title='bbox 1052 2531 1161 2599; x_wconf 86' lang='lat' dir='ltr'><strong>docet,</strong></span> <span class='ocrx_word' id='word_1_178' title='bbox 1194 2531 1335 2590; x_wconf 86' lang='lat' dir='ltr'><strong>aliorum</strong></span> 
     </span>
     <span class='ocr_line' id='line_1_22' title="bbox 298 2629 1338 2715; baseline -0.001 -24"><span class='ocrx_word' id='word_1_179' title='bbox 298 2629 376 2691; x_wconf 89' lang='lat' dir='ltr'><strong>olim</strong></span> <span class='ocrx_word' id='word_1_180' title='bbox 392 2629 536 2710; x_wconf 86' lang='lat' dir='ltr'><strong>exempla</strong></span> <span class='ocrx_word' id='word_1_181' title='bbox 557 2634 596 2692; x_wconf 88' lang='lat' dir='ltr'><strong>de</strong></span> <span class='ocrx_word' id='word_1_182' title='bbox 618 2631 762 2715; x_wconf 81' lang='lat' dir='ltr'><strong>lingulori</strong></span> <span class='ocrx_word' id='word_1_183' title='bbox 779 2632 897 2694; x_wconf 87' lang='lat' dir='ltr'><strong>Graeco</strong></span> <span class='ocrx_word' id='word_1_184' title='bbox 921 2645 1067 2712; x_wconf 86' lang='lat' dir='ltr'><strong>corrupta</strong></span> <span class='ocrx_word' id='word_1_185' title='bbox 1087 2644 1119 2692; x_wconf 86' lang='lat' dir='ltr'><strong>et</strong></span> <span class='ocrx_word' id='word_1_186' title='bbox 1140 2632 1201 2690; x_wconf 90' lang='lat' dir='ltr'><strong>iam</strong></span> <span class='ocrx_word' id='word_1_187' title='bbox 1224 2651 1338 2692; x_wconf 88' lang='lat' dir='ltr'><strong>emen·</strong></span> 
     </span>
     <span class='ocr_line' id='line_1_23' title="bbox 298 2729 1336 2814; baseline 0.002 -24"><span class='ocrx_word' id='word_1_188' title='bbox 298 2729 369 2791; x_wconf 86' lang='lat' dir='ltr'><strong>data</strong></span> <span class='ocrx_word' id='word_1_189' title='bbox 392 2729 462 2800; x_wconf 88' lang='lat' dir='ltr'><strong>elle,</strong></span> <span class='ocrx_word' id='word_1_190' title='bbox 494 2731 547 2792; x_wconf 81' lang='lat' dir='ltr'><strong>vel</strong></span> <span class='ocrx_word' id='word_1_191' title='bbox 566 2733 773 2800; x_wconf 85' lang='lat' dir='ltr'><strong>emendanda,</strong></span> <span class='ocrx_word' id='word_1_192' title='bbox 800 2747 836 2794; x_wconf 90' lang='lat' dir='ltr'><strong>ut</strong></span> <span class='ocrx_word' id='word_1_193' title='bbox 855 2736 889 2794; x_wconf 90' lang='lat' dir='ltr'><strong>in</strong></span> <span class='ocrx_word' id='word_1_194' title='bbox 907 2734 1034 2814; x_wconf 83' lang='lat' dir='ltr'><strong>Scylace</strong></span> <span class='ocrx_word' id='word_1_195' title='bbox 1051 2753 1077 2796; x_wconf 93' lang='lat' dir='ltr'><strong>c.</strong></span> <span class='ocrx_word' id='word_1_196' title='bbox 1100 2733 1122 2794; x_wconf 89' lang='lat' dir='ltr'><strong>l.</strong></span> <span class='ocrx_word' id='word_1_197' title='bbox 1148 2733 1237 2793; x_wconf 71' lang='lat' dir='ltr'><strong>illem</strong></span> <span class='ocrx_word' id='word_1_198' title='bbox 1255 2733 1336 2794; x_wconf 90' lang='lat' dir='ltr'><strong>Pin·</strong></span> 
     </span>
     <span class='ocr_line' id='line_1_24' title="bbox 297 2831 854 2904; baseline 0.022 -12"><span class='ocrx_word' id='word_1_199' title='bbox 297 2831 377 2892; x_wconf 89' lang='lat' dir='ltr'><strong>tiani</strong></span> <span class='ocrx_word' id='word_1_200' title='bbox 398 2833 658 2896; x_wconf 87' lang='lat' dir='ltr'><strong>emendationem</strong></span> <span class='ocrx_word' id='word_1_201' title='bbox 679 2836 854 2904; x_wconf 81' lang='lat' dir='ltr'><strong>convincit.</strong></span> 
     </span>
    </p>
   </div>
   <div class='ocr_carea' id='block_1_3' title="bbox 295 3027 1337 4026">
    <p class='ocr_par' dir='ltr' id='par_1_3' title="bbox 295 3027 1337 4026">
     <span class='ocr_line' id='line_1_25' title="bbox 373 3027 1337 3128; baseline 0 -31"><span class='ocrx_word' id='word_1_202' title='bbox 373 3027 544 3126; x_wconf 82' lang='lat' dir='ltr'><strong>insigne.</strong></span> <span class='ocrx_word' id='word_1_203' title='bbox 580 3036 677 3128; x_wconf 82' lang='lat' dir='ltr'><strong>Est)</strong></span> <span class='ocrx_word' id='word_1_204' title='bbox 725 3041 808 3104; x_wconf 89' lang='lat' dir='ltr'><strong>Edd.</strong></span> <span class='ocrx_word' id='word_1_205' title='bbox 828 3053 883 3120; x_wconf 79' lang='lat'><strong>13.</strong></span> <span class='ocrx_word' id='word_1_206' title='bbox 902 3055 959 3101; x_wconf 73' lang='lat'><strong>20.</strong></span> <span class='ocrx_word' id='word_1_207' title='bbox 977 3035 1031 3126; x_wconf 79' lang='lat' dir='ltr'><strong>est.</strong></span> <span class='ocrx_word' id='word_1_208' title='bbox 1054 3049 1086 3096; x_wconf 82' lang='lat' dir='ltr'><strong>et</strong></span> <span class='ocrx_word' id='word_1_209' title='bbox 1106 3033 1216 3118; x_wconf 77' lang='lat' dir='ltr'><strong>Abydo</strong></span> <span class='ocrx_word' id='word_1_210' title='bbox 1235 3055 1337 3116; x_wconf 83' lang='lat' dir='ltr'><strong>prava</strong></span> 
     </span>
     <span class='ocr_line' id='line_1_26' title="bbox 298 3134 1335 3228; baseline 0.003 -32"><span class='ocrx_word' id='word_1_211' title='bbox 298 3134 514 3208; x_wconf 81' lang='lat' dir='ltr'><strong>distinctione,</strong></span> <span class='ocrx_word' id='word_1_212' title='bbox 547 3151 585 3198; x_wconf 89' lang='lat' dir='ltr'><strong>ut</strong></span> <span class='ocrx_word' id='word_1_213' title='bbox 608 3137 696 3220; x_wconf 80' lang='lat' dir='ltr'><strong>supra</strong></span> <span class='ocrx_word' id='word_1_214' title='bbox 716 3141 790 3200; x_wconf 90' lang='lat' dir='ltr'><strong>libri</strong></span> <span class='ocrx_word' id='word_1_215' title='bbox 811 3141 916 3202; x_wconf 89' lang='lat' dir='ltr'><strong>multi.</strong></span> <span class='ocrx_word' id='word_1_216' title='bbox 967 3139 1104 3199; x_wconf 88' lang='lat' dir='ltr'><strong>Vindob.</strong></span> <span class='ocrx_word' id='word_1_217' title='bbox 1131 3137 1253 3197; x_wconf 89' lang='lat' dir='ltr'><strong>omittit</strong></span> <span class='ocrx_word' id='word_1_218' title='bbox 1277 3137 1335 3228; x_wconf 69' lang='lat' dir='ltr'><strong>ss.</strong></span> 
     </span>
     <span class='ocr_line' id='line_1_27' title="bbox 296 3235 1336 3321; baseline 0 -23"><span class='ocrx_word' id='word_1_219' title='bbox 296 3235 388 3320; x_wconf 80' lang='lat' dir='ltr'><strong>Prag.</strong></span> <span class='ocrx_word' id='word_1_220' title='bbox 407 3239 501 3296; x_wconf 80' lang='lat' dir='ltr'><strong>etiam</strong></span> <span class='ocrx_word' id='word_1_221' title='bbox 520 3237 641 3311; x_wconf 64' lang='lat' dir='ltr'><strong>Attum</strong></span> <span class='ocrx_word' id='word_1_222' title='bbox 668 3240 752 3303; x_wconf 89' lang='lat' dir='ltr'><strong>Gud.</strong></span> <span class='ocrx_word' id='word_1_223' title='bbox 775 3240 881 3302; x_wconf 82' lang='lat' dir='ltr'><strong>abido.</strong></span> <span class='ocrx_word' id='word_1_224' title='bbox 932 3239 1022 3300; x_wconf 91' lang='lat' dir='ltr'><strong>ldern</strong></span> <span class='ocrx_word' id='word_1_225' title='bbox 1039 3253 1070 3299; x_wconf 89' lang='lat' dir='ltr'><strong>et</strong></span> <span class='ocrx_word' id='word_1_226' title='bbox 1086 3239 1176 3321; x_wconf 80' lang='lat' dir='ltr'><strong>Prag.</strong></span> <span class='ocrx_word' id='word_1_227' title='bbox 1195 3239 1336 3309; x_wconf 62' lang='lat' dir='ltr'><strong>Sextou</strong></span> 
     </span>
     <span class='ocr_line' id='line_1_28' title="bbox 296 3329 1335 3432; baseline 0.003 -36"><span class='ocrx_word' id='word_1_228' title='bbox 296 3336 395 3398; x_wconf 86' lang='lat' dir='ltr'><strong>Vatic.</strong></span> <span class='ocrx_word' id='word_1_229' title='bbox 419 3349 450 3394; x_wconf 81' lang='lat' dir='ltr'><strong>et</strong></span> <span class='ocrx_word' id='word_1_230' title='bbox 465 3337 578 3429; x_wconf 81' lang='lat' dir='ltr'><strong>Sestos.</strong></span> <span class='ocrx_word' id='word_1_231' title='bbox 618 3339 700 3402; x_wconf 87' lang='lat' dir='ltr'><strong>Edd.</strong></span> <span class='ocrx_word' id='word_1_232' title='bbox 718 3355 750 3416; x_wconf 90' lang='lat'><strong>7.</strong></span> <span class='ocrx_word' id='word_1_233' title='bbox 768 3352 800 3418; x_wconf 79' lang='lat'><strong>3.</strong></span> <span class='ocrx_word' id='word_1_234' title='bbox 816 3333 934 3432; x_wconf 80' lang='lat' dir='ltr'><strong>festos.</strong></span> <span class='ocrx_word' id='word_1_235' title='bbox 972 3338 1065 3400; x_wconf 81' lang='lat' dir='ltr'><strong>Paris.</strong></span> <span class='ocrx_word' id='word_1_236' title='bbox 1088 3359 1116 3400; x_wconf 86' lang='lat' dir='ltr'><strong>t.</strong></span> <span class='ocrx_word' id='word_1_237' title='bbox 1136 3329 1281 3398; x_wconf 79' lang='lat' dir='ltr'><strong>obiacens</strong></span> <span class='ocrx_word' id='word_1_238' title='bbox 1302 3351 1335 3399; x_wconf 82' lang='lat' dir='ltr'><strong>et</strong></span> 
     </span>
     <span class='ocr_line' id='line_1_29' title="bbox 297 3433 1330 3529; baseline 0.003 -32"><span class='ocrx_word' id='word_1_239' title='bbox 297 3435 418 3529; x_wconf 70' lang='lat' dir='ltr'><strong>sarstos</strong></span> <span class='ocrx_word' id='word_1_240' title='bbox 434 3437 576 3499; x_wconf 83' lang='lat' dir='ltr'><strong>Leandri</strong></span> <span class='ocrx_word' id='word_1_241' title='bbox 594 3442 716 3500; x_wconf 85' lang='lat' dir='ltr'><strong>nomine</strong></span> <span class='ocrx_word' id='word_1_242' title='bbox 735 3441 901 3520; x_wconf 81' lang='lat' dir='ltr'><strong>pernobile.</strong></span> <span class='ocrx_word' id='word_1_243' title='bbox 935 3443 1024 3500; x_wconf 90' lang='lat' dir='ltr'><strong>Tum</strong></span> <span class='ocrx_word' id='word_1_244' title='bbox 1043 3433 1275 3521; x_wconf 80' lang='lat' dir='ltr'><strong>praeter&#39;Paril.</strong></span> <span class='ocrx_word' id='word_1_245' title='bbox 1300 3461 1330 3500; x_wconf 89' lang='lat'><strong>1.</strong></span> 
     </span>
     <span class='ocr_line' id='line_1_30' title="bbox 295 3536 1331 3623; baseline 0.001 -22"><span class='ocrx_word' id='word_1_246' title='bbox 295 3541 392 3601; x_wconf 86' lang='lat' dir='ltr'><strong>etiarn</strong></span> <span class='ocrx_word' id='word_1_247' title='bbox 407 3536 503 3602; x_wconf 85' lang='lat' dir='ltr'><strong>Parii.</strong></span> <span class='ocrx_word' id='word_1_248' title='bbox 522 3554 556 3601; x_wconf 81' lang='lat'><strong>2.</strong></span> <span class='ocrx_word' id='word_1_249' title='bbox 580 3540 617 3602; x_wconf 92' lang='lat' dir='ltr'><strong>A.</strong></span> <span class='ocrx_word' id='word_1_250' title='bbox 637 3539 794 3603; x_wconf 85' lang='lat' dir='ltr'><strong>Gronovii</strong></span> <span class='ocrx_word' id='word_1_251' title='bbox 809 3543 898 3604; x_wconf 87' lang='lat' dir='ltr'><strong>MSS.</strong></span> <span class='ocrx_word' id='word_1_252' title='bbox 917 3541 1066 3623; x_wconf 83' lang='lat' dir='ltr'><strong>quinque,</strong></span> <span class='ocrx_word' id='word_1_253' title='bbox 1093 3539 1201 3603; x_wconf 88' lang='lat' dir='ltr'><strong>Cibin.</strong></span> <span class='ocrx_word' id='word_1_254' title='bbox 1226 3541 1331 3602; x_wconf 84' lang='lat' dir='ltr'><strong>Vatic.</strong></span> 
     </span>
     <span class='ocr_line' id='line_1_31' title="bbox 295 3639 1331 3728; baseline 0.003 -29"><span class='ocrx_word' id='word_1_255' title='bbox 295 3639 380 3721; x_wconf 87' lang='lat' dir='ltr'><strong>Lipl.</strong></span> <span class='ocrx_word' id='word_1_256' title='bbox 411 3639 494 3702; x_wconf 87' lang='lat' dir='ltr'><strong>Gud.</strong></span> <span class='ocrx_word' id='word_1_257' title='bbox 526 3639 619 3726; x_wconf 82' lang='lat' dir='ltr'><strong>Prag.</strong></span> <span class='ocrx_word' id='word_1_258' title='bbox 648 3642 820 3728; x_wconf 75' lang='lat' dir='ltr'><strong>RehdIger.</strong></span> <span class='ocrx_word' id='word_1_259' title='bbox 851 3640 1024 3722; x_wconf 78' lang='lat' dir='ltr'><strong>perrtodile,·</strong></span> <span class='ocrx_word' id='word_1_260' title='bbox 1063 3641 1154 3725; x_wconf 85' lang='lat' dir='ltr'><strong>Prag.</strong></span> <span class='ocrx_word' id='word_1_261' title='bbox 1179 3639 1276 3703; x_wconf 83' lang='lat' dir='ltr'><strong>Paris.</strong></span> <span class='ocrx_word' id='word_1_262' title='bbox 1298 3659 1331 3704; x_wconf 85' lang='lat'><strong>2.</strong></span> 
     </span>
     <span class='ocr_line' id='line_1_32' title="bbox 295 3739 1331 3837; baseline -0.003 -35"><span class='ocrx_word' id='word_1_263' title='bbox 295 3739 467 3802; x_wconf 75' lang='lat' dir='ltr'><strong>fabricium</strong></span> <span class='ocrx_word' id='word_1_264' title='bbox 490 3742 584 3803; x_wconf 88' lang='lat' dir='ltr'><strong>etiam</strong></span> <span class='ocrx_word' id='word_1_265' title='bbox 610 3741 664 3837; x_wconf 85' lang='lat' dir='ltr'><strong>est.</strong></span> <span class='ocrx_word' id='word_1_266' title='bbox 686 3745 768 3834; x_wconf 60' lang='lat' dir='ltr'><strong>Est,</strong></span> <span class='ocrx_word' id='word_1_267' title='bbox 799 3760 893 3825; x_wconf 88' lang='lat' dir='ltr'><strong>atque</strong></span> <span class='ocrx_word' id='word_1_268' title='bbox 925 3744 1012 3825; x_wconf 89' lang='lat' dir='ltr'><strong>prior</strong></span> <span class='ocrx_word' id='word_1_269' title='bbox 1044 3757 1199 3825; x_wconf 86' lang='lat' dir='ltr'><strong>praeterea</strong></span> <span class='ocrx_word' id='word_1_270' title='bbox 1230 3743 1331 3802; x_wconf 78' lang='lat' dir='ltr'><strong>etiam</strong></span> 
     </span>
     <span class='ocr_line' id='line_1_33' title="bbox 295 3843 1331 3928; baseline -0.003 -25"><span class='ocrx_word' id='word_1_271' title='bbox 295 3845 390 3922; x_wconf 77' lang='lat' dir='ltr'><strong>regio.</strong></span> <span class='ocrx_word' id='word_1_272' title='bbox 441 3844 572 3928; x_wconf 82' lang='lat' dir='ltr'><strong>Vulgata</strong></span> <span class='ocrx_word' id='word_1_273' title='bbox 597 3845 710 3907; x_wconf 79' lang='lat' dir='ltr'><strong>melius</strong></span> <span class='ocrx_word' id='word_1_274' title='bbox 740 3846 854 3908; x_wconf 89' lang='lat' dir='ltr'><strong>babere</strong></span> <span class='ocrx_word' id='word_1_275' title='bbox 879 3845 1021 3914; x_wconf 83' lang='lat' dir='ltr'><strong>videtur,</strong></span> <span class='ocrx_word' id='word_1_276' title='bbox 1062 3865 1157 3926; x_wconf 86' lang='lat' dir='ltr'><strong>quam</strong></span> <span class='ocrx_word' id='word_1_277' title='bbox 1183 3856 1216 3904; x_wconf 87' lang='lat' dir='ltr'><strong>et</strong></span> <span class='ocrx_word' id='word_1_278' title='bbox 1240 3843 1331 3902; x_wconf 88' lang='lat' dir='ltr'><strong>exhi·</strong></span> 
     </span>
     <span class='ocr_line' id='line_1_34' title="bbox 295 3944 1329 4026; baseline -0.005 -19"><span class='ocrx_word' id='word_1_279' title='bbox 295 3947 374 4010; x_wconf 86' lang='lat' dir='ltr'><strong>bent</strong></span> <span class='ocrx_word' id='word_1_280' title='bbox 396 3945 523 4026; x_wconf 84' lang='lat' dir='ltr'><strong>qnidam</strong></span> <span class='ocrx_word' id='word_1_281' title='bbox 548 3948 599 4008; x_wconf 87' lang='lat' dir='ltr'><strong>alii</strong></span> <span class='ocrx_word' id='word_1_282' title='bbox 631 3947 722 4010; x_wconf 87' lang='lat' dir='ltr'><strong>llllSS.</strong></span> <span class='ocrx_word' id='word_1_283' title='bbox 758 3961 791 4008; x_wconf 91' lang='lat' dir='ltr'><strong>et</strong></span> <span class='ocrx_word' id='word_1_284' title='bbox 816 3947 973 4008; x_wconf 81' lang='lat' dir='ltr'><strong>erlitionee</strong></span> <span class='ocrx_word' id='word_1_285' title='bbox 999 3965 1122 4006; x_wconf 86' lang='lat' dir='ltr'><strong>omnes.</strong></span> <span class='ocrx_word' id='word_1_286' title='bbox 1184 3945 1222 4005; x_wconf 91' lang='lat' dir='ltr'><strong>A.</strong></span> <span class='ocrx_word' id='word_1_287' title='bbox 1248 3944 1329 4003; x_wconf 86' lang='lat' dir='ltr'><strong>Gro-</strong></span> 
     </span>
    </p>
   </div>
   <div class='ocr_carea' id='block_1_4' title="bbox 183 4045 1331 4133">
    <p class='ocr_par' dir='ltr' id='par_1_4' title="bbox 183 4045 1331 4133">
     <span class='ocr_line' id='line_1_35' title="bbox 183 4045 1331 4133; baseline -0.007 -21"><span class='ocrx_word' id='word_1_288' title='bbox 183 4065 185 4078; x_wconf 77' lang='grc'>’</span> <span class='ocrx_word' id='word_1_289' title='bbox 294 4049 413 4112; x_wconf 82' lang='lat' dir='ltr'><strong>novior</strong></span> <span class='ocrx_word' id='word_1_290' title='bbox 430 4045 641 4132; x_wconf 81' lang='lat' dir='ltr'><strong>subplend‘um</strong></span> <span class='ocrx_word' id='word_1_291' title='bbox 660 4061 751 4133; x_wconf 89' lang='lat' dir='ltr'><strong>putat</strong></span> <span class='ocrx_word' id='word_1_292' title='bbox 771 4046 942 4130; x_wconf 66' lang='lat' dir='ltr'><strong>oppidum</strong></span> <span class='ocrx_word' id='word_1_293' title='bbox 969 4047 1071 4110; x_wconf 90' lang='lat' dir='ltr'><strong>immo</strong></span> <span class='ocrx_word' id='word_1_294' title='bbox 1093 4047 1218 4128; x_wconf 87' lang='lat' dir='ltr'><strong>decepit</strong></span> <span class='ocrx_word' id='word_1_295' title='bbox 1235 4045 1331 4105; x_wconf 89' lang='lat' dir='ltr'><strong>libra·</strong></span> 
     </span>
    </p>
   </div>
   <div class='ocr_carea' id='block_1_5' title="bbox 0 0 1400 4940">
    <p class='ocr_par' dir='ltr' id='par_1_5' title="bbox 0 0 1400 4940">
     <span class='ocr_line' id='line_1_36' title="bbox 0 0 1400 4940; baseline 0 3"><span class='ocrx_word' id='word_1_296' title='bbox 0 0 1400 4940; x_wconf 95' lang='lat' dir='ltr'><strong> </strong></span> 
     </span>
    </p>
   </div>
  </div>
 </body>
</html>
