<?xml version="1.0" encoding="UTF-8"?>
<!DOCTYPE html PUBLIC "-//W3C//DTD XHTML 1.0 Transitional//EN"
    "http://www.w3.org/TR/xhtml1/DTD/xhtml1-transitional.dtd">
<html xmlns="http://www.w3.org/1999/xhtml" xml:lang="en" lang="en">
 <head>
  <title>
</title>
<meta http-equiv="Content-Type" content="text/html;charset=utf-8" />
  <meta name='ocr-system' content='tesseract 3.04.00' />
  <meta name='ocr-capabilities' content='ocr_page ocr_carea ocr_par ocr_line ocrx_word'/>
</head>
<body>
  <div class='ocr_page' id='page_1' title='image "./pomponiimelaede05melagoog_0929.png"; bbox 0 0 2880 4940; ppageno 0'>
   <div class='ocr_carea' id='block_1_1' title="bbox 354 435 1144 518">
    <p class='ocr_par' dir='ltr' id='par_1_1' title="bbox 354 435 1144 518">
     <span class='ocr_line' id='line_1_1' title="bbox 354 435 1144 518; baseline 0.006 -22"><span class='ocrx_word' id='word_1_1' title='bbox 354 435 446 496; x_wconf 74' lang='lat' dir='ltr'><strong>tro.</strong></span> <span class='ocrx_word' id='word_1_2' title='bbox 476 437 529 492; x_wconf 78' lang='grc' dir='ltr'><strong>ιιι.</strong></span> <span class='ocrx_word' id='word_1_3' title='bbox 573 439 706 498; x_wconf 62' lang='lat' dir='ltr'><strong>cvm.</strong></span> <span class='ocrx_word' id='word_1_4' title='bbox 747 439 773 510; x_wconf 57' lang='grc' dir='ltr'><strong>ἦ.</strong></span> <span class='ocrx_word' id='word_1_5' title='bbox 796 459 825 516; x_wconf 84' lang='grc'><strong>9.</strong></span> <span class='ocrx_word' id='word_1_6' title='bbox 851 459 897 498; x_wconf 84' lang='grc' dir='ltr'><strong>ιο.</strong></span> <span class='ocrx_word' id='word_1_7' title='bbox 1084 457 1144 518; x_wconf 75' lang='lat'><strong>3⁰¹</strong></span> 
     </span>
    </p>
   </div>
   <div class='ocr_carea' id='block_1_2' title="bbox 104 609 1185 1792">
    <p class='ocr_par' dir='ltr' id='par_1_2' title="bbox 104 609 1185 1792">
     <span class='ocr_line' id='line_1_2' title="bbox 104 609 1149 698; baseline 0.004 -26"><span class='ocrx_word' id='word_1_8' title='bbox 104 611 208 674; x_wconf 67' lang='lat' dir='ltr'><strong>tinent</strong></span> <span class='ocrx_word' id='word_1_9' title='bbox 225 609 335 680; x_wconf 81' lang='lat' dir='ltr'><strong>usum.</strong></span> <span class='ocrx_word' id='word_1_10' title='bbox 362 613 413 672; x_wconf 79' lang='lat' dir='ltr'><strong>uri</strong></span> <span class='ocrx_word' id='word_1_11' title='bbox 427 611 571 674; x_wconf 82' lang='lat' dir='ltr'><strong>observat</strong></span> <span class='ocrx_word' id='word_1_12' title='bbox 588 610 711 676; x_wconf 76' lang='lat' dir='ltr'><strong>Voffiur</strong></span> <span class='ocrx_word' id='word_1_13' title='bbox 727 624 762 694; x_wconf 99' lang='lat'><strong>4.</strong></span> <span class='ocrx_word' id='word_1_14' title='bbox 787 615 931 678; x_wconf 80' lang='lat' dir='ltr'><strong>Gramm.</strong></span> <span class='ocrx_word' id='word_1_15' title='bbox 954 623 1008 698; x_wconf 81' lang='lat'><strong>14.</strong></span> <span class='ocrx_word' id='word_1_16' title='bbox 1033 613 1149 678; x_wconf 82' lang='lat' dir='ltr'><strong>auscul-</strong></span> 
     </span>
     <span class='ocr_line' id='line_1_3' title="bbox 105 713 1150 795; baseline 0.006 -21"><span class='ocrx_word' id='word_1_17' title='bbox 105 715 196 776; x_wconf 81' lang='lat' dir='ltr'>tandi</span> <span class='ocrx_word' id='word_1_18' title='bbox 218 713 290 773; x_wconf 83' lang='lat' dir='ltr'><strong>sont</strong></span> <span class='ocrx_word' id='word_1_19' title='bbox 310 713 452 795; x_wconf 78' lang='lat' dir='ltr'>plerique</span> <span class='ocrx_word' id='word_1_20' title='bbox 471 717 608 779; x_wconf 83' lang='lat' dir='ltr'><strong>codicee.</strong></span> <span class='ocrx_word' id='word_1_21' title='bbox 659 717 804 778; x_wconf 82' lang='lat' dir='ltr'><strong>Eandem</strong></span> <span class='ocrx_word' id='word_1_22' title='bbox 828 719 1012 779; x_wconf 79' lang='lat' dir='ltr'><strong>varietatem</strong></span> <span class='ocrx_word' id='word_1_23' title='bbox 1034 719 1068 777; x_wconf 86' lang='lat' dir='ltr'><strong>in</strong></span> <span class='ocrx_word' id='word_1_24' title='bbox 1091 718 1150 780; x_wconf 82' lang='lat' dir='ltr'><strong>hac</strong></span> 
     </span>
     <span class='ocr_line' id='line_1_4' title="bbox 107 815 1185 896; baseline 0.001 -18"><span class='ocrx_word' id='word_1_25' title='bbox 107 835 189 880; x_wconf 86' lang='lat' dir='ltr'><strong>voce</strong></span> <span class='ocrx_word' id='word_1_26' title='bbox 214 829 328 876; x_wconf 83' lang='lat' dir='ltr'><strong>notant</strong></span> <span class='ocrx_word' id='word_1_27' title='bbox 347 817 407 876; x_wconf 84' lang='lat' dir='ltr'><strong>viri</strong></span> <span class='ocrx_word' id='word_1_28' title='bbox 428 815 514 878; x_wconf 87' lang='lat' dir='ltr'><strong>docti</strong></span> <span class='ocrx_word' id='word_1_29' title='bbox 536 817 575 878; x_wconf 82' lang='lat' dir='ltr'><strong>ad</strong></span> <span class='ocrx_word' id='word_1_30' title='bbox 593 818 665 879; x_wconf 73' lang='grc' dir='ltr'><strong>[ἰν.</strong></span> <span class='ocrx_word' id='word_1_31' title='bbox 684 833 742 888; x_wconf 78' lang='lat' dir='ltr'><strong>cr,</strong></span> <span class='ocrx_word' id='word_1_32' title='bbox 761 831 819 896; x_wconf 84' lang='lat'><strong>54.</strong></span> <span class='ocrx_word' id='word_1_33' title='bbox 839 834 872 891; x_wconf 92' lang='lat'><strong>7.</strong></span> <span class='ocrx_word' id='word_1_34' title='bbox 899 831 930 880; x_wconf 87' lang='lat' dir='ltr'><strong>et</strong></span> <span class='ocrx_word' id='word_1_35' title='bbox 948 819 985 880; x_wconf 79' lang='lat' dir='ltr'><strong>A.</strong></span> <span class='ocrx_word' id='word_1_36' title='bbox 1003 818 1149 883; x_wconf 82' lang='lat' dir='ltr'><strong>Gronov.</strong></span> <span class='ocrx_word' id='word_1_37' title='bbox 1183 863 1185 870; x_wconf 77' lang='grc'><strong>.</strong></span> 
     </span>
     <span class='ocr_line' id='line_1_5' title="bbox 105 915 1149 1001; baseline 0.002 -23"><span class='ocrx_word' id='word_1_38' title='bbox 105 918 148 978; x_wconf 74' lang='lat' dir='ltr'><strong>ad</strong></span> <span class='ocrx_word' id='word_1_39' title='bbox 172 917 279 979; x_wconf 78' lang='lat' dir='ltr'><strong>lustin.</strong></span> <span class='ocrx_word' id='word_1_40' title='bbox 296 927 356 996; x_wconf 84' lang='lat'><strong>44.</strong></span> <span class='ocrx_word' id='word_1_41' title='bbox 379 936 407 987; x_wconf 84' lang='grc' dir='ltr'><strong>ι,</strong></span> <span class='ocrx_word' id='word_1_42' title='bbox 432 933 484 980; x_wconf 84' lang='grc' dir='ltr'><strong>ιο.</strong></span> <span class='ocrx_word' id='word_1_43' title='bbox 536 919 588 982; x_wconf 84' lang='lat' dir='ltr'><strong>Sic</strong></span> <span class='ocrx_word' id='word_1_44' title='bbox 611 919 668 978; x_wconf 76' lang='lat' dir='ltr'><strong>olla</strong></span> <span class='ocrx_word' id='word_1_45' title='bbox 691 921 779 1000; x_wconf 86' lang='lat' dir='ltr'><strong>plura</strong></span> <span class='ocrx_word' id='word_1_46' title='bbox 801 915 911 1001; x_wconf 81' lang='lat' dir='ltr'><strong>pass&#39;on</strong></span> <span class='ocrx_word' id='word_1_47' title='bbox 935 921 1062 1001; x_wconf 75' lang='lat' dir='ltr'><strong>antique</strong></span> <span class='ocrx_word' id='word_1_48' title='bbox 1087 918 1149 982; x_wconf 82' lang='lat' dir='ltr'><strong>for·</strong></span> 
     </span>
     <span class='ocr_line' id='line_1_6' title="bbox 107 1019 1150 1114; baseline 0.002 -34"><span class='ocrx_word' id='word_1_49' title='bbox 107 1033 254 1088; x_wconf 79' lang='lat' dir='ltr'><strong>mentor.</strong></span> <span class='ocrx_word' id='word_1_50' title='bbox 281 1037 360 1099; x_wconf 81' lang='lat' dir='ltr'><strong>quae</strong></span> <span class='ocrx_word' id='word_1_51' title='bbox 376 1019 458 1103; x_wconf 71' lang='lat' dir='ltr'><strong>iarge</strong></span> <span class='ocrx_word' id='word_1_52' title='bbox 474 1020 564 1100; x_wconf 81' lang='lat' dir='ltr'><strong>copia</strong></span> <span class='ocrx_word' id='word_1_53' title='bbox 581 1021 618 1080; x_wconf 87' lang='lat' dir='ltr'><strong>ad</strong></span> <span class='ocrx_word' id='word_1_54' title='bbox 638 1021 767 1081; x_wconf 78' lang='lat' dir='ltr'><strong>Livium</strong></span> <span class='ocrx_word' id='word_1_55' title='bbox 785 1024 926 1106; x_wconf 65' lang='lat' dir='ltr'><strong>conregit</strong></span> <span class='ocrx_word' id='word_1_56' title='bbox 947 1020 1150 1114; x_wconf 75' lang='lat' dir='ltr'><strong>Drakerrbor·</strong></span> 
     </span>
     <span class='ocr_line' id='line_1_7' title="bbox 106 1119 1146 1204; baseline 0.005 -22"><span class='ocrx_word' id='word_1_57' title='bbox 106 1121 200 1182; x_wconf 75' lang='lat' dir='ltr'><strong>chius</strong></span> <span class='ocrx_word' id='word_1_58' title='bbox 219 1134 252 1182; x_wconf 86' lang='lat' dir='ltr'><strong>ct</strong></span> <span class='ocrx_word' id='word_1_59' title='bbox 271 1135 362 1181; x_wconf 74' lang='lat' dir='ltr'><strong>antea</strong></span> <span class='ocrx_word' id='word_1_60' title='bbox 384 1119 542 1182; x_wconf 75' lang='lat' dir='ltr'><strong>Ausonius</strong></span> <span class='ocrx_word' id='word_1_61' title='bbox 559 1121 681 1203; x_wconf 84' lang='lat' dir='ltr'><strong>Popma</strong></span> <span class='ocrx_word' id='word_1_62' title='bbox 706 1121 823 1186; x_wconf 80' lang='lat' dir='ltr'><strong>denso</strong></span> <span class='ocrx_word' id='word_1_63' title='bbox 846 1137 911 1188; x_wconf 81' lang='lat' dir='ltr'><strong>ont.</strong></span> <span class='ocrx_word' id='word_1_64' title='bbox 936 1123 1031 1184; x_wconf 81' lang='lat' dir='ltr'><strong>locut.</strong></span> <span class='ocrx_word' id='word_1_65' title='bbox 1057 1143 1085 1192; x_wconf 84' lang='lat' dir='ltr'><strong>r.</strong></span> <span class='ocrx_word' id='word_1_66' title='bbox 1110 1143 1146 1204; x_wconf 87' lang='lat'><strong>9.</strong></span> 
     </span>
     <span class='ocr_line' id='line_1_8' title="bbox 108 1215 1149 1314; baseline 0.005 -32"><span class='ocrx_word' id='word_1_67' title='bbox 108 1235 145 1282; x_wconf 84' lang='lat' dir='ltr'><strong>nt</strong></span> <span class='ocrx_word' id='word_1_68' title='bbox 160 1223 237 1282; x_wconf 78' lang='lat' dir='ltr'><strong>alios</strong></span> <span class='ocrx_word' id='word_1_69' title='bbox 255 1237 385 1284; x_wconf 82' lang='lat' dir='ltr'><strong>taceam.</strong></span> <span class='ocrx_word' id='word_1_70' title='bbox 438 1223 491 1284; x_wconf 91' lang='lat' dir='ltr'><strong>Sic</strong></span> <span class='ocrx_word' id='word_1_71' title='bbox 512 1223 550 1282; x_wconf 77' lang='lat' dir='ltr'><strong>ab</strong></span> <span class='ocrx_word' id='word_1_72' title='bbox 574 1243 610 1283; x_wconf 87' lang='lat' dir='ltr'><strong>us</strong></span> <span class='ocrx_word' id='word_1_73' title='bbox 633 1237 665 1283; x_wconf 85' lang='lat' dir='ltr'><strong>et</strong></span> <span class='ocrx_word' id='word_1_74' title='bbox 682 1215 890 1314; x_wconf 77' lang='lat' dir='ltr'><strong>serviturium</strong></span> <span class='ocrx_word' id='word_1_75' title='bbox 915 1226 948 1284; x_wconf 87' lang='lat' dir='ltr'><strong>in</strong></span> <span class='ocrx_word' id='word_1_76' title='bbox 971 1227 1051 1286; x_wconf 78' lang='lat' dir='ltr'><strong>Iuris</strong></span> <span class='ocrx_word' id='word_1_77' title='bbox 1073 1245 1149 1308; x_wconf 69' lang='lat' dir='ltr'><strong>corr·</strong></span> 
     </span>
     <span class='ocr_line' id='line_1_9' title="bbox 108 1321 1148 1394; baseline 0.003 -9"><span class='ocrx_word' id='word_1_78' title='bbox 108 1321 198 1386; x_wconf 70' lang='lat' dir='ltr'><strong>fultis</strong></span> <span class='ocrx_word' id='word_1_79' title='bbox 216 1325 362 1385; x_wconf 87' lang='lat' dir='ltr'><strong>occurrit.</strong></span> <span class='ocrx_word' id='word_1_80' title='bbox 401 1323 464 1394; x_wconf 66' lang='lat' dir='ltr'><strong>Ar,</strong></span> <span class='ocrx_word' id='word_1_81' title='bbox 491 1325 525 1384; x_wconf 87' lang='lat' dir='ltr'><strong>ni</strong></span> <span class='ocrx_word' id='word_1_82' title='bbox 549 1321 649 1394; x_wconf 79' lang='lat' dir='ltr'><strong>fallor,</strong></span> <span class='ocrx_word' id='word_1_83' title='bbox 675 1325 850 1388; x_wconf 78' lang='lat' dir='ltr'><strong>constanter</strong></span> <span class='ocrx_word' id='word_1_84' title='bbox 872 1327 1038 1387; x_wconf 79' lang='lat' dir='ltr'><strong>virtutum.</strong></span> <span class='ocrx_word' id='word_1_85' title='bbox 1081 1329 1148 1388; x_wconf 84' lang='lat' dir='ltr'><strong>lam</strong></span> 
     </span>
     <span class='ocr_line' id='line_1_10' title="bbox 108 1421 1147 1509; baseline 0.002 -21"><span class='ocrx_word' id='word_1_86' title='bbox 108 1445 188 1488; x_wconf 85' lang='lat' dir='ltr'><strong>vero</strong></span> <span class='ocrx_word' id='word_1_87' title='bbox 208 1425 261 1485; x_wconf 82' lang='lat' dir='ltr'><strong>hic</strong></span> <span class='ocrx_word' id='word_1_88' title='bbox 281 1425 335 1486; x_wconf 75' lang='lat' dir='ltr'><strong>etsr</strong></span> <span class='ocrx_word' id='word_1_89' title='bbox 361 1421 449 1485; x_wconf 78' lang='lat' dir='ltr'><strong>focile</strong></span> <span class='ocrx_word' id='word_1_90' title='bbox 474 1440 507 1486; x_wconf 87' lang='lat' dir='ltr'><strong>et</strong></span> <span class='ocrx_word' id='word_1_91' title='bbox 529 1445 585 1507; x_wconf 87' lang='lat' dir='ltr'><strong>per</strong></span> <span class='ocrx_word' id='word_1_92' title='bbox 611 1423 638 1486; x_wconf 82' lang='lat' dir='ltr'><strong>se</strong></span> <span class='ocrx_word' id='word_1_93' title='bbox 665 1427 830 1504; x_wconf 79' lang='lat' dir='ltr'><em>paludium</em></span> <span class='ocrx_word' id='word_1_94' title='bbox 859 1428 985 1509; x_wconf 81' lang='lat' dir='ltr'><strong>probari</strong></span> <span class='ocrx_word' id='word_1_95' title='bbox 1014 1443 1147 1508; x_wconf 74' lang='lat' dir='ltr'><strong>poterat,</strong></span> 
     </span>
     <span class='ocr_line' id='line_1_11' title="bbox 107 1525 1148 1609; baseline 0.004 -21"><span class='ocrx_word' id='word_1_96' title='bbox 107 1525 187 1590; x_wconf 74' lang='lat' dir='ltr'><strong>fecit</strong></span> <span class='ocrx_word' id='word_1_97' title='bbox 208 1539 314 1586; x_wconf 78' lang='lat' dir='ltr'><strong>tamen</strong></span> <span class='ocrx_word' id='word_1_98' title='bbox 335 1525 399 1608; x_wconf 83' lang='lat' dir='ltr'><strong>ipse</strong></span> <span class='ocrx_word' id='word_1_99' title='bbox 424 1527 525 1596; x_wconf 79' lang='lat' dir='ltr'><strong>Mela.</strong></span> <span class='ocrx_word' id='word_1_100' title='bbox 559 1529 612 1608; x_wconf 89' lang='lat' dir='ltr'><strong>qui</strong></span> <span class='ocrx_word' id='word_1_101' title='bbox 631 1526 717 1609; x_wconf 83' lang='lat' dir='ltr'><strong>sopra</strong></span> <span class='ocrx_word' id='word_1_102' title='bbox 735 1543 767 1604; x_wconf 72' lang='lat'><strong>3.</strong></span> <span class='ocrx_word' id='word_1_103' title='bbox 793 1543 825 1606; x_wconf 74' lang='lat'><strong>3.</strong></span> <span class='ocrx_word' id='word_1_104' title='bbox 848 1543 880 1607; x_wconf 77' lang='lat'><strong>5.</strong></span> <span class='ocrx_word' id='word_1_105' title='bbox 909 1531 972 1590; x_wconf 85' lang='lat' dir='ltr'><strong>line</strong></span> <span class='ocrx_word' id='word_1_106' title='bbox 993 1531 1148 1592; x_wconf 85' lang='lat' dir='ltr'><strong>librorum</strong></span> 
     </span>
     <span class='ocr_line' id='line_1_12' title="bbox 108 1627 1149 1709; baseline 0.002 -19"><span class='ocrx_word' id='word_1_107' title='bbox 108 1631 318 1709; x_wconf 66' lang='lat' dir='ltr'>discrepantia</span> <span class='ocrx_word' id='word_1_108' title='bbox 334 1627 488 1706; x_wconf 81' lang='lat' dir='ltr'><em>paludum</em></span> <span class='ocrx_word' id='word_1_109' title='bbox 506 1629 597 1699; x_wconf 86' lang='lat' dir='ltr'>dixit,</span> <span class='ocrx_word' id='word_1_110' title='bbox 624 1643 660 1690; x_wconf 88' lang='lat' dir='ltr'><strong>ut</strong></span> <span class='ocrx_word' id='word_1_111' title='bbox 676 1631 714 1692; x_wconf 85' lang='lat' dir='ltr'><strong>ad</strong></span> <span class='ocrx_word' id='word_1_112' title='bbox 731 1631 866 1692; x_wconf 86' lang='lat' dir='ltr'><strong>eandem</strong></span> <span class='ocrx_word' id='word_1_113' title='bbox 881 1651 958 1692; x_wconf 88' lang='lat' dir='ltr'><strong>eum</strong></span> <span class='ocrx_word' id='word_1_114' title='bbox 973 1631 1071 1692; x_wconf 82' lang='lat' dir='ltr'><strong>ethic</strong></span> <span class='ocrx_word' id='word_1_115' title='bbox 1086 1629 1149 1694; x_wconf 85' lang='lat' dir='ltr'><strong>for·</strong></span> 
     </span>
     <span class='ocr_line' id='line_1_13' title="bbox 105 1749 416 1792; baseline 0 0"><span class='ocrx_word' id='word_1_116' title='bbox 105 1750 195 1792; x_wconf 80' lang='lat' dir='ltr'><strong>mam</strong></span> <span class='ocrx_word' id='word_1_117' title='bbox 221 1749 416 1792; x_wconf 83' lang='lat' dir='ltr'><strong>revocarem.</strong></span> 
     </span>
    </p>
   </div>
   <div class='ocr_carea' id='block_1_3' title="bbox 106 1931 1239 3639">
    <p class='ocr_par' dir='ltr' id='par_1_3' title="bbox 106 1931 1239 3639">
     <span class='ocr_line' id='line_1_14' title="bbox 168 1931 1146 2018; baseline 0.003 -23"><span class='ocrx_word' id='word_1_118' title='bbox 168 1935 225 1995; x_wconf 82' lang='lat' dir='ltr'><strong>‘in</strong></span> <span class='ocrx_word' id='word_1_119' title='bbox 253 1953 399 2012; x_wconf 76' lang='lat' dir='ltr'><strong>magno</strong></span> <span class='ocrx_word' id='word_1_120' title='bbox 421 1967 469 1982; x_wconf 85' lang='lat'>-</span> <span class='ocrx_word' id='word_1_121' title='bbox 480 1931 500 2014; x_wconf 84' lang='lat'><strong><em>)</em></strong></span> <span class='ocrx_word' id='word_1_122' title='bbox 551 1935 639 2018; x_wconf 86' lang='lat' dir='ltr'><strong>Lego</strong></span> <span class='ocrx_word' id='word_1_123' title='bbox 661 1932 786 1996; x_wconf 81' lang='lat' dir='ltr'><strong>inverso</strong></span> <span class='ocrx_word' id='word_1_124' title='bbox 807 1936 1045 2018; x_wconf 75' lang='lat' dir='ltr'><strong>praepofirionie</strong></span> <span class='ocrx_word' id='word_1_125' title='bbox 1062 1936 1146 2007; x_wconf 85' lang='lat' dir='ltr'><strong>loco.</strong></span> 
     </span>
     <span class='ocr_line' id='line_1_15' title="bbox 108 2030 1147 2117; baseline -0.002 -19"><span class='ocrx_word' id='word_1_126' title='bbox 108 2055 227 2116; x_wconf 80' lang='lat' dir='ltr'><strong>magno</strong></span> <span class='ocrx_word' id='word_1_127' title='bbox 248 2030 391 2096; x_wconf 73' lang='lat' dir='ltr'><strong>exornr&#39;rre</strong></span> <span class='ocrx_word' id='word_1_128' title='bbox 415 2034 559 2095; x_wconf 67' lang='lat' dir='ltr'><strong>volantes</strong></span> <span class='ocrx_word' id='word_1_129' title='bbox 581 2039 612 2096; x_wconf 82' lang='lat' dir='ltr'><strong>in</strong></span> <span class='ocrx_word' id='word_1_130' title='bbox 637 2041 812 2117; x_wconf 78' lang='lat' dir='ltr'><strong>Aegyptum</strong></span> <span class='ocrx_word' id='word_1_131' title='bbox 836 2037 969 2100; x_wconf 79' lang='lat' dir='ltr'><strong>tendere.</strong></span> <span class='ocrx_word' id='word_1_132' title='bbox 1013 2056 1147 2098; x_wconf 68' lang='lat' dir='ltr'><strong>errem·</strong></span> 
     </span>
     <span class='ocr_line' id='line_1_16' title="bbox 110 2135 1148 2220; baseline -0.003 -18"><span class='ocrx_word' id='word_1_133' title='bbox 110 2158 187 2202; x_wconf 64' lang='lat' dir='ltr'><strong>reve.</strong></span> <span class='ocrx_word' id='word_1_134' title='bbox 251 2138 327 2219; x_wconf 85' lang='lat' dir='ltr'><strong>Leg.</strong></span> <span class='ocrx_word' id='word_1_135' title='bbox 360 2136 436 2196; x_wconf 75' lang='lat' dir='ltr'><em>hinc</em></span> <span class='ocrx_word' id='word_1_136' title='bbox 470 2157 587 2216; x_wconf 78' lang='lat' dir='ltr'><strong>magno</strong></span> <span class='ocrx_word' id='word_1_137' title='bbox 617 2141 759 2198; x_wconf 79' lang='lat' dir='ltr'><strong>examine</strong></span> <span class='ocrx_word' id='word_1_138' title='bbox 787 2142 974 2220; x_wconf 57' lang='lat' dir='ltr'><strong>Aegrorum.</strong></span> <span class='ocrx_word' id='word_1_139' title='bbox 1024 2135 1085 2203; x_wconf 79' lang='lat' dir='ltr'><strong>sed</strong></span> <span class='ocrx_word' id='word_1_140' title='bbox 1115 2141 1148 2199; x_wconf 80' lang='lat' dir='ltr'><strong>in</strong></span> 
     </span>
     <span class='ocr_line' id='line_1_17' title="bbox 106 2237 1239 2328; baseline 0.002 -29"><span class='ocrx_word' id='word_1_141' title='bbox 106 2243 288 2320; x_wconf 70' lang='lat' dir='ltr'><strong>Aegyptum</strong></span> <span class='ocrx_word' id='word_1_142' title='bbox 321 2257 395 2298; x_wconf 87' lang='lat' dir='ltr'><strong>curn</strong></span> <span class='ocrx_word' id='word_1_143' title='bbox 428 2237 577 2300; x_wconf 75' lang='lat' dir='ltr'><strong>Pinriano</strong></span> <span class='ocrx_word' id='word_1_144' title='bbox 611 2239 674 2322; x_wconf 81' lang='lat' dir='ltr'><strong>legi</strong></span> <span class='ocrx_word' id='word_1_145' title='bbox 701 2259 767 2300; x_wconf 90' lang='lat' dir='ltr'><strong>non</strong></span> <span class='ocrx_word' id='word_1_146' title='bbox 802 2241 845 2300; x_wconf 83' lang='lat' dir='ltr'><strong>est</strong></span> <span class='ocrx_word' id='word_1_147' title='bbox 882 2239 1012 2302; x_wconf 77' lang='lat' dir='ltr'><strong>neccsse.</strong></span> <span class='ocrx_word' id='word_1_148' title='bbox 1064 2239 1149 2301; x_wconf 78' lang='lat' dir='ltr'><strong>Infra</strong></span> <span class='ocrx_word' id='word_1_149' title='bbox 1234 2313 1239 2328; x_wconf 80' lang='lat'><strong>.</strong></span> 
     </span>
     <span class='ocr_line' id='line_1_18' title="bbox 106 2331 1148 2432; baseline -0.003 -27"><span class='ocrx_word' id='word_1_150' title='bbox 106 2344 198 2405; x_wconf 80' lang='lat' dir='ltr'><strong>enim</strong></span> <span class='ocrx_word' id='word_1_151' title='bbox 222 2341 284 2400; x_wconf 88' lang='lat' dir='ltr'><strong>hoc</strong></span> <span class='ocrx_word' id='word_1_152' title='bbox 307 2340 430 2420; x_wconf 70' lang='lat' dir='ltr'><strong>capite:</strong></span> <span class='ocrx_word' id='word_1_153' title='bbox 465 2331 533 2428; x_wconf 80' lang='lat' dir='ltr'><strong>offa</strong></span> <span class='ocrx_word' id='word_1_154' title='bbox 561 2340 688 2432; x_wconf 72' lang='lat' dir='ltr'><strong>prssr&#39;m&#39;</strong></span> <span class='ocrx_word' id='word_1_155' title='bbox 715 2344 852 2418; x_wconf 81' lang='lat' dir='ltr'><strong>corporis</strong></span> <span class='ocrx_word' id='word_1_156' title='bbox 876 2333 996 2432; x_wconf 80' lang='lat' dir='ltr'><strong>inclusa</strong></span> <span class='ocrx_word' id='word_1_157' title='bbox 1020 2343 1148 2422; x_wconf 74' lang='lat' dir='ltr'><strong>myrrha</strong></span> 
     </span>
     <span class='ocr_line' id='line_1_19' title="bbox 107 2444 1146 2524; baseline 0.002 -21"><span class='ocrx_word' id='word_1_158' title='bbox 107 2447 286 2524; x_wconf 74' lang='lat' dir='ltr'><strong>Aegyptum</strong></span> <span class='ocrx_word' id='word_1_159' title='bbox 308 2453 468 2520; x_wconf 79' lang='lat' dir='ltr'><strong>exportat.</strong></span> <span class='ocrx_word' id='word_1_160' title='bbox 499 2460 710 2504; x_wconf 70' lang='lat' dir='ltr'><strong>cuccorrrvs.</strong></span> <span class='ocrx_word' id='word_1_161' title='bbox 763 2445 815 2504; x_wconf 83' lang='lat' dir='ltr'><strong>Sic</strong></span> <span class='ocrx_word' id='word_1_162' title='bbox 833 2444 942 2503; x_wconf 76' lang='lat' dir='ltr'>Livius</span> <span class='ocrx_word' id='word_1_163' title='bbox 959 2455 1015 2520; x_wconf 75' lang='lat'><strong>51,</strong></span> <span class='ocrx_word' id='word_1_164' title='bbox 1033 2453 1092 2521; x_wconf 85' lang='lat'><strong>43.</strong></span> <span class='ocrx_word' id='word_1_165' title='bbox 1113 2457 1146 2518; x_wconf 82' lang='lat'><strong>5.</strong></span> 
     </span>
     <span class='ocr_line' id='line_1_20' title="bbox 107 2541 1189 2628; baseline -0.001 -22"><span class='ocrx_word' id='word_1_166' title='bbox 107 2546 229 2628; x_wconf 75' lang='lat' dir='ltr'><strong>equites</strong></span> <span class='ocrx_word' id='word_1_167' title='bbox 258 2541 392 2602; x_wconf 81' lang='lat' dir='ltr'><strong>mercede</strong></span> <span class='ocrx_word' id='word_1_168' title='bbox 418 2543 591 2604; x_wconf 79' lang='lat' dir='ltr'><strong>conductos</strong></span> <span class='ocrx_word' id='word_1_169' title='bbox 614 2549 794 2625; x_wconf 69' lang='lat' dir='ltr'><strong>Aegyptum</strong></span> <span class='ocrx_word' id='word_1_170' title='bbox 818 2545 938 2604; x_wconf 78' lang='lat' dir='ltr'><strong>avexit.</strong></span> <span class='ocrx_word' id='word_1_171' title='bbox 990 2543 1051 2605; x_wconf 85' lang='lat' dir='ltr'><strong>Sed</strong></span> <span class='ocrx_word' id='word_1_172' title='bbox 1076 2545 1148 2606; x_wconf 81' lang='lat' dir='ltr'>talia</span> <span class='ocrx_word' id='word_1_173' title='bbox 1184 2545 1189 2554; x_wconf 90' lang='lat'>&#39;</span> 
     </span>
     <span class='ocr_line' id='line_1_21' title="bbox 107 2641 1149 2730; baseline -0.003 -23"><span class='ocrx_word' id='word_1_174' title='bbox 107 2641 221 2730; x_wconf 83' lang='lat' dir='ltr'><strong>paffirn</strong></span> <span class='ocrx_word' id='word_1_175' title='bbox 237 2663 252 2706; x_wconf 81' lang='lat' dir='ltr'>a</span> <span class='ocrx_word' id='word_1_176' title='bbox 269 2645 345 2704; x_wconf 80' lang='lat' dir='ltr'><strong>virio</strong></span> <span class='ocrx_word' id='word_1_177' title='bbox 361 2643 463 2704; x_wconf 73' lang='lat' dir='ltr'><strong>doctis</strong></span> <span class='ocrx_word' id='word_1_178' title='bbox 479 2659 512 2705; x_wconf 89' lang='lat' dir='ltr'><strong>et</strong></span> <span class='ocrx_word' id='word_1_179' title='bbox 534 2645 566 2703; x_wconf 85' lang='lat' dir='ltr'><strong>in</strong></span> <span class='ocrx_word' id='word_1_180' title='bbox 591 2647 702 2726; x_wconf 79' lang='lat' dir='ltr'><strong>primis</strong></span> <span class='ocrx_word' id='word_1_181' title='bbox 719 2665 734 2704; x_wconf 82' lang='lat' dir='ltr'>a</span> <span class='ocrx_word' id='word_1_182' title='bbox 750 2643 1015 2707; x_wconf 81' lang='lat' dir='ltr'><strong>Drakenborchio</strong></span> <span class='ocrx_word' id='word_1_183' title='bbox 1037 2647 1074 2704; x_wconf 85' lang='lat' dir='ltr'><strong>ed</strong></span> <span class='ocrx_word' id='word_1_184' title='bbox 1098 2645 1149 2705; x_wconf 82' lang='lat' dir='ltr'><strong>Li·</strong></span> 
     </span>
     <span class='ocr_line' id='line_1_22' title="bbox 106 2745 1148 2828; baseline -0.001 -19"><span class='ocrx_word' id='word_1_185' title='bbox 106 2751 202 2810; x_wconf 82' lang='lat' dir='ltr'>vium</span> <span class='ocrx_word' id='word_1_186' title='bbox 223 2759 386 2807; x_wconf 69' lang='lat' dir='ltr'><strong>notantur.</strong></span> <span class='ocrx_word' id='word_1_187' title='bbox 440 2745 575 2808; x_wconf 82' lang='lat' dir='ltr'><strong>Codices</strong></span> <span class='ocrx_word' id='word_1_188' title='bbox 592 2747 686 2808; x_wconf 80' lang='lat' dir='ltr'><strong>eriam</strong></span> <span class='ocrx_word' id='word_1_189' title='bbox 705 2745 766 2814; x_wconf 87' lang='lat' dir='ltr'><strong>hic,</strong></span> <span class='ocrx_word' id='word_1_190' title='bbox 793 2759 828 2804; x_wconf 86' lang='lat' dir='ltr'><strong>ut</strong></span> <span class='ocrx_word' id='word_1_191' title='bbox 853 2746 967 2827; x_wconf 79' lang='lat' dir='ltr'><strong>postea,</strong></span> <span class='ocrx_word' id='word_1_192' title='bbox 994 2747 1148 2828; x_wconf 75' lang='lat' dir='ltr'><strong>praepost-</strong></span> 
     </span>
     <span class='ocr_line' id='line_1_23' title="bbox 107 2846 1146 2927; baseline -0.001 -16"><span class='ocrx_word' id='word_1_193' title='bbox 107 2852 234 2912; x_wconf 82' lang='lat' dir='ltr'><strong>tionem</strong></span> <span class='ocrx_word' id='word_1_194' title='bbox 258 2847 432 2916; x_wconf 81' lang='lat' dir='ltr'><strong>omittunt,</strong></span> <span class='ocrx_word' id='word_1_195' title='bbox 466 2860 590 2906; x_wconf 79' lang='lat' dir='ltr'><strong>tantum</strong></span> <span class='ocrx_word' id='word_1_196' title='bbox 612 2848 717 2910; x_wconf 83' lang='lat' dir='ltr'><strong>Cibin.</strong></span> <span class='ocrx_word' id='word_1_197' title='bbox 742 2846 823 2907; x_wconf 84' lang='lat' dir='ltr'><strong>voff.</strong></span> <span class='ocrx_word' id='word_1_198' title='bbox 853 2869 881 2909; x_wconf 85' lang='lat'><strong>1.</strong></span> <span class='ocrx_word' id='word_1_199' title='bbox 910 2861 941 2908; x_wconf 82' lang='lat' dir='ltr'><strong>er</strong></span> <span class='ocrx_word' id='word_1_200' title='bbox 960 2851 992 2906; x_wconf 82' lang='lat' dir='ltr'><strong>r&#39;rr</strong></span> <span class='ocrx_word' id='word_1_201' title='bbox 1019 2869 1146 2927; x_wconf 78' lang='lat' dir='ltr'><strong>magrw.</strong></span> 
     </span>
     <span class='ocr_line' id='line_1_24' title="bbox 108 2947 1147 3030; baseline 0 -17"><span class='ocrx_word' id='word_1_202' title='bbox 108 2954 200 3013; x_wconf 89' lang='lat' dir='ltr'><strong>Tum</strong></span> <span class='ocrx_word' id='word_1_203' title='bbox 217 2951 290 3010; x_wconf 86' lang='lat' dir='ltr'><strong>edd.</strong></span> <span class='ocrx_word' id='word_1_204' title='bbox 312 2967 341 3010; x_wconf 84' lang='lat'><strong>1.</strong></span> <span class='ocrx_word' id='word_1_205' title='bbox 364 2967 394 3010; x_wconf 81' lang='lat' dir='ltr'><strong>o.</strong></span> <span class='ocrx_word' id='word_1_206' title='bbox 413 2963 444 3027; x_wconf 77' lang='lat'><strong>5.</strong></span> <span class='ocrx_word' id='word_1_207' title='bbox 464 2960 496 3028; x_wconf 88' lang='lat'><strong>4.</strong></span> <span class='ocrx_word' id='word_1_208' title='bbox 516 2961 546 3024; x_wconf 85' lang='lat'><strong>5.</strong></span> <span class='ocrx_word' id='word_1_209' title='bbox 569 2950 706 3030; x_wconf 80' lang='lat' dir='ltr'><strong>aliaeque</strong></span> <span class='ocrx_word' id='word_1_210' title='bbox 723 2951 872 3029; x_wconf 75' lang='lat' dir='ltr'><strong>deincep‘s</strong></span> <span class='ocrx_word' id='word_1_211' title='bbox 889 2969 962 3008; x_wconf 89' lang='lat' dir='ltr'><strong>cum</strong></span> <span class='ocrx_word' id='word_1_212' title='bbox 972 2947 1147 3013; x_wconf 78' lang='lat' dir='ltr'><strong>Camertin.</strong></span> 
     </span>
     <span class='ocr_line' id='line_1_25' title="bbox 106 3048 1148 3134; baseline 0.001 -22"><span class='ocrx_word' id='word_1_213' title='bbox 106 3053 288 3134; x_wconf 57' lang='lat'><strong>(1214.)</strong></span> <span class='ocrx_word' id='word_1_214' title='bbox 313 3049 386 3112; x_wconf 76' lang='grc' dir='ltr'><strong>ΔΜ.</strong></span> <span class='ocrx_word' id='word_1_215' title='bbox 414 3053 499 3110; x_wconf 86' lang='lat' dir='ltr'><strong>lunt.</strong></span> <span class='ocrx_word' id='word_1_216' title='bbox 525 3071 730 3133; x_wconf 75' lang='lat' dir='ltr'><strong>prrgnorque,·</strong></span> <span class='ocrx_word' id='word_1_217' title='bbox 772 3048 822 3110; x_wconf 80' lang='lat' dir='ltr'><strong>sed</strong></span> <span class='ocrx_word' id='word_1_218' title='bbox 849 3063 882 3110; x_wconf 89' lang='lat' dir='ltr'><strong>et</strong></span> <span class='ocrx_word' id='word_1_219' title='bbox 915 3069 954 3111; x_wconf 83' lang='lat' dir='ltr'><strong>ex</strong></span> <span class='ocrx_word' id='word_1_220' title='bbox 986 3051 1148 3113; x_wconf 71' lang='lat' dir='ltr'><strong>veteribus</strong></span> 
     </span>
     <span class='ocr_line' id='line_1_26' title="bbox 114 3151 1148 3236; baseline -0.002 -21"><span class='ocrx_word' id='word_1_221' title='bbox 114 3168 172 3234; x_wconf 79' lang='lat'><strong>13.</strong></span> <span class='ocrx_word' id='word_1_222' title='bbox 201 3173 257 3231; x_wconf 79' lang='lat'><strong>¹9·</strong></span> <span class='ocrx_word' id='word_1_223' title='bbox 283 3151 436 3212; x_wconf 81' lang='lat' dir='ltr'><strong>Vedianoe</strong></span> <span class='ocrx_word' id='word_1_224' title='bbox 455 3165 486 3210; x_wconf 85' lang='lat' dir='ltr'><strong>et</strong></span> <span class='ocrx_word' id='word_1_225' title='bbox 509 3153 586 3212; x_wconf 81' lang='lat' dir='ltr'><strong>oliae</strong></span> <span class='ocrx_word' id='word_1_226' title='bbox 603 3153 671 3233; x_wconf 82' lang='lat' dir='ltr'><strong>post</strong></span> <span class='ocrx_word' id='word_1_227' title='bbox 691 3171 877 3233; x_wconf 76' lang='lat' dir='ltr'><strong>pugnoque,</strong></span> <span class='ocrx_word' id='word_1_228' title='bbox 903 3153 952 3210; x_wconf 83' lang='lat' dir='ltr'><strong>uti</strong></span> <span class='ocrx_word' id='word_1_229' title='bbox 975 3153 1093 3236; x_wconf 78' lang='lat' dir='ltr'><strong>legitor</strong></span> <span class='ocrx_word' id='word_1_230' title='bbox 1113 3154 1148 3213; x_wconf 88' lang='lat' dir='ltr'><strong>io</strong></span> 
     </span>
     <span class='ocr_line' id='line_1_27' title="bbox 110 3251 1148 3336; baseline -0.004 -18"><span class='ocrx_word' id='word_1_231' title='bbox 110 3255 246 3318; x_wconf 82' lang='lat' dir='ltr'><strong>Mssris.</strong></span> <span class='ocrx_word' id='word_1_232' title='bbox 300 3251 449 3316; x_wconf 75' lang='lat' dir='ltr'><strong>schottus</strong></span> <span class='ocrx_word' id='word_1_233' title='bbox 469 3275 594 3332; x_wconf 76' lang='lat' dir='ltr'><strong>pugnos</strong></span> <span class='ocrx_word' id='word_1_234' title='bbox 616 3253 759 3312; x_wconf 77' lang='lat' dir='ltr'>mutabat</span> <span class='ocrx_word' id='word_1_235' title='bbox 779 3254 812 3312; x_wconf 86' lang='lat' dir='ltr'><strong>in</strong></span> <span class='ocrx_word' id='word_1_236' title='bbox 833 3267 1033 3333; x_wconf 55' lang='lat' dir='ltr'><strong>pugnantem</strong></span> <span class='ocrx_word' id='word_1_237' title='bbox 1059 3253 1148 3336; x_wconf 83' lang='lat' dir='ltr'><strong>qood</strong></span> 
     </span>
     <span class='ocr_line' id='line_1_28' title="bbox 108 3353 1150 3436; baseline -0.003 -19"><span class='ocrx_word' id='word_1_238' title='bbox 108 3356 231 3420; x_wconf 73' lang='lat' dir='ltr'><strong>necosse</strong></span> <span class='ocrx_word' id='word_1_239' title='bbox 245 3373 312 3414; x_wconf 85' lang='lat' dir='ltr'><strong>non</strong></span> <span class='ocrx_word' id='word_1_240' title='bbox 328 3353 387 3422; x_wconf 82' lang='lat' dir='ltr'><strong>est.</strong></span> <span class='ocrx_word' id='word_1_241' title='bbox 414 3355 654 3434; x_wconf 72' lang='lat' dir='ltr'><strong>adeoquernele</strong></span> <span class='ocrx_word' id='word_1_242' title='bbox 671 3353 787 3414; x_wconf 80' lang='lat' dir='ltr'><strong>facturn</strong></span> <span class='ocrx_word' id='word_1_243' title='bbox 804 3353 863 3416; x_wconf 83' lang='lat' dir='ltr'><strong>effe</strong></span> <span class='ocrx_word' id='word_1_244' title='bbox 883 3357 1071 3436; x_wconf 81' lang='lat' dir='ltr'><strong>pronuntiat</strong></span> <span class='ocrx_word' id='word_1_245' title='bbox 1086 3357 1150 3417; x_wconf 79' lang='lat' dir='ltr'><strong>Sol·</strong></span> 
     </span>
     <span class='ocr_line' id='line_1_29' title="bbox 106 3437 1149 3538; baseline -0.005 -17"><span class='ocrx_word' id='word_1_246' title='bbox 106 3459 224 3521; x_wconf 78' lang='lat' dir='ltr'><strong>mafiue</strong></span> <span class='ocrx_word' id='word_1_247' title='bbox 246 3457 284 3517; x_wconf 84' lang='lat' dir='ltr'><strong>ed</strong></span> <span class='ocrx_word' id='word_1_248' title='bbox 301 3456 402 3518; x_wconf 84' lang='lat' dir='ltr'><strong>Solio.</strong></span> <span class='ocrx_word' id='word_1_249' title='bbox 418 3475 484 3538; x_wconf 85' lang='lat' dir='ltr'><strong>cap.</strong></span> <span class='ocrx_word' id='word_1_250' title='bbox 502 3471 560 3532; x_wconf 76' lang='lat'><strong>32.</strong></span> <span class='ocrx_word' id='word_1_251' title='bbox 577 3437 596 3518; x_wconf 70' lang='lat' dir='ltr'><strong>s.</strong></span> <span class='ocrx_word' id='word_1_252' title='bbox 616 3469 673 3532; x_wconf 78' lang='lat'><strong>35.</strong></span> <span class='ocrx_word' id='word_1_253' title='bbox 697 3477 728 3538; x_wconf 81' lang='lat' dir='ltr'><strong>p.</strong></span> <span class='ocrx_word' id='word_1_254' title='bbox 745 3476 789 3516; x_wconf 89' lang='lat' dir='ltr'><strong>m.</strong></span> <span class='ocrx_word' id='word_1_255' title='bbox 808 3470 891 3531; x_wconf 76' lang='lat'><strong>325.</strong></span> <span class='ocrx_word' id='word_1_256' title='bbox 930 3456 1031 3518; x_wconf 86' lang='lat' dir='ltr'><strong>Porro</strong></span> <span class='ocrx_word' id='word_1_257' title='bbox 1048 3457 1149 3517; x_wconf 79' lang='lat' dir='ltr'><strong>Fenix</strong></span> 
     </span>
     <span class='ocr_line' id='line_1_30' title="bbox 108 3557 1001 3639; baseline -0.007 -14"><span class='ocrx_word' id='word_1_258' title='bbox 108 3573 190 3625; x_wconf 81' lang='lat' dir='ltr'><strong>noto</strong></span> <span class='ocrx_word' id='word_1_259' title='bbox 206 3562 287 3622; x_wconf 86' lang='lat' dir='ltr'><strong>virio</strong></span> <span class='ocrx_word' id='word_1_260' title='bbox 304 3559 338 3618; x_wconf 88' lang='lat' dir='ltr'><strong>io</strong></span> <span class='ocrx_word' id='word_1_261' title='bbox 354 3557 544 3639; x_wconf 74' lang='lat' dir='ltr'>quibusdam</span> <span class='ocrx_word' id='word_1_262' title='bbox 559 3557 733 3620; x_wconf 81' lang='lat' dir='ltr'><strong>codicibus.</strong></span> <span class='ocrx_word' id='word_1_263' title='bbox 768 3557 875 3620; x_wconf 85' lang='lat' dir='ltr'><strong>Cibin.</strong></span> <span class='ocrx_word' id='word_1_264' title='bbox 896 3570 1001 3639; x_wconf 76' lang='lat' dir='ltr'><strong>coyro.</strong></span> 
     </span>
    </p>
   </div>
   <div class='ocr_carea' id='block_1_4' title="bbox 105 3723 1150 4258">
    <p class='ocr_par' dir='ltr' id='par_1_4' title="bbox 105 3723 1150 4258">
     <span class='ocr_line' id='line_1_31' title="bbox 276 3723 1150 3840; baseline 0.001 -20"><span class='ocrx_word' id='word_1_265' title='bbox 276 3763 307 3839; x_wconf 87' lang='lat'><strong>§.</strong></span> <span class='ocrx_word' id='word_1_266' title='bbox 347 3779 399 3824; x_wconf 82' lang='lat' dir='ltr'><strong>ro.</strong></span> <span class='ocrx_word' id='word_1_267' title='bbox 452 3723 678 3840; x_wconf 61' lang='lat' dir='ltr'><strong>perpetua)</strong></span> <span class='ocrx_word' id='word_1_268' title='bbox 735 3761 782 3821; x_wconf 84' lang='lat' dir='ltr'><strong>lta</strong></span> <span class='ocrx_word' id='word_1_269' title='bbox 813 3779 925 3822; x_wconf 80' lang='lat' dir='ltr'><strong>ornnes</strong></span> <span class='ocrx_word' id='word_1_270' title='bbox 956 3759 1082 3822; x_wconf 81' lang='lat' dir='ltr'><strong>codicer</strong></span> <span class='ocrx_word' id='word_1_271' title='bbox 1116 3771 1150 3822; x_wconf 87' lang='lat' dir='ltr'><strong>ot</strong></span> 
     </span>
     <span class='ocr_line' id='line_1_32' title="bbox 108 3857 1149 3946; baseline -0.005 -17"><span class='ocrx_word' id='word_1_272' title='bbox 108 3857 341 3946; x_wconf 77' lang='lat' dir='ltr'><strong>entiquiffimae</strong></span> <span class='ocrx_word' id='word_1_273' title='bbox 365 3863 539 3933; x_wconf 73' lang='lat' dir='ltr'><strong>editiones,</strong></span> <span class='ocrx_word' id='word_1_274' title='bbox 578 3881 636 3944; x_wconf 90' lang='lat' dir='ltr'><strong>pro</strong></span> <span class='ocrx_word' id='word_1_275' title='bbox 666 3881 730 3944; x_wconf 90' lang='lat' dir='ltr'><strong>quo</strong></span> <span class='ocrx_word' id='word_1_276' title='bbox 760 3862 824 3922; x_wconf 80' lang='lat' dir='ltr'><strong>fine</strong></span> <span class='ocrx_word' id='word_1_277' title='bbox 850 3859 937 3921; x_wconf 82' lang='lat' dir='ltr'><strong>causa</strong></span> <span class='ocrx_word' id='word_1_278' title='bbox 961 3861 1149 3924; x_wconf 69' lang='lat' dir='ltr'><strong>ciacconius</strong></span> 
     </span>
     <span class='ocr_line' id='line_1_33' title="bbox 109 3963 1147 4047; baseline -0.005 -18"><span class='ocrx_word' id='word_1_279' title='bbox 109 3967 248 4030; x_wconf 83' lang='lat' dir='ltr'><strong>malebat</strong></span> <span class='ocrx_word' id='word_1_280' title='bbox 267 3977 435 4044; x_wconf 79' lang='lat' dir='ltr'><strong>perpetuo,</strong></span> <span class='ocrx_word' id='word_1_281' title='bbox 462 3967 508 4024; x_wconf 78' lang='lat' dir='ltr'><strong>uti</strong></span> <span class='ocrx_word' id='word_1_282' title='bbox 531 3965 645 4047; x_wconf 82' lang='lat' dir='ltr'><strong>legitur</strong></span> <span class='ocrx_word' id='word_1_283' title='bbox 667 3967 762 4026; x_wconf 76' lang='lat' dir='ltr'><strong>etiem</strong></span> <span class='ocrx_word' id='word_1_284' title='bbox 784 3964 816 4022; x_wconf 89' lang='lat' dir='ltr'><strong>in</strong></span> <span class='ocrx_word' id='word_1_285' title='bbox 841 3963 914 4024; x_wconf 85' lang='lat' dir='ltr'><strong>edd.</strong></span> <span class='ocrx_word' id='word_1_286' title='bbox 931 3964 963 4025; x_wconf 85' lang='lat'><strong>6.</strong></span> <span class='ocrx_word' id='word_1_287' title='bbox 982 3977 1013 4036; x_wconf 83' lang='lat'><strong>7.</strong></span> <span class='ocrx_word' id='word_1_288' title='bbox 1038 3975 1071 4040; x_wconf 80' lang='grc'><strong>8.</strong></span> <span class='ocrx_word' id='word_1_289' title='bbox 1094 3983 1147 4026; x_wconf 87' lang='grc' dir='ltr'><strong>ιο.</strong></span> 
     </span>
     <span class='ocr_line' id='line_1_34' title="bbox 116 4063 1148 4149; baseline -0.003 -18"><span class='ocrx_word' id='word_1_290' title='bbox 116 4081 173 4148; x_wconf 83' lang='lat'><strong>15.</strong></span> <span class='ocrx_word' id='word_1_291' title='bbox 196 4081 329 4142; x_wconf 64' lang='lat' dir='ltr'><strong>xmo.</strong></span> <span class='ocrx_word' id='word_1_292' title='bbox 352 4079 407 4142; x_wconf 72' lang='lat'><strong>23.</strong></span> <span class='ocrx_word' id='word_1_293' title='bbox 448 4067 532 4127; x_wconf 83' lang='lat' dir='ltr'>Illud</span> <span class='ocrx_word' id='word_1_294' title='bbox 554 4066 597 4127; x_wconf 85' lang='lat' dir='ltr'><strong>est</strong></span> <span class='ocrx_word' id='word_1_295' title='bbox 617 4067 712 4128; x_wconf 80' lang='lat' dir='ltr'><strong>etiam</strong></span> <span class='ocrx_word' id='word_1_296' title='bbox 735 4065 921 4146; x_wconf 71' lang='lat' dir='ltr'><strong>elegantior.</strong></span> <span class='ocrx_word' id='word_1_297' title='bbox 960 4063 1032 4125; x_wconf 90' lang='lat' dir='ltr'><strong>Post</strong></span> <span class='ocrx_word' id='word_1_298' title='bbox 1055 4065 1148 4149; x_wconf 82' lang='lat' dir='ltr'><strong>Prag.</strong></span> 
     </span>
     <span class='ocr_line' id='line_1_35' title="bbox 105 4157 1150 4258; baseline -0.003 -26"><span class='ocrx_word' id='word_1_299' title='bbox 105 4171 226 4242; x_wconf 65' lang='grc' dir='ltr'><strong>ὀπταῖς</strong></span> <span class='ocrx_word' id='word_1_300' title='bbox 258 4169 291 4230; x_wconf 86' lang='lat' dir='ltr'><strong>io</strong></span> <span class='ocrx_word' id='word_1_301' title='bbox 308 4165 392 4252; x_wconf 82' lang='lat' dir='ltr'><strong>Lips.</strong></span> <span class='ocrx_word' id='word_1_302' title='bbox 409 4167 492 4232; x_wconf 78' lang='lat' dir='ltr'><strong>abest</strong></span> <span class='ocrx_word' id='word_1_303' title='bbox 512 4189 611 4240; x_wconf 84' lang='lat' dir='ltr'><strong>aevo,·</strong></span> <span class='ocrx_word' id='word_1_304' title='bbox 643 4169 730 4230; x_wconf 89' lang='lat' dir='ltr'><strong>idern</strong></span> <span class='ocrx_word' id='word_1_305' title='bbox 747 4165 863 4228; x_wconf 90' lang='lat' dir='ltr'><strong>deinde</strong></span> <span class='ocrx_word' id='word_1_306' title='bbox 881 4165 933 4226; x_wconf 82' lang='lat' dir='ltr'><strong>dat</strong></span> <span class='ocrx_word' id='word_1_307' title='bbox 948 4157 1075 4258; x_wconf 82' lang='lat' dir='ltr'><strong>semper</strong></span> <span class='ocrx_word' id='word_1_308' title='bbox 1097 4187 1150 4228; x_wconf 80' lang='lat' dir='ltr'><strong>ex·</strong></span> 
     </span>
    </p>
   </div>
   <div class='ocr_carea' id='block_1_5' title="bbox 0 0 1447 4940">
    <p class='ocr_par' dir='ltr' id='par_1_5' title="bbox 0 0 1447 4940">
     <span class='ocr_line' id='line_1_36' title="bbox 0 0 1447 4940; baseline 0 0"><span class='ocrx_word' id='word_1_309' title='bbox 0 0 1447 4940; x_wconf 95' lang='lat' dir='ltr'><strong> </strong></span> 
     </span>
    </p>
   </div>
  </div>
 </body>
</html>
