2752 4944
319 429 381 502 286
618 427 856 494 eomeoNtt
892 425 1059 484 MELAE

317 605 359 668 de
380 623 440 685 qua
455 601 629 664 variatione
649 601 824 664 Burmann.
839 599 880 661 ad
896 599 1041 663 Petronii
1061 601 1161 680 satyr.
1176 603 1234 674 45,
1253 601 1285 675 4.
1310 606 1338 653 et

318 703 399 768 infra
420 704 458 766 ad
484 717 515 782 3.
540 705 573 775 6,
596 721 630 782 9.
669 702 808 765 Vindob.
833 701 918 764 Gud.
940 704 1114 788 liehdiger.
1134 699 1225 780 cepit.

485 909 515 984 §.
552 923 583 970 2.
642 904 752 966 aliae
782 903 1004 988 aliaeque)
1061 904 1207 968 Priorem
1236 918 1339 964 vocem

321 1009 478 1072 omittunt
499 1008 597 1069 Varie.
619 1020 651 1086 5.
674 1006 813 1067 Vindob.
837 1007 927 1091 Prag.
1007 1055 1009 1060 ,

396 1207 568 1291 gentes)
617 1205 753 1270 Vossian.
778 1219 812 1285 5.
840 1209 928 1270 addit
953 1220 1077 1280 tenent;
1120 1207 1274 1269 Vadimus
1297 1202 1341 1262 ad·

321 1312 436 1396 pendit
464 1309 626 1380 hubitant,
664 1311 749 1392 quod
779 1330 853 1370 cum
875 1313 944 1372 eius
967 1307 1083 1370 familia
1108 1307 1266 1369 servarunt
1285 1305 1340 1364 Oli-

323 1415 467 1474 varianae
491 1431 563 1472 eum
589 1421 646 1490 24.
679 1413 809 1472 Vinetue
834 1424 866 1472 et
893 1413 1061 1480 Schottus,
1092 1410 1214 1491 expulit
1238 1410 1340 1467 iterum

323 1511 455 1584 Voffiue,
482 1526 513 1573 et
532 1515 679 1598 ignorant
695 1513 817 1573 codices
835 1513 1056 1591 editioneeque
1078 1525 1151 1572 ante
1169 1510 1339 1570 Vadiauum.

323 1633 528 1676 uzecuvcrtu.
582 1615 778 1682 Lectionum,
801 1633 895 1692 quam
911 1613 1068 1680 dedimus,
1094 1613 1279 1672 confirmant
1298 1625 1341 1666 ve·

324 1729 388 1778 tera
413 1715 616 1795 exemplaria,
647 1715 682 1774 in
708 1713 823 1794 quibus
848 1713 930 1776 deest
953 1707 991 1775 τὸ
1014 1711 1175 1774 dubitarit.
1217 1727 1342 1790 uosetvs.

323 1818 490 1878 Editiones
523 1815 645 1876 addunt
679 1811 814 1876 habitat.
867 1817 910 1877 tit
939 1813 1021 1876 Voff.
1048 1829 1082 1892 5.
1117 1815 1206 1874 addit
1241 1821 1342 1876 teueut,

323 1917 454 2000 perinde
475 1927 568 1996 atque
590 1915 738 1978 meliores
763 1915 855 1978 MSS.
880 1916 912 1976 h.
933 1915 955 1976 l.
980 1935 1046 1996 cap.
1066 1935 1096 1978 1.
1125 1911 1233 1996 quoad
1250 1913 1343 1970 Satur·-

324 2021 401 2078 cdae
429 2028 460 2076 et
490 2001 616 2076 Taurici
642 2029 758 2078 tenent.
816 2010 864 2078 Τὸ
895 2013 1046 2077 habitant
1074 2028 1184 2076 ortum
1206 2011 1289 2072 fuiss'e
1310 2027 1343 2070 ex

322 2118 418 2202 glossa
440 2113 499 2180 τοῦ
522 2127 637 2186 tenent,
661 2117 756 2196 idque
770 2115 904 2177 verbum
923 2116 965 2178 ob
983 2118 1181 2176 vicinitatem
1194 2115 1343 2174 literarum

324 2221 414 2280 vocis
433 2229 576 2297 geutese
600 2229 751 2276 contextu
778 2216 922 2278 excidiffe
950 2217 1143 2280 existimabat
1169 2214 1345 2278 Oudendor-

322 2321 404 2401 piue.
441 2337 472 2379 A.
499 2335 705 2380 euouovtvs.
757 2315 848 2376 Nihil
869 2332 959 2398 puto,
986 2321 1112 2388 excidit,
1139 2321 1241 2378 immo
1258 2313 1344 2380 sutile,

322 2421 409 2500 quod
434 2420 504 2500 quis
533 2417 585 2479 hic
606 2417 773 2488 defideret,
805 2417 941 2501 subpleri
966 2420 1065 2500 potest
1095 2439 1133 2480 ex
1160 2417 1356 2497 sequentium,

322 2541 424 2590 nexu,
453 2523 487 2578 in
510 2537 573 2599 quo
597 2519 719 2589 colunt,
750 2538 808 2600 pro
823 2539 886 2600 quo
903 2521 954 2580 hic
972 2521 1086 2580 meluit
1107 2517 1189 2580 Vott.
1209 2531 1241 2594 5.
1263 2513 1346 2574 infer·

323 2622 386 2684 cire
413 2632 529 2682 teuent.
583 2619 698 2680 Maiori
717 2633 830 2680 ,contra
858 2636 890 2682 et
911 2621 1034 2684 iustiori
1055 2619 1209 2682 desiderio
1235 2620 1268 2678 in
1289 2615 1347 2696 qui·

322 2722 456 2786 burdam
479 2721 552 2782 edd.
577 2718 695 2784 exsulat
719 2733 825 2783 tenent
848 2741 878 2792 ι.
902 2737 933 2792 2,
959 2723 993 2785 6.

388 2917 571 3016 sinistra
606 2921 753 3004 purte)
813 2921 959 2984 Ciuccon.
997 2924 1054 3002 (in
1094 2935 1158 3003 quo
1192 2937 1225 2984 et
1251 2918 1346 3002 postea

327 3025 468 3106 Togatae
496 3023 639 3102 Galliae)
673 3025 771 3084 Vetic.
795 3023 877 3104 Lips.
902 3025 1009 3086 Cibin.
1036 3023 1132 3087 Parit.
1157 3046 1186 3084 1.
1214 3037 1245 3102 5.
1272 3019 1345 3082 Gud.

321 3127 412 3210 Prag.
437 3125 576 3186 Vindob.
599 3123 772 3208 Rehdiger.
798 3126 909 3186 Vener.
935 3125 1041 3188 Have.
1066 3144 1141 3184 eum
1165 3125 1239 3185 edd.
1267 3141 1295 3186 1.
1319 3135 1344 3182 2.

325 3239 358 3304 5.
383 3239 417 3308 4.
443 3238 476 3301 5.
500 3227 533 3288 6.
559 3241 592 3306 7.
619 3237 652 3301 8.
676 3243 710 3303 9.
740 3245 795 3288 ιο.
821 3246 873 3287 ιι.
900 3243 955 3291 12.
985 3239 1038 3304 13.
1066 3237 1121 3303 14.
1145 3237 1200 3302 15.
1223 3240 1275 3298 17.
1298 3238 1344 3298 19·

327 3343 384 3390 20.
411 3339 468 3404 25.
493 3321 660 3416 fiufiram
685 3339 826 3405 partem3
863 3327 938 3386 inde
964 3347 981 3386 a
1007 3327 1149 3388 Vadiuno
1177 3327 1291 3408 iegitur
1318 3322 1346 3378 in

323 3427 453 3506 reliquis
477 3423 604 3516 sinistra
627 3439 730 3505 parte.
773 3445 975 3489 testaveris.
1041 3428 1157 3488 Aldus:
1190 3423 1346 3516 surssrcmr

322 3539 457 3608 partem.
510 3527 599 3596 Vide,
626 3546 666 3585 an
690 3526 863 3609 legendum
884 3529 937 3588 fit:
972 3523 1192 3618 adsmfiram
1217 3537 1347 3606 parterm

323 3648 398 3688 uam
429 3626 583 3708 sequitur:
627 3626 678 3688 Ad
707 3627 852 3687 dextram
878 3619 960 3719 suut
974 3621 1037 3718 sub
1060 3625 1191 3707 Alpibur
1214 3627 1345 3704 Ligures.

325 3747 522 3789 ιιιιίιιιιιιι.
587 3728 749 3807 Equidem
770 3741 853 3788 recte
878 3750 894 3788 a
919 3731 1059 3789 Vadiano
1080 3730 1187 3790 locum
1210 3725 1347 3788 coustitu-

323 3841 397 3888 tum
417 3829 476 3889 effe
498 3841 597 3910 put0,
630 3830 665 3888 in
688 3847 751 3908 quo
782 3829 863 3888 maie
885 3828 989 3890 sedula
1011 3849 1124 3890 manus
1149 3826 1290 3908 adposuit
1311 3845 1347 3896 ιιι,

324 3931 415 3990 cuius
440 3929 577 4013 fignum,
608 3930 724 3990 lineola
747 3927 869 4000 brevis,
900 3931 1086 3991 etiamaiibi
1106 3931 1204 3990 modu
1226 3925 1349 4008 negligi·

325 4043 385 4100 tur,
409 4031 508 4092 modo
531 4030 720 4090 obtruditur.
772 4029 898 4111 Nempe
919 4032 1014 4092 verba
1042 4031 1196 4110 Togatam
1219 4029 1348 4088 Gadium

324 4131 404 4192 hauc
432 4129 567 4196 formam
597 4130 763 4214 respuunt,
796 4145 828 4192 et
855 4136 941 4212 quod
967 4133 1048 4196 God.
1077 4133 1223 4194 Ciamon.
1251 4127 1347 4188 scribit
