2848 4942
333 453 374 498 2⁰
631 429 874 490 somnum
912 431 1074 488 Mnus!

333 608 420 695 Lips.
440 605 577 670 vindob.
596 619 632 666 ut
647 605 721 669 cdd.
747 627 775 668 1.
796 623 826 668 c.
845 623 880 685 9.
896 607 1048 680 muricus
1072 602 1245 691 Rchdigcr.
1263 605 1357 668 Thou·

334 717 428 786 ricis‚·
454 712 551 770 vnio.
573 723 606 784 3.
624 709 736 770 chct.
758 706 928 780 Tauricus‚·
952 707 1043 792 Prag.
1064 707 1246 770 Thouria-us.
1283 705 1357 772 Tis

334 813 472 878 odhaesst
504 833 544 873 ex
569 811 713 892 proximo
738 827 834 878 vocc.
874 811 959 870 unde
990 811 1047 870 aiis
1073 811 1233 891 corruptio
1260 809 1354 872 fliuit.

333 919 435 980 Antea
461 909 615 1004 Erfiuum
637 911 708 972 edd.
739 931 766 972 ι.
790 927 825 990 9.
855 905 967 985 Καλός
992 905 1088 998 λιμὴν
1116 912 1199 974 Cdd.
1225 925 1259 973 ct
1286 913 1357 972 auti·

335 1037 414 1100 quse
440 1016 513 1077 cdd.
538 1013 659 1076 Latinis
684 1011 784 1076 literis
803 1010 944 1076 efferunt
968 1011 1054 1076 caios
1082 1011 1193 1085 insen,
1225 1013 1275 1074 uti
1295 1012 1357 1096 poii

332 1121 399 1182 criu
423 1130 581 1196 metopon.

409 1315 678 1400 includitur)
728 1319 838 1384 cibin.
859 1315 1031 1382 inducitur.
1067 1319 1152 1380 Tum
1170 1315 1355 1380 Aitccirrium

331 1435 363 1486 ci
384 1421 515 1482 aiterum
535 1441 618 1500 opou
641 1435 781 1494 occursu
814 1419 908 1484 Parii.
928 1439 958 1484 1.
983 1436 1015 1482 Ω.
1040 1419 1172 1480 aiterum
1191 1419 1311 1482 Cirium
1330 1432 1358 1480 ec

335 1523 441 1604 Orsum
463 1534 600 1594 cocao&
632 1521 726 1584 «Gur.
750 1523 836 1583 orion
864 1533 896 1582 ct
917 1542 1021 1601 opou,·
1060 1521 1149 1606 Prag.
1172 1523 1306 1580 currium
1329 1531 1357 1579 et

333 1643 469 1704 oprepo;
501 1621 638 1706 Rohdig.
665 1623 761 1684 crium
780 1623 938 1702 cenapum·
964 1621 1100 1684 vindob.
1124 1643 1178 1682 cru
1200 1635 1358 1700 metopon:

332 1727 448 1787 Venet.
474 1725 571 1783 crium
592 1735 622 1784 ct
644 1742 744 1802 oport,
777 1739 815 1784 ut
830 1723 904 1786 cdd.
926 1745 955 1784 1.
974 1739 1006 1786 Ω.
1022 1739 1054 1801 9.
1082 1721 1165 1804 Lipf.
1186 1725 1283 1784 crisim
1300 1735 1357 1784 cio·

331 1845 408 1907 post.
460 1824 543 1886 Edd.
569 1837 602 1900 3.
626 1833 661 1902 4.
680 1836 713 1900 5.
732 1825 765 1888 6.
790 1837 823 1885 et
840 1825 917 1885 aliae
934 1843 972 1886 ex
990 1825 1101 1905 primis
1123 1825 1187 1884 criu
1207 1837 1358 1901 necropoo,

330 1939 369 1988 ut
388 1938 478 1986 antea
495 1924 580 1986 calos
602 1923 703 1995 limen,
730 1937 762 1986 et
778 1925 840 1986 hoc
854 1921 956 2006 ipsum
971 1927 1003 1984 in
1020 1925 1127 1986 Plinio
1143 1935 1177 2004 4.
1194 1927 1250 1988 26.
1270 1923 1289 1988 s.
1309 1939 1359 1986 ια.

331 2029 412 2088 Vera
443 2026 537 2087 lectio
560 2021 601 2086 in
634 2039 742 2109 aperto
774 2025 899 2106 prostat.
951 2023 1002 2089 Ti
1024 2025 1155 2086 alterum
1182 2027 1286 2087 omisit
1311 2029 1358 2086 ed.

331 2127 436 2212 Lugd.
469 2127 572 2204 1646.
599 2138 632 2188 ot
662 2126 799 2190 Vindob.
828 2126 898 2209 post
921 2126 1033 2190 habeti
1065 2125 1190 2211 quidem
1213 2127 1246 2189 iu
1268 2122 1361 2220 Asio,·

330 2228 416 2292 Gna.
442 2223 562 2319 Astom.

407 2451 483 2510 par
507 2440 545 2490 cc
570 2421 730 2520 advers
730 2451 788 2490 um
797 2428 817 2511 )
868 2428 951 2512 Lips.
973 2421 1250 2522 patecadoerfim
1274 2431 1358 2492 Gud.

331 2532 423 2615 Prag.
446 2531 588 2594 Vindob.
612 2535 705 2608 ualet
725 2521 907 2620 adoerfirm,
932 2551 1011 2613 quse
1028 2533 1093 2594 duo
1112 2533 1260 2594 vocabuu
1280 2532 1362 2593 Reh-

332 2635 432 2717 digcr.
459 2631 508 2693 bio
537 2634 642 2710 ponit.
700 2633 783 2692 Edd.
810 2633 848 2692 ad
877 2633 1047 2695 Schouum
1081 2653 1195 2696 omnes
1228 2647 1359 2714 excepto

331 2735 451 2796 Vineto
476 2723 663 2822 adversum
697 2733 749 2794 ilie
776 2733 881 2794 dedit:
932 2733 1017 2816 quod
1045 2735 1079 2794 in
1104 2730 1198 2823 Afioc
1223 2735 1361 2794 diximus

331 2848 425 2917 parte
445 2824 632 2923 advorsumr
665 2833 728 2902 hic.
753 2833 839 2916 qreod
862 2837 893 2895 in
917 2831 993 2923 Asta
1014 2834 1154 2895 diximus
1174 2856 1237 2914 por
1253 2849 1285 2896 et
1305 2834 1362 2895 ad·

331 2926 471 3026 versum,
501 2947 538 2992 ut
558 2933 626 3015 post
646 2953 718 2994 cum
741 2931 844 2996 Vossio
869 2937 980 3004 cesari,
1013 2934 1100 2996 ieniu
1122 2951 1196 3017 apto
1217 2949 1249 2997 et
1273 2955 1360 3004 vero,

331 3055 428 3117 quem
450 3035 545 3096 etiam
569 3036 609 3094 fic
628 3036 768 3096 reddunt
792 3038 846 3096 ulii
871 3038 1007 3099 Codices
1030 3038 1093 3098 mei
1117 3051 1150 3097 et
1174 3035 1360 3099 Ciocconius

331 3157 371 3198 ex
393 3134 449 3196 suo
470 3137 605 3196 notauit.
640 3154 845 3197 uzscurcuu.
902 3137 1025 3222 (instigo
1049 3135 1250 3210 Carambico,
1277 3137 1361 3220 quini

331 3237 366 3297 in
382 3231 475 3325 Afloc
498 3233 642 3294 diximus
661 3251 755 3313 parco
775 3228 957 3326 adversum,
991 3251 1026 3297 ut
1045 3239 1168 3298 Plinius
1187 3252 1256 3298 tum
1274 3239 1359 3308 alibi,

332 3350 402 3398 tum
418 3337 450 3396 in
465 3333 550 3396 [exto
572 3354 600 3396 c.
619 3348 676 3412 50.
700 3330 741 3422 [f.
759 3333 840 3420 [ἡ]
866 3359 906 3397 ex
923 3331 1055 3429 adverso
1070 3341 1104 3399 iu
1121 3335 1215 3427 Assae
1236 3336 1361 3426 [immo

331 3429 485 3526 Africae]
511 3447 606 3515 porte
620 3434 791 3498 Macrobii.
818 3457 1015 3500 murmuro.
1071 3443 1106 3502 V.
1123 3441 1160 3502 C.
1180 3439 1360 3509 Caroruhio,

331 3537 437 3620 quod,·
461 3537 522 3622 leg.
548 3534 744 3608 Carambico,
769 3539 855 3622 qrrod
869 3542 902 3600 iu
918 3537 994 3630 Assa
1010 3541 1158 3612 diximus,
1182 3561 1244 3621 par
1259 3554 1290 3601 et
1305 3541 1361 3600 ad·

331 3629 466 3728 vcrsm.
518 3637 635 3698 Paret
654 3631 819 3730 adversum
838 3641 1047 3704 etiumhabet
1068 3643 1105 3702 V.
1126 3642 1165 3704 C.
1209 3641 1286 3702 Ideo
1309 3662 1361 3702 au·

331 3752 399 3800 tem
420 3759 483 3818 par
500 3739 560 3802 offe
579 3740 676 3808 dixit.
701 3745 790 3821 quio,
819 3743 892 3804 ficut
913 3742 1076 3804 Carambis
1096 3743 1240 3802 inedium
1261 3741 1361 3802 Euxi-

330 3859 411 3901 num
430 3837 525 3910 secat.
551 3841 591 3900 fic
605 3855 638 3902 et
655 3841 731 3903 Criu
753 3857 919 3926 metopon.
972 3845 1095 3905 Plinius
1119 3859 1150 3912 2,
1172 3859 1230 3906 20.
1250 3856 1283 3904 et
1300 3843 1360 3904 lib.

331 3949 365 4022 4,
399 3955 451 4004 ια.
485 3937 608 4028 [immo
637 3953 672 4020 4.
703 3945 760 4006 26.
792 3943 813 4006 s.
843 3961 897 4007 ια.
924 3939 1070 4030 tontum]
1107 3945 1360 4004 Promontorium

332 4042 411 4104 Criu
442 4055 586 4122 metopon
616 4037 783 4133 adversum
813 4043 979 4117 Corambi,
1014 4043 1108 4136 Astae
1131 4047 1359 4126 promontorio,

323 4164 381 4224 per
401 4143 535 4206 medium
555 4145 720 4206 Euxinum
743 4167 916 4212 excurrens.
964 4149 1015 4212 sic
1033 4147 1232 4231 Pomponius
1249 4145 1304 4209 lib.
1328 4165 1360 4208 o.
