2836 4940
357 457 449 514 ιιι
479 457 530 512 nr.
582 455 615 514 o
637 456 716 518 vui.
758 453 841 526 er.
1061 472 1121 540 25⁹

154 651 262 694 mare
270 627 289 712 )
326 630 527 714 Expulerunt
542 629 623 692 hanc
638 649 751 692 rocem
766 631 839 694 edd.
860 637 917 714 24.
934 639 990 710 25.
1011 637 1117 696 omni·

75 753 186 816 noque
207 733 425 803 Oliverirnae‚
449 733 617 802 Schottus‚
643 729 782 804 Volline.
807 743 867 814 4ο.
891 745 951 814 41.
974 747 1034 816 42.
1074 741 1117 800 At

76 848 212 898 tuentur
234 835 343 898 MSSti
364 854 477 898 omnes
492 851 524 896 et
544 835 700 896 editiones
720 835 875 918 reliquae,
901 851 934 898 et
949 855 1117 904 revocure·

77 951 156 1004 runt
171 938 314 1010 Vinetus,
329 937 529 1007 lleinoldius,
546 935 614 1018 post
628 937 701 997 edd.
715 945 776 1014 44.
793 950 825 998 et
838 938 924 1000 aliae.
955 938 1116 1004 Omiilum

12 1117 17 1124 ι
77 1037 140 1101 elle
156 1039 291 1108 videtur,
313 1039 386 1120 qnia
403 1037 491 1120 supra
507 1039 568 1098 iarn
584 1035 695 1100 adluit.
730 1040 792 1101 Sed
810 1041 1011 1102 intercedunt
1028 1045 1117 1124 plure

77 1155 112 1202 et
129 1141 162 1202 in
183 1141 294 1222 primis
314 1134 452 1228 ἐρυθρὰν
471 1133 660 1203 θάλασσαν.
712 1141 866 1202 Vadianae
884 1154 990 1203 tumen
1008 1147 1116 1208 minue

75 1241 162 1304 bene
183 1243 224 1303 lio
240 1241 456 1326 tlillinguuntt
490 1231 645 1332 asperum,
675 1263 760 1301 mare
778 1233 988 1332 profundum,
1014 1259 1046 1328 et
1065 1275 1116 1292 -

76 1345 168 1405 Turn
184 1344 282 1405 Vatic.
301 1357 334 1422 3.
357 1343 447 1428 Prag.
468 1343 544 1403 dant
566 1355 596 1404 et
617 1332 773 1434 asperum.

158 1493 413 1576 recedentes)
464 1493 599 1558 Codices
615 1495 756 1576 quidam,
779 1495 881 1557 veluti
895 1499 1006 1561 Venet.
1028 1499 1113 1566 Gud.

75 1593 255 1680 Rehdiger.
280 1595 468 1670 recedentis;
494 1598 633 1658 Venetus
656 1599 751 1656 etiem
772 1614 945 1678 praeterea:
979 1601 1116 1664 recedera-

75 1700 124 1760 tis
146 1719 262 1778 magno
285 1699 427 1758 littorum
450 1695 536 1766 orbe,
563 1717 658 1778 qnam
678 1699 886 1780 adpendicem
906 1722 943 1762 ex
962 1701 1117 1784 sequenti·

76 1799 142 1862 bue
168 1799 231 1860 huc
256 1801 402 1862 adtraxit.
455 1799 623 1862 Editionee
649 1814 772 1862 veteres
799 1814 832 1862 et
857 1801 926 1884 poll
948 1805 1116 1888 pleraeque

77 1903 160 1963 aliae
182 1921 255 1962 curn
271 1903 387 1962 Vineto
409 1899 595 1971 recedentis.
624 1902 693 1972 vel,
719 1902 765 1962 uti
787 1911 845 1980 24.
867 1917 923 1980 25.
942 1919 974 1967 et
991 1919 1118 1968 tantum

77 2022 149 2065 non
165 2021 277 2064 omnes
294 2003 493 2064 Olivarienae
511 2023 587 2063 curn
602 2003 738 2065 Schotto
756 2003 960 2080 recedenteis,·
985 2005 1119 2090 Stepha-

78 2125 143 2166 nus
159 2106 246 2164 enirn
269 2101 359 2188 (53.)
380 2117 411 2166 et
434 2101 624 2166 Henilchiue
644 2101 734 2188 (34.)
755 2105 913 2168 dedorunt
934 2108 1118 2182 recedentes.

78 2207 131 2266 uti
148 2225 221 2266 curn
237 2201 344 2268 Vollro
365 2205 512 2288 reliquae.
552 2203 596 2266 Ni
615 2205 784 2267 recedentis
800 2209 927 2289 antiqua
944 2209 986 2270 est
1007 2209 1119 2283 forma.

80 2307 198 2368 melior
214 2309 343 2388 quidem
360 2307 420 2376 illa,
442 2327 537 2390 quom
555 2306 747 2378 recedenteir,
770 2307 887 2370 librarii
904 2313 1003 2393 inepti
1021 2315 1119 2375 maris

79 2409 138 2470 hic
152 2409 245 2470 latere
262 2423 420 2492 putarunt.
443 2410 481 2470 ad
496 2409 580 2490 qnod
598 2406 776 2471 referretur.
813 2411 875 2472 Sed
894 2425 925 2472 et
941 2415 1014 2476 alias
1030 2415 1119 2476 uilta-

80 2511 147 2572 tior
161 2509 262 2572 forma
276 2515 309 2572 in
329 2509 467 2593 prosaico
489 2511 601 2572 melius
616 2511 723 2572 locum
744 2526 885 2593 occupat.

159 2684 179 2724 u
189 2683 257 2744 equ
267 2685 286 2720 n
296 2659 352 2722 bil
359 2663 370 2722 i
377 2675 437 2724 ter
443 2660 461 2742 )
512 2663 560 2722 Er
575 2661 697 2722 filentio
712 2661 910 2722 conlatorem
926 2663 1119 2736 Parisseuiee.

83 2764 200 2826 Venet.
226 2763 330 2825 Havn.
353 2763 532 2824 babuenrnt
552 2763 741 2845 aeqrroliter.
775 2765 861 2844 qnorl
883 2765 945 2848 legi
972 2769 1004 2825 in
1031 2765 1117 2829 Gud.

81 2879 117 2926 et
141 2867 336 2926 editionibus
359 2865 509 2927 omnibns
527 2865 564 2925 sd
586 2885 644 2945 qo.
674 2865 942 2943 iniciuntur.
996 2869 1022 2928 l.
1041 2867 1118 2928 Gro-

81 2969 204 3028 novius
231 2989 269 3028 ex
300 2965 358 3028 lule
383 2967 506 3028 iussus
529 2965 667 3046 reposuit
698 2963 916 3047 aequabiliter,
955 2967 1001 3026 uti
1034 2983 1117 3030 certe

81 3070 182 3129 etiam
198 3069 351 3130 exhibent
367 3067 479 3148 reliqui
499 3070 623 3129 codices
646 3069 720 3134 mei.
746 3082 777 3128 et
799 3083 837 3126 ex
854 3066 907 3126 luo
923 3064 1120 3149 adscripscrat

82 3171 287 3234 Ciaccnniue.
327 3187 532 3232 rzscnvcrte.
597 3167 810 3249 Aeqnobiliter
842 3169 929 3229 edidi
955 3189 1041 3230 nuno
1067 3171 1120 3232 de·

81 3292 190 3340 mum.
213 3291 311 3352 quum
329 3285 448 3353 praeter
467 3270 606 3332 Gudiani
623 3271 740 3332 codicis
755 3271 972 3330 auctoritatem
991 3273 1036 3350 [at
1052 3273 1118 3335 vtd.

80 3377 192 3455 antea]
216 3375 302 3434 lieret
320 3373 399 3432 mihi
421 3373 497 3434 fides
513 3371 634 3432 eiusab
652 3371 897 3440 Mediolanensi,
929 3371 982 3432 etsi
1007 3373 1121 3435 hucus-

83 3495 153 3558 que
174 3475 341 3536 maluerint
357 3474 450 3536 edere
467 3471 648 3556 aequaliter.
678 3491 701 3534 1.
720 3491 926 3534 onouovrve.
969 3472 1120 3535 Probavit

82 3577 170 3640 hanc
197 3577 384 3644 lectionem,
420 3595 515 3656 quern
539 3574 728 3634 confirmant
755 3574 896 3655 plerique
919 3585 951 3634 et
973 3573 1122 3638 meliores

83 3680 178 3748 libri,
213 3679 310 3740 Corte
333 3679 370 3736 ad
392 3675 512 3738 Sallust.
535 3675 627 3738 Catil.
652 3691 683 3744 2,
703 3687 735 3752 3.
791 3677 924 3755 Vtraque
940 3693 1004 3736 vox
1024 3677 1121 3738 etiam

82 3783 225 3843 variatur
242 3782 275 3839 in
299 3777 479 3838 Mamertini
498 3777 640 3859 genetlrl.
661 3776 847 3836 Maximiani
870 3795 935 3855 cap.
954 3776 986 3844 6.
1006 3789 1039 3853 3.
1066 3777 1123 3840 ubi

84 3883 157 3944 vid.
181 3901 260 3962 qnne
285 3879 325 3940 de
355 3897 462 3940 earum
488 3879 671 3938 discrimine
696 3875 851 3938 disserunt
870 3877 1067 3938 Schwarzius
1088 3891 1122 3938 et

84 3984 300 4050 Armenius,
327 3981 467 4062 itemque
491 3979 699 4060 Oudendorp.
722 3979 758 4037 arl
780 3981 912 4038 Sueton.
935 3978 966 4036 in
985 3977 1120 4040 Claudio

86 4107 116 4148 c.
142 4087 196 4148 16.
234 4085 287 4146 Sic
302 4079 476 4142 exitiabilis
496 4094 528 4141 et
545 4079 685 4140 exitialis
700 4079 782 4162 apud
805 4079 940 4160 Eutrop.
958 4091 990 4160 8,
1012 4101 1040 4142 t.
1064 4079 1120 4140 ubi

85 4189 156 4252 rid.
176 4197 296 4250 notata.
337 4185 381 4248 Et
397 4183 437 4246 lio
457 4177 569 4266 pellem
588 4181 710 4244 ssmilia.

709 4282 740 4344 it
767 4295 789 4346 Ω
