2826 4936
347 403 435 461 mn
465 405 518 458 tu.
561 403 595 460 c.
617 405 669 460 111.
711 401 737 472 t.
762 415 791 460 n.
1054 413 1096 486 Β,

79 577 150 658 gorir
168 575 287 649 dimit.
322 595 396 640 oum
418 587 452 639 et
472 573 537 658 ipie
552 565 689 666 frigora
710 575 815 659 paullo
837 575 948 640 durius
970 579 1096 642 dictum

79 677 128 740 effe
145 681 254 740 innuat
277 695 310 742 et
340 679 524 764 genitivum
542 669 709 768 frigorum
739 691 900 759 tamquam
922 683 1097 762 expeditio·

78 799 134 840 retu
156 780 312 865 largiatur.
370 779 521 844 Proxime
546 777 643 842 verba
675 793 847 862 antequam
877 771 1009 860 puberes
1021 778 1098 874 fluo

78 879 173 942 desunt
190 884 224 944 in
239 880 398 969 Pregenfi.
433 880 509 945 Pott
522 880 697 966 Rehdiger.
714 880 810 944 habet
827 895 974 966 corrupte
995 881 1098 948 iibrrit

77 979 209 1048 oliorum.

139 1184 331 1281 Quamuis
348 1177 508 1280 suevo)
557 1183 700 1252 vindob.
724 1177 910 1280 quieseunt
940 1187 1014 1251 edd.
1038 1209 1095 1255 tt.

80 1291 255 1370 15.quovis
271 1279 376 1382 soevo
397 1289 539 1373 neglecta
559 1288 688 1353 lineola.
720 1289 874 1358 Ceterum
888 1303 920 1352 et
937 1290 989 1352 hic
1004 1291 1097 1354 locut

75 1387 257 1452 distinctione
276 1389 396 1452 laborat
410 1403 443 1450 et
458 1392 492 1452 in
510 1387 631 1452 diversa
648 1389 792 1452 trahitur.
832 1392 961 1454 Veteree
982 1393 1097 1455 editio·

74 1507 121 1550 net
134 1491 172 1552 ita
187 1491 348 1562 incidunt,
373 1488 449 1562 iere.
476 1505 514 1552 ut
533 1491 631 1554 verba
653 1493 802 1576 quamuis
815 1482 920 1583 saeuo
942 1493 1039 1554 bieme
1057 1493 1097 1556 ari

75 1587 216 1673 sequeutia
234 1591 423 1666 referantur,
447 1593 567 1676 aliquae
587 1594 683 1655 etiarn
703 1593 771 1676 post
786 1590 930 1654 orborum
949 1607 982 1656 et
1001 1595 1098 1656 itiam

76 1691 267 1780 distinguunt.
290 1695 342 1756 uti
357 1695 408 1756 ed.
429 1705 488 1774 24.
510 1707 543 1756 et
558 1693 627 1776 post
642 1695 804 1764 Schottue.
831 1695 918 1756 unde
935 1695 1096 1778 utrimque

75 1789 163 1857 ieniut
184 1797 316 1879 pendet.
350 1795 494 1858 Priorem
508 1797 665 1858 rationem
683 1794 804 1858 iecutua
817 1796 859 1858 ett
876 1797 971 1858 etiam
988 1798 1097 1858 Vedia-

74 1913 123 1956 uut
139 1916 209 1958 eum
230 1894 304 1960 iuia.
355 1896 477 1960 Contra
491 1895 654 1960 Olivariua
669 1917 742 1960 curn
760 1895 832 1968 iuie,
855 1899 998 1968 Vinetue,
1023 1895 1099 1960 Voi-

73 1995 137 2068 iiut,
165 1997 327 2061 Gronovii
355 1999 389 2060 in
418 1999 491 2062 edd.
514 2008 576 2078 4⁰·
598 2007 660 2078 4ι.
689 2009 750 2079 4ο.
772 1999 1007 2083 interpungunt
1028 1999 1098 2083 post

73 2095 169 2169 hieme.
194 2114 228 2162 et
245 2101 322 2162 haec
337 2099 434 2162 rerba
449 2099 488 2160 ad
507 2101 726 2182 praecedentia
742 2101 901 2165 reiiciunt.
949 2099 1098 2164 Priorum

76 2199 220 2263 editorum
255 2203 415 2264 rationem
447 2213 681 2264 revocaverunt
718 2203 927 2270 lieinoidiue.
966 2215 999 2264 et
1029 2201 1099 2285 post

77 2299 265 2365 Gronovium
289 2303 323 2364 in
346 2301 397 2366 ed.
424 2309 484 2382 44.
510 2301 644 2384 reliqui,
684 2323 778 2386 quam
805 2316 838 2365 et
865 2301 960 2366 [olam
986 2303 1100 2386 probat

75 2400 211 2466 Schottut
232 2405 267 2464 in
284 2415 371 2466 nota.
421 2404 474 2474 tr,
502 2401 627 2486 quaeso.
652 2423 731 2484 quae
754 2405 850 2464 nanrii
868 2405 1099 2488 obportunitrt.

77 2499 168 2584 fiqnis
183 2505 325 2567 maxime
338 2505 482 2587 adpetat,
511 2503 600 2567 saeva
619 2505 726 2568 bieme
741 2505 808 2566 dari
828 2505 946 2586 potest,
972 2505 1098 2586 qualem

76 2601 231 2670 Germania
248 2607 419 2690 experitur,
442 2605 500 2666 ubi
522 2607 654 2668 flumina
675 2607 749 2692 gelu
765 2619 798 2666 et
819 2607 918 2690 glaeie
934 2605 1100 2668 constrictu

75 2709 235 2771 tenentur?
287 2709 371 2794 Quis
387 2726 481 2790 porro
506 2707 598 2770 stvel
620 2709 688 2773 fieri
704 2701 817 2790 poffit‚
848 2721 912 2768 tarn
930 2703 1029 2768 ferrea
1052 2707 1099 2767 in·

77 2810 206 2870 veniatur
221 2811 364 2892 corporis
381 2809 514 2880 duritie,
537 2827 617 2892 quae
634 2809 715 2870 illud
732 2827 881 2890 uquarum
901 2805 1000 2892 frigue
1018 2805 1101 2870 susti·

75 2923 143 2972 neat.
194 2911 362 2974 Accedunt
379 2909 511 2972 aliorum
528 2923 694 2972 auctorum
712 2911 914 2981 narrationee.
941 2909 1101 2990 inprimit

75 3007 215 3084 Caesarie,
248 3031 345 3094 quae,
377 3011 432 3074 etit
463 3011 504 3074 de
530 3031 621 3073 more
647 3009 880 3073 Germanorum
910 3009 1040 3093 proprio
1065 3011 1101 3072 in

72 3109 168 3176 iuriis
189 3113 287 3175 nandi
309 3113 500 3196 loquuntur,
534 3113 616 3174 nihil
638 3125 744 3174 tumen
762 3111 923 3173 eiuamodi
943 3109 1101 3176 adierunt.

73 3209 186 3297 Nempe
213 3213 353 3298 adposite
376 3214 415 3274 ad
438 3213 581 3276 nostrum
605 3213 711 3276 locum
737 3215 780 3274 ita
805 3211 910 3275 scribit
931 3211 1041 3276 Caesar
1062 3215 1103 3276 de

71 3309 104 3374 B.
121 3313 157 3378 G.
175 3328 211 3396 4.
233 3329 358 3380 1.erttr.
386 3314 463 3376 iocis
482 3305 698 3406 frigidiffimis
713 3335 810 3398 neque
824 3312 957 3407 vestitus
977 3329 1103 3394 praeter

72 3415 150 3492 peliis
173 3415 296 3480 tabem
320 3413 493 3500 quidquam
516 3450 565 3464 --
592 3427 624 3478 et
653 3416 808 3478 iuvantur
839 3417 874 3476 in
898 3409 1099 3503 fluminibus.

74 3515 154 3578 ldem
175 3531 301 3580 tantum
319 3520 352 3588 6,
372 3535 427 3582 at.
453 3507 629 3608 promiscue
648 3519 680 3578 in
692 3511 884 3606 fluminibus
903 3515 1102 3598 perluuntur.

73 3617 117 3678 Sic
134 3619 336 3682 Herodianue
353 3634 386 3696 7,
407 3637 438 3688 u.
459 3637 514 3682 tu.
541 3612 614 3682 Εἰσὶ
639 3614 673 3682 ii
695 3612 749 3682 uui
772 3609 851 3704 πρὸς
874 3612 916 3681 ri
940 3613 1104 3702 νήχεσθαι

73 3711 374 3812 ἐγγεγυμνασμένοι,
403 3713 463 3784 ὅτε
485 3713 575 3810 μόνῳ
598 3715 731 3807 λουτρῷ
749 3717 816 3794 τοῖς
834 3717 996 3808 ποταμοῖς
1016 3711 1106 3806 χρώ·

72 3839 161 3908 μενοι.
214 3823 307 3908 Quae
325 3821 481 3906 postrema
496 3823 591 3884 rerba
606 3819 728 3884 causam
750 3821 907 3904 aperiunt,
933 3839 989 3882 our
1006 3820 1104 3884 huiut

73 3925 159 3986 moria
187 3924 273 3986 Mela
300 3925 501 3987 mentionem
534 3921 635 3986 iacere
661 3935 747 3984 reete
772 3921 921 3984 statuerit.
989 3921 1104 4003 Neque

72 4023 222 4088 eiusmodi
235 4026 354 4109 aliquid
370 4027 409 4086 de
432 4025 487 4086 tali
509 4026 675 4088 notatione
692 4023 865 4106 adponitur
881 4023 915 4084 iu
936 4023 993 4094 iia,
1023 4041 1104 4104 quae

74 4123 134 4188 data
153 4147 249 4212 opera
265 4127 407 4214 conlegit
423 4125 595 4191 Cluverius
611 4127 645 4188 in
661 4124 830 4188 Germania
847 4125 977 4206 antiqua
995 4143 1027 4196 1,
1049 4135 1104 4204 ta.
