2752 4944
311 451 372 518 290
613 433 858 493 nonnonn
893 435 1055 492 nonan

314 610 499 674 samniam
521 609 619 672 etiam
643 622 751 672 tuetur
773 611 806 671 so
828 609 991 694 Stephano
1014 611 1175 674 literarum
1198 610 1283 680 ordo,
1307 625 1336 670 et

313 715 346 774 sn
367 713 526 794 Eutropio
552 729 582 782 o,
612 726 664 786 t7.
688 710 710 772 s.
733 730 768 792 9.
793 715 900 776 reddit
927 714 1091 776 Paeaniue.
1144 713 1228 774 Hinc
1249 713 1335 773 etiam

312 815 449 898 probant
465 811 532 878 sere
555 813 652 876 hodio
667 815 729 876 viti
744 814 847 885 docti,
874 815 1021 896 eqnibue
1042 815 1108 876 vid.
1128 813 1284 876 Drakenb.
1303 813 1337 873 ad

312 918 428 979 Silium
450 927 483 994 8.
509 927 593 992 573.
628 929 662 978 et
689 917 728 977 ad
753 917 839 976 Livii
867 919 945 998 epit.
974 932 1028 994 15.
1076 915 1280 996 Oudendorp.
1304 915 1336 974 ad

312 1020 458 1082 Frontin.
485 1035 513 1087 o,
539 1029 571 1096 3,
597 1033 655 1082 22.
696 1031 730 1078 et
758 1017 905 1080 Heinsme
934 1030 966 1080 et
992 1017 1147 1078 Burman.
1178 1017 1215 1078 ad
1238 1015 1337 1099 virgil.

313 1123 392 1183 Aen.
415 1133 447 1199 3,
463 1131 549 1198 4ου.
588 1118 719 1200 Reliqui
741 1119 838 1204 igitur
856 1133 1015 1204 receptam
1036 1121 1135 1182 hodie
1158 1117 1337 1202 scripturam,

313 1241 392 1306 quae
415 1234 447 1284 et
469 1221 629 1302 antiquior
649 1221 788 1284 videtur.

389 1423 449 1488 Aa
473 1420 691 1504 dextram)
743 1421 851 1486 ctbtn.
878 1421 964 1486 Gud.
986 1421 1069 1504 Lips.
1095 1415 1215 1508 (etiam
1231 1421 1264 1482 hi
1282 1421 1338 1482 duo

314 1523 416 1612 insta)
440 1525 484 1586 od
504 1524 685 1596 dexteram,
707 1525 756 1587 uti
776 1524 844 1608 post
861 1526 1009 1586 variatur.
1052 1525 1187 1588 Vinettte
1208 1524 1281 1586 hinc
1296 1541 1340 1584 ex·

315 1629 439 1692 orditur
461 1647 528 1710 cap.
548 1639 608 1705 33.

389 1825 633 1911 Apennino)
689 1827 781 1914 Preg.
813 1829 988 1913 Rehdsget.
1021 1831 1226 1910 appennin03
1266 1825 1340 1888 Gud.

315 1931 496 2012 appenino,·
528 1928 715 1990 Vindobon.
741 1932 888 2009 apent'no.
940 1930 1023 1991 Edd.
1049 1929 1165 2012 priscae
1186 1929 1341 2009 appensam,

315 2032 511 2113 appennino,
546 2032 719 2111 appensam,
752 2031 839 2110 qood
873 2043 906 2092 et
932 2029 1000 2112 post
1031 2033 1175 2113 pluribus
1207 2029 1342 2092 adhaestt.

315 2135 378 2198 Sed
392 2133 459 2196 vid.
476 2129 574 2214 supra.
608 2131 683 2192 l’ott
699 2131 874 2216 Rehdiger.
895 2132 1035 2214 lygnres,·
1061 2133 1146 2196 Gud.
1170 2131 1298 2213 bignres.

388 2335 564 2397 Etruria
572 2333 590 2415 )
642 2333 688 2394 sta
712 2353 752 2396 ox
782 2333 918 2397 Medtot.
942 2347 974 2396 et
997 2335 1079 2398 Voss.
1105 2355 1135 2399 1.
1161 2347 1252 2397 notat
1277 2331 1343 2394 tn.

315 2438 510 2504 Gronovius.
536 2455 596 2496 nec
611 2435 701 2495 aliter
717 2437 792 2506 mei,
819 2437 877 2496 nili
893 2433 975 2498 sorte
999 2457 1074 2496 oum
1094 2439 1167 2500 edd.
1193 2436 1254 2498 snie
1270 2435 1343 2494 Pari·

315 2537 436 2606 stensee.
467 2538 573 2600 Havn.
599 2537 711 2597 Venet.
735 2535 888 2597 Hetrnria
910 2538 1110 2608 habuerunt,
1142 2541 1194 2599 uti
1216 2537 1343 2598 scribunt

314 2641 389 2702 edd.
413 2639 586 2720 plurimae,
624 2639 722 2698 etiam
747 2651 781 2714 3.
813 2647 848 2716 4.
878 2651 909 2715 5.
939 2640 972 2702 6.
1003 2655 1036 2714 7.
1059 2652 1093 2716 3.
1119 2659 1177 2703 to.
1207 2661 1260 2700 11.
1294 2653 1342 2699 to.

314 2743 464 2823 aliaeque,
492 2741 526 2803 'et
547 2740 733 2823 propagavit
762 2735 884 2800 Vossms
906 2742 943 2800 od
970 2750 1030 2818 4ο.
1063 2763 1123 2819 41.
1150 2755 1212 2820 41.
1271 2737 1342 2800 lnde

312 2845 409 2904 rediit
431 2844 581 2912 Etruria,
620 2839 766 2924 scriptura
788 2844 887 2926 magio
914 2842 1087 2924 probabili,
1123 2863 1223 2923 qnam
1246 2855 1343 2901 tamen

313 2941 478 3028 proposuit
501 2945 552 3006 ed.
574 2957 628 3022 13.
651 2957 683 3004 et
705 2943 858 3006 adhibent
878 2957 1087 3004 monumenta
1109 2943 1218 3026 prisca,
1250 2939 1343 3004 veluti

314 3047 479 3128 publicum
500 3047 534 3106 in
559 3045 686 3108 Gruteri
713 3043 791 3107 thes.
815 3065 847 3126 p.
872 3047 955 3124 296.
978 3043 1109 3126 saepius.
1164 3047 1236 3106 vid.
1261 3040 1343 3104 Gorii

314 3147 419 3211 insen.
442 3161 506 3212 ant.
529 3147 567 3210 P.
587 3164 619 3211 a.
641 3171 674 3210 n.
696 3163 750 3209 to.
775 3166 806 3228 p.
831 3159 884 3223 13,
910 3159 942 3225 3.
967 3150 1074 3230 p.60.
1096 3159 1128 3208 et
1146 3147 1230 3232 569.
1262 3145 1296 3206 P.
1313 3157 1341 3218 3.

315 3271 347 3334 p.
374 3271 428 3313 ιι.
463 3249 601 3312 minent
623 3247 776 3334 syntagm.
801 3247 905 3310 snscrr.
931 3261 995 3310 ant.
1019 3249 1051 3314 6.
1077 3259 1137 3328 43.
1164 3257 1245 3328 1114.
1270 3255 1341 3319 ¹⁰5·

316 3351 416 3410 Gudii
443 3349 550 3412 insert.
580 3365 645 3414 ant.
674 3371 707 3433 p.
738 3351 815 3426 136,
837 3361 870 3426 3.
905 3363 937 3410 et
957 3349 997 3410 stc
1019 3348 1107 3432 saepe
1131 3351 1165 3409 in
1185 3341 1342 3408 Muratorii

315 3449 472 3514 thesauro.
535 3451 681 3513 Occurrit
708 3453 840 3532 quidem
874 3446 984 3531 passtm
1023 3471 1095 3512 cum
1128 3449 1340 3532 adspiratione,

314 3553 417 3614 veluti
445 3555 479 3614 in
503 3552 601 3613 Gudii
629 3551 733 3614 insert.
760 3573 791 3633 p.
813 3562 892 3630 134.
916 3573 948 3612 11.
966 3563 998 3627 5.
1034 3553 1172 3612 Reinesti
1196 3549 1341 3632 syntagm.

314 3652 394 3718 class.
419 3667 452 3732 3.
481 3675 515 3716 11.
540 3663 599 3731 74.
625 3651 704 3738 (sub
727 3653 857 3715 Tiberio
879 3651 1038 3737 Claudio)
1067 3651 1118 3713 sed
1140 3657 1254 3714 rariora
1279 3650 1343 3708 sunt

314 3753 410 3815 husun
430 3751 550 3816 formae
572 3755 732 3836 exempla,
768 3751 849 3815 sorte
874 3756 999 3823 vitiata,
1028 3765 1081 3814 aut
1104 3753 1223 3816 secutae
1248 3763 1340 3813 mma·

314 3857 413 3918 tionis
434 3857 639 3918 documenta.
690 3855 796 3938 Quare
811 3857 907 3916 etiam
925 3857 984 3916 viri
1003 3857 1089 3918 docti
1103 3855 1340 3939 adspirationem

313 3958 443 4018 reiicere
476 3970 508 4018 et
544 3958 693 4018 damnare
727 3953 856 4021 solem·
891 3959 961 4020 Vid.
1000 3978 1082 4040 qnoe
1118 3965 1342 4020 commemorat

315 4057 480 4120 Drakenb.
503 4059 542 4118 ad
564 4059 636 4124 Liv.
658 4079 687 4128 1,
706 4075 746 4127 ·2‚
775 4073 806 4138 5.
841 4059 938 4141 inque
960 4061 999 4121 iio
1021 4061 1163 4121 Pierinm
1181 4060 1220 4120 ad
1236 4053 1341 4138 virgil.

316 4159 431 4246 Geotg.
454 4175 486 4234 o,
509 4173 594 4242 533.
639 4161 713 4224 Post
734 4162 806 4226 edd.
827 4175 881 4239 15.
898 4177 957 4226 ao.
981 4175 1037 4241 23.
1060 4158 1172 4224 vitiose
1193 4157 1296 4224 Volci.
1347 4155 1348 4193 ¹
