2752 4944
336 449 420 508 ΗΒ.
451 449 489 504 11.
530 447 565 506 C.
593 449 643 508 IV·
685 447 764 520 §.a
1006 457 1070 524 005

63 643 155 686 venun
177 623 313 708 optimus
326 615 502 714 sundino,
535 625 584 686 nti
603 621 814 713 repololmne.
865 623 917 688 Sic
939 643 1068 707 quoqne

63 727 120 786 alibi
137 728 279 808 loquitur.
313 729 361 788 De
377 729 487 788 eadem
505 745 539 786 re
554 745 649 810 egene
664 723 821 788 Sallustius
838 725 872 786 in
890 723 1068 810 fragmento

62 831 126 908 opud
145 831 288 890 Servium
312 829 350 888 nd
369 827 527 889 Aeneidos
551 841 582 906 3.
613 823 668 914 [v.
685 821 793 911 noo]
829 825 942 888 Omnis
967 831 1069 888 Italia

62 943 153 988 coneto
175 931 206 989 in
231 927 395 1020 nnglfiias
409 919 568 1018 funditur
595 929 630 988 in
654 927 718 988 dno
746 929 964 1006 promontoria
988 928 1067 990 Bru·

61 1033 167 1090 tinniet
186 1031 393 1092 Saleminnm.
442 1031 494 1092 Sic
514 1029 701 1114 legendnm,
727 1049 794 1090 non
812 1031 894 1090 inter
914 1028 977 1090 dno
996 1051 1068 1112 pro·

61 1134 211 1202 estentona,
244 1145 282 1192 nl
304 1131 414 1214 vulgo.
466 1131 555 1190 idem
579 1132 629 1190 hic
651 1131 729 1190 dicit
752 1129 853 1200 Mela,
881 1133 934 1212 qui
957 1128 1068 1212 pallini

59 1232 210 1293 Sallustium
235 1233 387 1294 imitetur.
422 1251 563 1294 voenve.
623 1229 764 1292 Verbum
778 1223 937 1320 funditur
958 1239 1069 1295 minoe

60 1347 145 1412 aptum
161 1337 192 1394 in
211 1333 273 1394 hoc
288 1354 372 1396 nexu
388 1333 531 1402 videtur.
558 1333 676 1414 quippe
692 1333 776 1414 quod
798 1333 891 1394 lolem
908 1331 1068 1416 dispersio·

59 1455 117 1494 nem
144 1437 176 1496 in
203 1437 303 1496 verine
330 1449 433 1517 parler
459 1435 586 1496 indicet.
638 1435 691 1495 Sic
721 1455 748 1504 ι,
777 1445 808 1510 5,
834 1449 867 1512 5.
907 1433 972 1496 Hie
1004 1437 1068 1494 iam

60 1555 124 1594 more
141 1537 236 1597 lolius
259 1527 430 1624 sinidilnr.
482 1533 635 1598 Coniniio
658 1534 830 1596 verborum
854 1527 1014 1626 funditor
1035 1547 1068 1598 et

53 1633 166 1724 finditur
186 1636 336 1698 facillima
360 1637 420 1706 eil,
450 1651 483 1700 et
504 1633 613 1718 peffim
636 1639 786 1704 occurrit.
822 1639 922 1698 veluti
945 1639 978 1697 in
1003 1639 1069 1698 Vir·

58 1739 117 1818 gillo
131 1741 203 1800 den.
226 1740 259 1806 6.
283 1750 365 1819 540.
401 1739 488 1798 Tum
505 1757 616 1820 parurn
634 1737 689 1796 fibi
705 1737 823 1798 conllat
839 1740 941 1800 Servii
961 1739 1067 1810 lectio,

56 1840 97 1896 obi
114 1841 143 1900 in
158 1841 228 1900 aliie
239 1841 334 1901 libris
349 1837 391 1900 eli
406 1831 579 1928 scinditur.
601 1839 686 1920 quod
704 1839 798 1900 hebet
813 1840 864 1900 ed.
882 1839 1067 1910 Burmanni,

58 1943 226 2002 elreddidit
247 1961 320 2002 cnm
339 1936 454 2000 Waffio
476 1939 616 2002 Curtius.
658 1939 788 2002 Rectine
809 1941 892 2002 inler
906 1933 1069 2032 scinditur

56 2039 217 2130 erforditur
241 2043 385 2102 fluctuari
406 2039 508 2122 potesi
531 2041 685 2101 iudicium
703 2054 735 2102 et
757 2043 791 2100 in
814 2055 978 2124 utramque
1002 2062 1068 2124 par·

58 2153 104 2200 ten
118 2143 304 2206 deliberatio
322 2143 449 2226 agitari.
483 2161 556 2202 cum
578 2141 672 2202 rerba
691 2141 749 2202 lint
770 2161 836 2204 non
859 2143 957 2204 modo
980 2141 1067 2204 lenio

56 2240 104 2320 ipio
123 2245 255 2314 adfinia,
289 2241 339 2304 l'ed
361 2257 393 2302 et
414 2241 487 2304 alibi
510 2239 788 2314 commisceantur,
822 2245 870 2304 uli
891 2245 1069 2306 docuerunt

55 2340 206 2408 Burmann.
242 2343 672 2426 edOrid.epili12.94
724 2359 778 2416 17,
803 2359 882 2424 139.
922 2345 1009 2406 idem
1034 2359 1068 2408 et

56 2443 180 2509 lleinfiue
195 2447 239 2506 ad
258 2445 352 2506 Ovid.
373 2445 504 2507 Melam.
516 2461 549 2516 Ω,
570 2459 649 2524 159.
677 2445 866 2528 Zinzerling.
885 2445 917 2506 in
933 2447 1067 2510 diatriba

56 2547 131 2622 priori
151 2547 221 2630 poll
246 2544 392 2628 promull.
417 2549 487 2608 crit.
510 2569 541 2629 p.
566 2559 645 2623 183.
682 2545 918 2608 Drakenborch.
938 2551 976 2608 ed
995 2549 1066 2610 Lir.

58 2661 98 2714 22,
116 2669 142 2718 ι.
164 2671 221 2710 ιι.
268 2647 381 2726 Heyne
402 2649 440 2707 ad
464 2647 582 2708 Tibull.
611 2669 638 2716 1,
665 2661 698 2720 7.
723 2661 782 2710 oi.
816 2661 849 2708 et
876 2669 903 2720 l,
931 2669 985 2719 ιο,
1008 2660 1067 2726 53.

56 2745 123 2808 Tum
153 2749 263 2812 noster
292 2746 415 2839 findere
446 2747 484 2808 iic
516 2747 665 2810 adhibere
699 2745 793 2818 solet,
835 2751 884 2808 uti
913 2769 942 2820 ι,
971 2761 1022 2826 ¹8·
1044 2745 1067 2822 l,

55 2867 191 2907 nore-
217 2851 297 2910 litus
321 2847 445 2908 obvium
467 2847 589 2941 findit,·
633 2865 663 2920 2,
685 2849 717 2918 6,
744 2851 776 2912 6.
811 2851 942 2930 pelagus
962 2880 1010 2892 -
1035 2851 1068 2910 in

53 2945 113 3010 duos
128 2947 229 3040 finos
250 2949 464 3030 p'romnneon'o
485 2949 637 3042 findilur.
690 2951 730 3011 At
752 2951 846 3012 habet
869 2953 965 3012 enam
982 2942 1069 3042 scin·

53 3047 120 3118 dere.
160 3055 209 3113 uli
241 3071 269 3119 1.
293 3069 327 3129 9,
349 3067 380 3115 α.
415 3051 511 3110 Nilos
531 3053 563 3110 in
578 3041 700 3141 septem
724 3071 780 3112 ora
794 3043 833 3142 se
848 3043 1009 3142 scindens,
1035 3065 1068 3114 et

52 3148 75 3206 in
93 3157 198 3232 prinlie
218 3151 317 3220 inire.
344 3153 401 3212 ubi
423 3151 508 3212 hunc
530 3151 635 3212 locum
652 3149 819 3234 respiciene
839 3155 933 3214 dicit:
968 3155 1068 3214 Frons

53 3251 100 3310 nin
128 3256 159 3312 in
190 3254 259 3314 dno
287 3252 411 3332 quidem
437 3243 476 3342 se
501 3273 635 3323 cornua,
666 3249 756 3342 sicile
784 3245 888 3344 [πψτη
919 3253 1066 3324 diximus.

45 3341 159 3434 scindet.
202 3355 270 3414 Elii
288 3355 383 3437 igitur
404 3352 495 3414 lolius
511 3369 595 3434 patet
614 3355 663 3414 vie
679 3353 769 3414 verbi
785 3347 938 3444 scindere,
962 3357 1068 3418 verbis

50 3465 137 3514 tonen
159 3457 294 3516 adiectis
317 3454 385 3515 satie
405 3457 544 3538 regitur,
577 3469 609 3516 et
630 3455 727 3516 ollero
748 3457 818 3515 loen
839 3457 906 3517 eine
925 3455 1010 3518 iedee
1034 3459 1067 3518 in

51 3551 98 3614 hoc
116 3559 237 3640 ligitur.
289 3559 430 3632 Accedit,
456 3557 541 3636 qnod
559 3557 709 3616 addicunt
727 3557 779 3616 hic
798 3557 867 3616 libri
886 3561 979 3618 eliam
1001 3579 1067 3618 non

51 3658 137 3729 poni,
163 3659 223 3740 qui
248 3653 325 3717 inira
350 3659 386 3716 ed
408 3677 508 3716 onum
527 3675 639 3719 oroneo
656 3659 688 3718 in
706 3659 756 3718 illa
781 3677 858 3718 voce
878 3657 1067 3740 conspirant.

51 3753 178 3839 lienique
208 3759 308 3820 etiem
328 3757 455 3820 Solinus
476 3777 502 3819 c.
526 3770 560 3834 8.
582 3755 602 3820 l'.
628 3775 659 3822 2.
694 3760 748 3838 qni
769 3759 909 3820 nostruin
935 3757 1067 3844 prelixus

50 3861 186 3931 indidit,
214 3857 332 3920 habel:
366 3857 483 3920 induo
505 3879 623 3919 cornua
639 3849 811 3950 scinditur.

108 4061 319 4142 Siculum)
379 4061 470 4145 Preg.
511 4059 620 4124 orniilo
660 4059 817 4122 vocabulo
850 4059 982 4140 pelagus
1015 4063 1068 4124 dat

50 4158 202 4238 iclndnrn3
238 4165 324 4226 idem
345 4163 414 4246 post
432 4164 565 4224 leonium
584 4179 617 4224 et
636 4161 752 4234 alienu
786 4163 934 4227 Ciaccon.
957 4164 1067 4236 aliubi,
