2836 4940
304 437 369 500 226
605 437 851 498 romeotttt
894 439 1057 497 Mutati

309 615 361 694 [c.
379 621 438 692 55.
456 611 477 676 s.
494 615 577 696 52]
599 623 636 673 ιιι
656 627 689 674 et
703 610 827 674 Strabo.
864 609 941 690 [lib.
962 631 1018 674 ιι.
1041 632 1075 693 p.
1099 621 1185 690 353.
1203 611 1226 675 s.
1246 618 1354 698 ὅσα]

309 735 518 780 ιιιιοσιιισε.
569 713 733 776 Strabonis
758 713 850 775 locue
879 715 920 776 de
942 711 1134 776 Derbicibne
1165 730 1280 776 tamen
1313 720 1352 778 ita

308 817 423 880 babet:
467 809 545 884 rubr
576 805 655 903 ὑπὲρ
680 809 909 904 ἑβδομήκοντα
943 810 999 900 ἔτη
1032 811 1217 898 γεγονότας
1245 814 1352 896 esurir-

307 939 418 992 τουσι,
452 913 663 982 ἀναλίσκουσι
693 912 727 980 δὲ
755 911 814 989 τὰς
843 912 968 1000 σάρκας
990 915 1020 978 ol
1048 910 1199 1002 ἄγχιστα
1231 915 1349 1001 γένους.

309 1022 496 1084 Herodotus
515 1033 547 1098 3,
572 1037 631 1098 99.
662 1020 748 1081 unde
763 1017 865 1080 noller
880 1019 999 1080 duxisse
1016 1021 1156 1088 videtur,
1182 1021 1227 1081 de
1244 1043 1350 1103 paren·

308 1123 395 1184 tibur
410 1121 523 1182 diserte
540 1123 620 1182 nibil
639 1120 744 1190 habet,
771 1133 895 1181 tantum
912 1135 1026 1190 narret,
1049 1135 1082 1182 et
1099 1122 1188 1182 viror
1207 1135 1242 1182 et
1264 1121 1349 1183 femi

308 1245 382 1295 uae.
408 1225 461 1284 vel
487 1223 572 1285 [enee
598 1225 650 1283 vel
676 1235 874 1306 aegrotantea
894 1225 1022 1283 mactari
1048 1242 1064 1282 ι
1087 1220 1301 1286 familiaribus
1322 1237 1349 1286 et

309 1327 465 1388 devorari.
500 1327 562 1388 Sed
581 1325 656 1406 quid
675 1323 717 1386 est
732 1325 871 1403 proximi
883 1337 1034 1402 parentes
1047 1324 1210 1386 caedunt?
1238 1329 1349 1407 Aptiur

308 1428 418 1496 liberi,
445 1445 586 1509 quorum
602 1423 673 1486 sunt
694 1439 847 1507 parentes.
883 1427 947 1486 Aut
967 1427 1063 1508 igitur
1084 1445 1158 1486 curu
1174 1425 1348 1488 Ciactonio

309 1530 445 1592 delerula
468 1527 510 1590 esi
533 1549 596 1590 vox
618 1529 775 1606 proximi,
799 1528 885 1608 quod
907 1539 1014 1588 tamen
1036 1527 1232 1598 duramen,
1260 1531 1349 1590 recia

308 1631 472 1694 mantibus
494 1631 582 1690 libris
602 1629 771 1698 omnibns,
798 1641 852 1689 aut
872 1630 1095 1710 reponendum
1115 1649 1189 1689 cunr
1210 1631 1349 1692 Vadiauo

309 1731 440 1816 quidem
463 1733 625 1810 proximos
646 1743 866 1812 parentesque,
893 1732 981 1810 quod
1005 1743 1114 1791 tuetur
1132 1731 1265 1792 Solinus
1282 1732 1348 1794 c.l.

309 1835 364 1916 qui
388 1833 506 1896 blelaru
527 1834 564 1894 ad
587 1832 722 1894 verbum
742 1831 782 1893 lic
802 1831 959 1894 reddidit:
994 1833 1084 1900 Sunt,
1108 1833 1164 1914 qui
1183 1835 1349 1910 proximor

308 1947 523 2016 parentesque,
548 1935 732 2017 priusquam
748 1935 842 1994 anuis
864 1945 922 1994 aut
943 1931 1142 2012 aegritudine
1163 1935 1198 1993 in
1222 1937 1349 1995 nreciem

308 2048 403 2106 eant,
447 2049 523 2095 arere
547 2035 633 2096 velut
664 2033 784 2127 hostias
809 2033 964 2113 caedunt,
998 2033 1110 2093 deinde
1138 2050 1347 2110 peremturum

307 2127 429 2225 viscere
444 2135 554 2214 epulas
570 2133 695 2198 babent.
747 2137 794 2196 lta
811 2137 906 2196 etiarn
929 2136 1057 2217 propina
1073 2135 1179 2196 noster
1193 2140 1234 2198 ad
1253 2138 1348 2198 llero·

308 2237 422 2298 dotum
442 2239 579 2309 accentu
604 2249 674 2296 tum
697 2236 783 2298 illam
806 2237 978 2298 lectionem
998 2237 1115 2317 reliqui
1132 2237 1171 2298 A.
1189 2238 1346 2299 Gronnrii

308 2339 432 2400 codices
455 2337 595 2428 babuisse
621 2339 788 2410 videntur,
830 2339 866 2398 ad
895 2359 989 2420 quam
1014 2341 1110 2399 etiam
1134 2337 1222 2420 Lips.
1252 2341 1346 2400 ducit.

309 2441 445 2524 Decepit
469 2439 549 2501 sorte
573 2439 715 2500 librarios
738 2441 896 2526 neglectio
917 2441 1085 2521 particulae
1108 2461 1184 2521 que,
1220 2455 1261 2502 ut
1281 2463 1345 2521 pro·
1408 2465 1409 2490 t

308 2543 388 2604 xinri
409 2543 447 2604 ed
469 2551 616 2620 parentes
641 2543 930 2604 accommodarent.
988 2543 1026 2602 ln
1048 2539 1111 2622 ipsa
1131 2561 1213 2603 vero
1239 2543 1344 2627 fignifi-

309 2645 432 2706 catione
449 2647 538 2706 vocis
555 2645 718 2724 proximos
740 2645 826 2704 nullu
842 2663 929 2704 mora
946 2642 1006 2704 elle
1026 2643 1136 2725 peresi,
1161 2663 1251 2714 cum,
1273 2663 1344 2726 quo·

308 2765 433 2827 cunque
449 2747 548 2808 morio
571 2759 689 2815 vertas,
713 2747 750 2806 ad
770 2747 856 2806 idern
875 2747 993 2807 redeat.
1045 2745 1151 2827 Quare
1172 2763 1242 2808 non
1261 2747 1344 2805 dubi·

307 2849 394 2918 tavi,
427 2848 512 2908 illam
535 2847 705 2908 lectionem
727 2865 885 2908 revocare.
936 2845 1007 2906 Post
1030 2847 1138 2908 Cibin.
1162 2848 1197 2906 in
1219 2849 1344 2907 maciem

307 2961 425 3012 vireant.
463 2947 633 3010 Averbis:
670 2945 808 3044 Quidam
830 2946 949 3008 nullum
969 2946 1090 3008 arrinrel
1110 2979 1159 2996 —
1190 2967 1264 3032 cap.
1289 2959 1343 3030 54.

306 3049 342 3110 in
366 3051 418 3112 ed.
443 3051 561 3114 vineti.

382 3201 412 3263 A
421 3213 436 3261 t
461 3197 553 3282 ubi)
604 3199 835 3285 Mariungelus:
862 3199 936 3271 Alii.
958 3197 1011 3260 ubi
1027 3189 1179 3290 seruetus.
1210 3220 1344 3263 murra·

309 3319 385 3364 uve.
438 3301 549 3362 Forte:
583 3303 656 3374 Alii,
681 3300 734 3362 ubi
746 3292 904 3392 senectus,
933 3299 982 3362 sed
1004 3303 1119 3362 rectius
1142 3301 1203 3362 est:
1230 3310 1278 3364 Ae
1297 3299 1344 3362 ubi

299 3394 455 3496 senectus.
487 3421 700 3465 craecourvs.
753 3400 847 3465 Solus
870 3404 1019 3466 Scbottus
1041 3403 1127 3462 illam
1146 3403 1342 3465 emendatio·

306 3526 383 3568 nem
407 3505 491 3586 typis
510 3505 704 3565 reddendam
727 3507 866 3574 curavit,
897 3525 992 3586 quam
1013 3523 1071 3564 nec
1097 3503 1169 3563 libri
1195 3506 1339 3586 probant.

307 3627 368 3668 nec
391 3605 493 3669 sensus
517 3603 580 3686 ipse
604 3621 636 3666 et
663 3625 762 3666 nexus
786 3607 968 3687 requirunt,
1005 3605 1060 3666 etsr
1091 3625 1162 3665 eam
1195 3607 1338 3667 damnata

305 3707 461 3768 librorum
495 3708 632 3769 lectione
664 3705 810 3789 adposuit
841 3709 936 3768 etiam
972 3705 1136 3768 Salmasius
1166 3707 1205 3766 ud
1238 3708 1337 3769 Soliu.

306 3827 373 3890 cap.
389 3821 448 3886 55.
465 3807 486 3871 s.
505 3823 563 3884 52.
580 3829 612 3890 p.
629 3829 672 3871 rn.
692 3809 775 3882 706.
817 3805 963 3870 Moribus
987 3827 1045 3891 pro
1071 3805 1197 3868 morbus
1219 3809 1336 3870 vitium

305 3929 474 3996 operarum
489 3909 532 3970 esi
551 3911 585 3970 in
601 3909 674 3973 edd.
693 3929 723 3973 1.
740 3927 775 3990 9.
810 3911 896 3970 Tum
912 3911 963 3972 ed.
982 3918 1040 3992 42.
1064 3911 1171 3970 anxie.

377 4060 690 4132 Pruderrtiores,
717 4073 757 4122 ec
779 4058 927 4144 quibus
945 4059 1022 4142 -)
1072 4061 1165 4122 Varie
1183 4059 1332 4122 biciocue

301 4163 519 4246 componitur.
561 4161 654 4226 Prior
678 4183 747 4246 para
767 4163 824 4225 src:
857 4157 1031 4236 Vomanus,
1056 4183 1154 4246 quem
1173 4163 1239 4246 ipse
1257 4160 1330 4243 opti·
1408 4173 1409 4182 ¹
