2814 4946
308 415 371 488 692
603 401 845 462 rouroun
888 401 1056 460 nanae

308 577 386 642 riuri
403 580 499 640 etiam
513 577 671 642 Guarinua
687 565 721 642 et'
735 579 768 640 in
785 577 883 658 priori
899 575 1053 648 Paudria,
1075 595 1115 640 ex
1127 596 1191 660 qno
1205 577 1343 664 intelligi

185 687 196 708 ⁸
308 681 476 744 Pintiauue
496 681 601 744 debet.
639 683 691 744 Sic
705 679 907 742 Pandataria
925 679 1023 742 Varro
1039 679 1078 740 de
1095 681 1136 742 ll.
1149 681 1191 744 ll.
1211 701 1241 750 1,
1259 694 1291 756 8.
1308 694 1342 758 5.

308 782 364 844 ubi
388 802 444 864 per
464 803 481 842 e
503 781 583 844 Cdrl.
609 783 705 844 Polit.
734 793 767 843 et
791 795 824 860 3,
848 793 880 858 5,
904 795 937 855 7.
976 781 1097 844 Plinius
1122 795 1154 860 3,
1182 797 1237 844 aa.
1262 781 1285 847 i.
1306 786 1341 847 6.
1381 839 1382 862 ,

308 883 455 946 Martiam.
474 883 601 964 Capella
618 883 673 946 lib.
692 885 725 948 6.
748 905 780 966 p.
803 897 885 960 207.
924 878 975 944 Cf.
999 882 1166 944 Reimarus
1182 885 1221 944 ad
1242 887 1342 946 Dion.

309 983 387 1048 Call.
410 999 441 1046 et
457 985 664 1066 Oudendorp.
679 985 716 1046 ad
735 987 868 1047 Sueton.
887 1002 931 1045 aa.
948 983 981 1046 ll.
1027 984 1163 1065 Adparet
1179 986 1267 1056 inde,
1295 989 1343 1046 in-

308 1087 500 1148 conllamem
523 1084 611 1150 inille
639 1085 829 1168 scripturam,
862 1086 897 1146 in
916 1104 977 1168 qua
1000 1083 1159 1148 statuenda
1188 1087 1231 1148 lio
1256 1101 1342 1150 recte

308 1189 457 1252 codicum
478 1189 620 1272 exempla
643 1189 820 1250 valuerunt.

384 1388 577 1474 Sinonia)
614 1391 660 1452 lta
678 1391 800 1454 codicea
816 1391 868 1454 vel
884 1391 980 1452 etiarn
995 1390 1145 1472 Syuonia,
1162 1394 1212 1452 uti
1229 1391 1339 1455 Cibin.

307 1493 481 1578 Rehdiger.
505 1493 596 1577 Prag.
633 1493 725 1554 Prius
750 1491 929 1574 praeferunt
952 1495 1049 1554 etiam
1078 1506 1201 1554 veteres
1225 1495 1341 1554 editio·

307 1613 375 1658 nea.
414 1594 486 1658 Poll
506 1607 674 1676 praeeunte
698 1594 842 1656 Vadiano
871 1593 923 1658 16.
950 1607 1004 1672 18.
1030 1610 1087 1658 aa.
1111 1609 1167 1656 aa.
1194 1607 1254 1673 24.
1283 1609 1339 1672 25.

308 1711 428 1758 ceterae
441 1697 608 1776 Phytouia,
636 1709 669 1756 et
683 1695 758 1756 inde
773 1716 790 1756 a
806 1693 917 1758 Voisro
934 1705 994 1774 [po.
1013 1705 1072 1772 [μ.
1088 1705 1147 1774 42.
1170 1697 1339 1758 Philonia.

306 1798 495 1860 lleinoldiue
514 1799 677 1858 revocavit
693 1797 832 1865 Sinonia,
857 1799 944 1877 quod
960 1798 1097 1876 reliquae
1113 1814 1338 1882 propagarunt.

305 1897 424 1961 Probat
448 1897 529 1960 hano
551 1897 722 1960 lectionem
744 1897 880 1968 Plinius,
907 1901 964 1979 qui
988 1913 1019 1978 5.
1042 1914 1094 1962 12.
1113 1895 1134 1960 i.
1153 1899 1188 1961 6.
1214 1898 1338 1960 scribit:

304 1999 468 2062 Palmaria
486 2013 517 2060 et
539 1999 671 2059 Pontiae
687 1999 818 2060 mediam
838 1995 957 2060 habeut
973 2000 1143 2060 Siuouiam.
1179 2001 1242 2060 Pro
1263 2003 1357 2062 Pal·-

304 2101 408 2162 maria
428 2099 534 2162 Cibin.
560 2097 652 2162 Paris.
680 2121 710 2162 r.
734 2113 766 2178 5.
789 2099 1220 2182 Vindob.Vatic.1·Lipl.
1249 2103 1335 2164 lieh-

305 2201 404 2284 diger.
431 2199 547 2266 Venet.
574 2201 680 2262 Harn.
714 2201 901 2274 Parruarr'a3
945 2201 1050 2263 Vatia.
1078 2215 1110 2280 5.
1144 2203 1337 2276 Parmarea;

302 2299 397 2364 Parii.
415 2315 447 2364 a.
469 2302 677 2374 Parmartiaa;
711 2300 802 2385 Prag.
826 2303 1026 2382 parmarum
1058 2303 1142 2364 Gud.
1164 2309 1334 2383 penuaria.

303 2403 1334 2482 Edd.1.2.5.sp5.6.7.8.9.1o.11.12.14.15.r7.

308 2523 363 2584 ¹9·
390 2520 447 2566 ao.
476 2523 532 2569 ar.
556 2517 613 2584 23.
638 2517 696 2586 op.
720 2518 777 2582 25.
799 2519 832 2566 et
847 2505 923 2566 hinc
943 2506 1107 2586 pleraeque
1124 2506 1334 2578 Olivarirnae

302 2625 396 2688 porro
425 2617 481 2684 aa.
504 2607 654 2669 Sclrottue
680 2607 864 2678 Parmarr'a3
906 2606 1069 2668 Vedianua
1093 2625 1129 2666 ut
1154 2621 1246 2668 antea
1276 2623 1333 2686 13.

302 2708 392 2770 dedit
412 2709 590 2780 Palmaria,
619 2721 650 2768 at
671 2723 792 2790 praeter
809 2705 958 2768 familiam
982 2709 1067 2768 idem
1084 2725 1271 2788 acceperunt
1293 2731 1334 2771 ex

302 2809 501 2878 Olirariania.
525 2825 581 2888 29.
605 2823 662 2888 53.
689 2809 791 2894 Lugd.
814 2811 916 2890 1646.
940 2809 1088 2890 reliquae.
1122 2829 1331 2874 rzscuvcxra.

300 2911 469 2992 Phylouia,
496 2906 686 2992 Parmarr‘a)
736 2912 823 2993 Lego
846 2912 984 2980 Pintou,
1014 2929 1081 2972 non
1102 2911 1266 2991 Phytom'a
1292 2933 1332 2974 ex

300 3011 461 3072 Marciano
479 3011 650 3088 [Martiano
667 3011 792 3092 Capella
806 3011 861 3074 lib.
874 3013 906 3074 6.
923 3033 953 3092 p.
973 3031 1015 3073 m.
1034 3013 1132 3090 207.]
1160 3026 1191 3072 et
1209 3013 1331 3078 Plinio.

300 3105 356 3196 [5.
384 3125 437 3190 13.
454 3111 475 3172 l.
493 3105 549 3196 6.]
577 3145 627 3159 -
680 3113 748 3173 Nec
771 3133 822 3174 me
841 3126 951 3174 movet
971 3114 1173 3174 Ptolemaeus
1196 3109 1209 3200 [
1221 3129 1254 3190 3,
1275 3111 1330 3202 3.]

298 3214 354 3293 qui
371 3231 439 3274 eam
455 3211 587 3272 insulam
604 3213 790 3274 Phintonem
805 3217 958 3276 nominat.
993 3213 1104 3274 lllultia
1117 3217 1203 3285 enim
1216 3215 1331 3278 Graeci

298 3311 470 3394 adspirant,
504 3333 584 3394 quae
609 3314 713 3374 Latini
733 3335 789 3396 per
813 3328 942 3376 tenuem
966 3315 1089 3376 literam
1113 3315 1268 3387 efferunt,
1297 3331 1330 3380 et

297 3435 315 3476 e
340 3416 507 3476 contrariu.
572 3415 744 3476 Sciendum
776 3429 884 3478 tamen
914 3415 1095 3486 Plutonem,
1132 3417 1207 3478 stre·
1225 3421 1329 3480 mavia

296 3517 499 3585 Phintouem,
534 3513 669 3576 inlulam
691 3536 760 3578 non
783 3517 841 3578 elle
869 3535 908 3578 ex
929 3535 1036 3577 earum
1059 3537 1210 3586 numero,
1246 3541 1326 3600 quae

296 3617 369 3679 lunt
390 3621 465 3678 citra
480 3615 604 3676 Tiberis
621 3617 710 3690 uitia,
739 3638 814 3700 quae
838 3619 889 3678 hic
910 3617 1108 3698 Pomponius
1132 3617 1245 3689 refert,
1274 3619 1325 3682 led

296 3721 426 3791 exiliis,
452 3737 530 3799 quae
544 3719 623 3794 ultra
644 3717 724 3780 lunt.
777 3721 883 3803 Quam
899 3717 1023 3780 obrem
1045 3721 1127 3778 iuter
1143 3721 1326 3782 Transtibe-

294 3824 376 3883 rinae
390 3821 520 3882 loaamla
533 3819 584 3888 est,
608 3839 713 3881 errore
730 3820 928 3882 librariorum
943 3819 995 3880 hio
1011 3819 1118 3902 polita.
1159 3819 1324 3884 Praeterea

293 3923 465 4008 legendum
484 3923 611 3982 videtur
637 3923 811 3992 Palmaria,
837 3943 904 3983 non
929 3921 1092 3982 Parruart'a
1114 3940 1152 3980 ex
1166 3919 1276 3985 Plinio
1293 3937 1324 3984 et

295 4025 472 4096 Marciano,
507 4043 523 4084 a
549 4023 651 4106 palma
673 4023 797 4094 arbore,
835 4025 923 4084 unde
950 4037 983 4084 et
1012 4023 1162 4083 Phoeru'cu
1191 4046 1213 4084 a
1241 4027 1324 4088 iuter
