2752 4944
351 447 441 503 ιιι
471 447 508 502 ιι.
551 448 584 504 c.
612 447 663 500 nt.
706 444 731 516 t
755 459 784 514 7.
1029 457 1090 522 225

121 617 372 702 Megaram)
411 617 504 705 Prag.
528 617 722 700 Megariam.
754 617 939 686 Pontum
958 632 991 684 et
1013 621 1089 684 Vin·

57 720 171 783 dobon.
189 722 317 785 Ariciae.
354 722 466 784 Venet.
484 721 533 782 ita
548 733 643 794 ιιιιιι,ι
669 721 754 784 Gud.
777 741 860 782 nuno
872 713 991 814 fronto
1005 743 1090 784 nune

57 823 161 903 pelago
168 845 183 894 ;
210 821 305 907 Prag.
328 821 477 884 adiacens
495 821 620 902 pelago.
656 841 860 886 rzecrtrctcu.
915 824 1001 910 Lego
1019 823 1090 886 Ma·

4 959 5 964 κ
56 946 128 1004 gara
149 943 274 1006 genere
292 937 422 995 neutro,
451 943 518 986 non
537 923 725 1003 Megaram,
752 944 790 986 ex
812 923 972 988 omnibur.
1016 943 1091 987 turt-

58 1045 188 1086 rnntra.
245 1025 347 1088 Scrib.
368 1026 479 1088 Attica
495 1037 528 1084 et
547 1023 684 1088 adiacet.
710 1025 836 1088 Plinius
849 1037 884 1106 4,
903 1041 936 1102 7.
950 1019 992 1112 [i.
1011 1023 1088 1116 tt.]

57 1130 169 1196 Attica,
198 1129 319 1208 inquit,
345 1127 480 1206 attingit
500 1123 654 1218 Isttmum
673 1139 767 1206 parto
781 1118 853 1218 sni,
881 1148 962 1210 quae
982 1127 1090 1210 appel·

57 1228 134 1289 latur
155 1229 321 1308 Megaris.
355 1245 558 1290 cttccorttre.
621 1225 819 1289 Dissentiunt
841 1225 951 1312 paisnn
977 1231 1011 1290 in
1033 1229 1090 1292 hcc

57 1327 148 1391 iorma
178 1330 331 1400 codicee,
368 1330 429 1390 viri
461 1329 546 1390 docti
573 1328 607 1388 in
639 1341 805 1412 utramque
837 1333 934 1393 etiam
967 1344 1091 1412 portem

59 1433 245 1514 disceptant.
299 1431 469 1492 Feminino
483 1449 598 1516 genere
612 1429 646 1490 in
662 1443 749 1492 recto
765 1443 797 1492 et
813 1431 950 1512 obliquiu
973 1431 1091 1494 cofibue

58 1535 187 1595 occurrit
209 1546 248 1593 et
270 1533 367 1594 hodie
387 1533 420 1590 in
435 1531 590 1594 Cicerone
612 1531 652 1592 de
673 1531 775 1594 divin.
806 1551 835 1603 ι,
859 1547 915 1608 ι7.
941 1531 1028 1615 epist.
1051 1533 1091 1594 ad

58 1635 115 1698 dir.
137 1647 174 1714 4.
199 1645 239 1710 5.
262 1655 308 1695 m.
354 1633 447 1694 Livio
478 1647 535 1712 31,
568 1647 626 1702 ιι,
651 1633 684 1696 6.
731 1633 839 1695 Plinio
859 1643 893 1714 4,
929 1651 984 1698 ιι.
1009 1631 1030 1698 i.
1055 1649 1089 1710 7.

58 1738 148 1799 vater.
174 1735 270 1798 Mar.
298 1745 331 1816 4.
360 1755 389 1796 ι.
417 1747 479 1794 ext.
505 1747 538 1813 3.
584 1754 612 1803 ι,
637 1747 670 1810 7.
696 1747 759 1796 ext.
782 1754 836 1796 ιο.
870 1733 927 1794 nbi
947 1735 1091 1818 Kappiur

57 1853 154 1900 contra
176 1837 336 1899 Torrenii
363 1837 485 1896 monita
509 1835 670 1918 Megaram
691 1837 839 1906 retinuit,
879 1837 1034 1898 Frontino
1055 1847 1091 1916 4,

62 1959 86 2009 ι,
108 1953 141 2016 3.
170 1939 243 2000 iine
266 1937 421 1996 librorum
444 1937 659 2019 discrepantia.
711 1939 764 2000 Sic
785 1939 818 1998 in
836 1939 1022 2020 cognomini
1044 1939 1092 2002 st·

59 2043 137 2102 tiliae
151 2039 239 2101 urbe
257 2039 330 2100 Liv.
348 2051 403 2116 24.
424 2051 480 2116 30,
498 2055 533 2116 9.
564 2039 620 2100 Sit.
640 2038 708 2100 tut.
731 2047 785 2118 14.
803 2053 886 2117 275.
939 2041 975 2100 ln
992 2039 1092 2122 priori

59 2143 121 2204 loco
141 2155 304 2202 neutrum
325 2139 476 2200 exhibent
497 2137 633 2202 Codicer
654 2139 801 2220 quidam,
825 2159 937 2202 omnes
952 2141 986 2200 in
1004 2139 1092 2202 iusti·

60 2263 98 2306 no
121 2257 176 2321 13,
204 2253 242 2319 5,
267 2259 302 2319 9.
334 2239 389 2300 ubi
412 2241 550 2322 Megara
578 2259 636 2322 pro
658 2241 804 2320 Megaris
830 2241 995 2322 pleraeque
1026 2243 1091 2304 edi·

61 2348 167 2408 tiones.
224 2345 280 2406 Sic
296 2343 433 2402 variatur
452 2343 486 2402 in
508 2341 602 2402 Livio
627 2355 683 2418 ιθ,
709 2357 741 2418 7,
768 2343 819 2406 ι6.
847 2343 930 2404 inter
953 2345 1092 2422 Megara

62 2461 89 2508 et
107 2448 297 2527 Megaram.
347 2443 516 2504 Feminino
536 2443 719 2504 renituntur
739 2442 876 2506 Vorstiur
891 2458 923 2504 et
938 2443 1091 2506 Graevius

62 2549 229 2610 adluitin.
254 2559 288 2614 α,
312 2555 344 2622 8,
370 2558 401 2624 3.
443 2541 551 2606 Heini.
573 2544 610 2604 ad
631 2545 742 2606 Vellei.
771 2565 801 2624 ι,
825 2559 856 2614 2.
882 2557 915 2622 5.
967 2545 1092 2607 Admit-

61 2651 189 2711 tendum
229 2661 338 2707 tamen
374 2643 501 2706 censent
542 2643 691 2706 Dukeruo
721 2645 759 2706 ad
792 2645 864 2706 Lir.
892 2659 948 2724 31.
976 2663 1031 2716 cc,
1056 2647 1091 2710 6.

59 2751 269 2829 Oudendorp.
292 2747 331 2806 ad
346 2748 480 2809 Sueton.
498 2745 606 2808 Tiber.
626 2765 653 2810 c.
670 2757 705 2826 4.
730 2745 906 2810 Ruhnken.
922 2746 961 2806 ad
977 2745 1089 2810 Vellei.

58 2875 80 2914 c.
100 2855 122 2916 i.
168 2850 239 2914 Sed
253 2861 287 2910 et
303 2849 344 2908 ita
366 2843 474 2928 paffint
488 2861 598 2908 neutra
615 2845 806 2908 Graecorum
821 2867 837 2908 a
854 2849 974 2910 Latinis
988 2847 1093 2910 efferri

56 2953 261 3016 obimatum
285 2948 342 3018 est.
371 2962 455 3010 certe
475 2949 508 3008 in
531 2949 617 3010 librir
640 2951 761 3019 iactari,
795 2949 898 3010 veluti
921 2947 1091 3010 Larotram

57 3056 137 3139 Nep.
169 3053 325 3135 Epamin.
347 3061 379 3126 8,
403 3063 436 3126 3.
475 3047 566 3134 Ages.
596 3051 628 3120 6.
665 3071 693 3114 ι.
737 3049 793 3110 ubi
816 3049 883 3113 viri.
906 3049 1091 3133 Heuitnger.

56 3159 227 3224 Pataram,
252 3151 338 3212 Mein
359 3172 386 3220 t.
408 3162 461 3228 ¹5·
480 3163 512 3229 3.
538 3149 691 3242 Astyrum,
718 3151 804 3214 idem
825 3169 853 3222 ι,
876 3163 928 3228 ¹8·
949 3169 979 3212 c.
1002 3165 1093 3212 antea

4 3321 5 3336 7
57 3261 206 3338 quidem,
243 3267 281 3314 nt
303 3251 436 3316 Deltam
463 3273 491 3322 t,
513 3270 546 3332 9.
573 3269 606 3314 a.
657 3253 709 3314 sic
731 3249 866 3316 Σοῦσαν
893 3265 925 3314 et
955 3253 1092 3316 Σουσῶν

4 3373 5 3384 ’
55 3355 267 3440 Theophrast.
290 3353 360 3414 hist.
381 3353 512 3434 plantor.
534 3371 568 3432 9,
599 3365 652 3430 15.
673 3351 693 3414 f.
728 3366 814 3438 etr),
841 3371 896 3434 17.
942 3343 1093 3442 Λύστραν

56 3475 84 3520 et
114 3451 284 3545 Λύστροις
313 3456 420 3518 Actor.
452 3445 503 3524 16.
533 3475 562 3524 ι.
587 3469 620 3516 2.
659 3455 735 3516 haec
772 3455 902 3534 quidem
940 3456 1019 3516 adeo
1058 3457 1093 3516 in

57 3563 196 3624 Graecis.
250 3559 304 3620 sic
333 3543 581 3646 Hierosolymam
608 3557 640 3614 in
674 3555 825 3616 omnibur
849 3555 936 3616 libris
963 3555 1092 3618 testante

56 3663 202 3724 Emestio
228 3659 315 3739 opud
340 3657 486 3720 Ciceron.
513 3677 571 3739 pro
595 3657 705 3718 Flacco
728 3677 794 3738 cap.
818 3667 876 3733 28.
910 3659 965 3736 qui
987 3669 1092 3718 tamen

58 3767 176 3834 reiicit;
215 3757 258 3822 cf.
286 3758 495 3840 Oudendorp.
528 3761 566 3820 ad
598 3759 746 3820 Suetonii
777 3763 857 3841 Aug.
885 3777 912 3822 c.
934 3771 994 3836 93.
1045 3759 1093 3820 lta

56 3863 167 3945 pzffim
198 3859 343 3930 Abdera,
377 3857 565 3928 Ecbatana.
602 3859 758 3940 Bargylia
789 3859 907 3938 aliaque
939 3857 1092 3928 feruntur.

56 3969 105 4028 nti
140 3969 179 4026 in
211 3963 309 4024 bonit
343 3961 430 4022 libris
462 3963 658 4041 omninoque
690 3963 723 4020 in
752 3959 933 4021 auctoribnr
967 3959 1094 4022 Graecia

58 4069 202 4131 Orientis
224 4065 363 4125 maxime
380 4065 511 4124 nomina
533 4075 642 4124 neutra
665 4057 737 4122 sunt
758 4075 791 4124 et
810 4061 936 4142 pluralis
956 4063 1091 4131 numeri,

57 4169 93 4232 de
123 4189 193 4254 quo
229 4165 409 4230 Burmann.
435 4165 475 4228 ad
499 4164 645 4249 Propert.
674 4178 708 4245 tt,
741 4183 795 4226 ro.
823 4165 868 4226 in.
921 4163 1091 4226 Feminino
