2784 4944
350 435 439 492 mn
472 441 508 492 ιι.
553 439 586 496 c.
611 439 665 524 tv.
708 437 734 506 t.
758 455 788 512 9·
1032 443 1094 514 tit

54 609 210 678 imiliter,
237 607 295 670 ubi
317 621 441 671 veteres
462 608 535 670 iibri
559 607 680 671 hebent
697 609 843 674 Medduo
867 611 921 674 rel
943 607 1094 684 Medera.

54 711 292 773 rescribendum
314 709 358 772 est
379 709 536 774 Muciano.
603 711 686 774 Naro
707 733 775 776 noo
797 726 923 774 tanturn
949 713 1096 774 Medoma

53 828 81 872 et
107 813 243 874 Medma
271 809 445 874 vocabatur
474 811 536 874 hoc
561 813 736 894 oppidum,
772 813 823 874 [ed
845 829 879 875 et
904 813 1040 876 Medane
1064 828 1098 877 et

53 915 184 976 Medna.
240 915 326 976 Male
341 915 425 995 epod
443 913 632 976 Strabonem
657 907 714 1000 [6.
735 937 767 998 p.
784 935 828 978 m.
853 931 933 992 177.
951 914 972 978 i.
988 909 1096 1002 256.]
1149 903 1151 911 ⁴

53 1015 261 1078 casaubono
285 1010 328 1078 τὰ
353 1011 497 1102 Μὲδιιμα
519 1015 658 1097 plurium
681 1037 817 1078 numero
839 1017 985 1102 corrigit,
1020 1037 1097 1078 cunt

54 1117 149 1200 proba
182 1117 220 1178 fit
249 1119 344 1178 lectio
372 1119 516 1200 vulgato:
566 1113 627 1180 'Eu
650 1113 683 1180 δὲ
709 1119 761 1201 τῷ
792 1112 957 1204 παράπλῳ
984 1107 1097 1198 τούτῳ

53 1216 199 1306 Medopo
228 1213 325 1292 πόλις
344 1219 479 1304 Λοκρῶν
509 1217 575 1280 τῶν
604 1209 726 1282 αὐτῶν.
775 1215 968 1308 Ὀμώνυμος
999 1215 1098 1304 κρήνη

53 1315 188 1408 μι·[α’).η
210 1317 349 1408 πλησίον
372 1316 498 1405 ἔχουσα
521 1317 654 1384 ἐπίνειον
683 1311 887 1410 καλούμενον
911 1315 1096 1410 'Epeo'prou

54 1429 136 1484 unm
164 1423 248 1484 eren
272 1423 407 1510 Λοκρῶν
430 1423 495 1484 τῶν
519 1411 630 1486 αὐτῶν
652 1423 804 1507 intetttgn
829 1425 945 1486 tono.
969 1423 1097 1492 020122.

54 1527 120 1586 ilion
152 1545 302 1605 namque
327 1525 422 1606 penio
454 1537 527 1586 ante
562 1523 643 1584 dixit
677 1525 880 1606 Hipponium
913 1522 1097 1586 condidiffe.

54 1627 170 1702 Hippo
197 1645 276 1686 vero
303 1645 360 1708 pro
382 1626 533 1706 Hippon,
566 1623 714 1708 utsupra
737 1617 815 1716 Iaso
836 1645 893 1708 pro
916 1615 1014 1716 Iason
1035 1625 1100 1686 Ro·

53 1729 134 1788 mani
161 1729 355 1810 Hipponem
380 1741 550 1797 vocarunt.
578 1741 700 1788 mutata
722 1725 932 1809 adspiratione
954 1730 986 1788 in
1007 1729 1099 1808 quin·

53 1843 111 1888 tam
132 1829 304 1898 vocalem,
330 1841 365 1888 ut
386 1827 493 1890 soient.
529 1847 674 1890 vosetve.
725 1829 789 1888 Etsr
806 1847 898 1912 aegre
912 1829 964 1889 hie
981 1827 1098 1890 defide-

54 1945 135 1991 retur
158 1930 280 1990 Terina
296 1929 338 1992 ob
360 1931 525 2014 ingentem
541 1931 653 2000 finum.
680 1949 774 2010 quern
791 1931 868 1990 dicit
885 1929 1008 1992 Plinius
1028 1949 1055 1992 c.
1075 1929 1098 1992 Ι.

55 2035 106 2091 rix
121 2049 236 2092 tamen
253 2051 293 2092 ex
312 2032 468 2092 librorum
484 2033 658 2092 Maticuuo
673 2033 769 2094 etiam
786 2031 843 2092 suu
858 2032 960 2113 eptiue
978 2050 1099 2093 nornen

55 2135 201 2202 extricee,
228 2152 327 2212 quam
344 2129 438 2194 Vossii
454 2132 619 2202 diedone,
645 2133 732 2215 quod
750 2145 782 2194 et
796 2131 870 2194 olibi
890 2134 978 2194 varie
994 2131 1100 2194 efferri

54 2236 104 2296 iile
126 2238 197 2295 iarn
216 2235 340 2296 docuit.
393 2233 444 2296 Cf.
466 2235 562 2296 etiarn
578 2235 747 2296 Cluverius
764 2235 796 2294 in
816 2233 884 2296 tut.
902 2248 966 2296 ent.
984 2242 1019 2313 4,
1042 2244 1098 2310 ι5.

53 2357 82 2417 p.
113 2351 228 2416 1292.
267 2337 324 2414 qui
342 2349 448 2396 tamen
463 2355 515 2406 „ex
540 2335 625 2396 Meta
647 2349 806 2418 receptam
832 2349 902 2396 tnut
927 2337 1099 2397 lectionem

58 2439 173 2498 Terina
198 2437 329 2518 repetit.
379 2437 567 2518 Expeditior
591 2438 696 2499 aditur
715 2437 754 2497 ed
777 2435 936 2518 sequentia
957 2437 1100 2506 nomino,

55 2543 86 2598 in
107 2539 233 2620 quibue
256 2537 457 2618 Hipponium
477 2539 607 2620 quidem
627 2537 742 2600 tubette
764 2539 926 2610 videatur,
960 2537 1010 2598 sed
1028 2539 1101 2618 quie

55 2661 224 2722 uunquam
241 2640 281 2698 iic
296 2639 419 2700 adiecto
437 2637 471 2702 V
471 2637 544 2700 ibon
561 2641 688 2708 dicitur,
707 2659 765 2700 nec
782 2639 844 2700 diei
858 2639 967 2720 potest,
985 2641 1102 2700 meiius

56 2744 147 2804 altera
174 2761 251 2823 pare
269 2741 390 2802 transiit
411 2742 444 2800 in
468 2761 569 2810 nune.
600 2754 636 2801 ut
659 2740 698 2802 fic
722 2741 837 2820 duplex
860 2760 980 2804 nomen
1003 2739 1103 2801 decla·

57 2859 159 2914 retur,
198 2841 289 2924 quod
314 2857 347 2902 et
368 2842 550 2926 adtigerunt
572 2841 703 2912 Strabo,
736 2841 877 2912 Pliniue.
910 2841 1101 2926 Stephanus.

59 2947 161 3007 lidem
186 2946 286 3005 etiarn
306 2941 357 3023 epi
382 2941 417 3005 V
416 2941 487 3004 ibon
510 2943 664 3004 adiiciunt
682 2941 717 3006 V
716 2943 853 3013 olentia,
886 2957 919 3004 et
938 2942 979 3002 fic
999 2941 1105 3004 Ptole·

57 3067 168 3108 maeue
194 3059 230 3124 3,
258 3063 288 3107 ι.
316 3043 372 3104 ubi
392 3057 537 3126 corrupte
554 3035 662 3107 Οὐιῶν
683 3065 741 3126 pro
759 3033 904 3120 Οὐίβων.
928 3044 966 3104 Δ.
984 3043 1102 3126 Geogr.

59 3151 212 3210 Ravenn.
236 3155 272 3224 4,
300 3159 358 3224 52.
382 3141 531 3228 (orbona
554 3143 730 3227 Valentia)
757 3145 820 3208 tab.
843 3145 992 3230 Peuting.
1011 3145 1044 3208 6.
1064 3145 1102 3207 E.

58 3249 113 3330 (V
114 3249 219 3310 ibono
241 3244 413 3330 Bolentia)
439 3265 534 3328 quare
550 3262 583 3310 et
605 3247 659 3308 hio
675 3247 789 3309 addere
807 3247 912 3308 voluit
926 3247 1105 3309 Pintieuue.
1166 3279 1171 3294 .

59 3355 100 3412 tt
116 3371 154 3414 ea
177 3349 263 3410 ratio
285 3365 344 3408 net:
364 3367 381 3410 tt
403 3349 565 3410 codicibut
586 3349 771 3418 adiuvatur,
803 3367 861 3410 nec
884 3347 927 3410 ett
951 3361 1104 3432 perpetue

59 3467 89 3512 et
112 3451 282 3519 constant,
315 3463 408 3532 etque
429 3453 472 3510 ita
496 3447 602 3512 Vibort
636 3449 818 3533 simpliciter
841 3449 925 3532 apud
956 3449 1105 3512 Ciceron.

60 3556 95 3614 ad
114 3557 216 3616 Attio.
238 3569 271 3634 3.
292 3563 324 3626 5.
351 3551 504 3612 Antonin.
523 3551 556 3612 in
580 3552 685 3612 itiner.
703 3571 734 3634 p.
758 3569 837 3616 tlt.
876 3551 929 3612 stc
947 3551 981 3610 in
1002 3549 1105 3632 lapide

62 3657 202 3716 miliario
222 3653 310 3734 apud
327 3651 500 3714 Gruterum
522 3673 554 3734 p.
578 3665 656 3730 ¹5⁰·
675 3653 708 3716 6.
735 3673 757 3712 o
776 3649 904 3712 Bibono
924 3651 969 3712 od
987 3651 1108 3713 Locros

63 3757 218 3819 milliaria
242 3763 303 3836 45.
356 3752 457 3816 Porro
482 3753 569 3834 quod
592 3753 705 3834 Hippo
725 3773 793 3814 nott
817 3753 1018 3831 Hipponiurn
1040 3751 1107 3814 scri·

63 3859 157 3928 bitur.
192 3854 359 3918 offendere
380 3874 448 3916 non
467 3855 571 3925 debat.
604 3857 676 3938 quia
697 3855 759 3916 hoe
774 3855 884 3916 Graeci
905 3850 1108 3936 frequentant

62 3975 224 4043 perpetuo
256 3953 330 4026 uin,
369 3957 449 4016 illud
481 3957 604 4026 Latini,
643 3975 703 4018 nec
732 3969 817 4018 recte
852 3953 978 4018 Graecis
1011 3957 1109 4017 etiam

63 4063 177 4143 Hippo
201 4056 317 4118 tribuit
332 4057 487 4120 Graeviut
506 4059 545 4120 ed
564 4057 710 4122 Ciceron.
728 4059 766 4118 ad
784 4057 879 4120 Attio.
904 4071 937 4136 5,
962 4069 995 4136 3.
1038 4056 1108 4119 i'id.

63 4160 192 4226 salmas.
220 4161 261 4224 ad
292 4159 395 4224 Solio.
417 4179 445 4222 c.
467 4171 500 4239 3.
524 4159 544 4222 i.
569 4176 602 4224 α.
631 4182 664 4244 p.
688 4179 732 4224 m.
754 4169 815 4241 49.
847 4159 902 4240 qui
928 4171 961 4220 et
987 4171 1108 4230 monet,
