2788 4942
345 393 433 450 tttt.
462 393 514 446 nt.
557 391 591 448 c.
617 393 653 446 tt.
696 390 722 461 t.
745 405 776 462 t·
1038 396 1077 460 ⁶⁷

43 565 228 631 Perizonio.
263 584 295 628 r.
319 581 526 626 orrorovrva.
592 563 720 646 Nempe
752 563 826 626 iecit
857 585 954 648 prava
983 565 1078 629 lectio

41 669 157 750 iliaque
180 667 347 729 emendata
368 667 431 726 loci
452 663 573 728 diversa
596 667 781 748 explicatio,
810 683 846 728 ut
868 669 953 728 varia
973 669 1079 728 diiiin·

42 774 150 832 ctione
167 769 340 831 verborum
354 787 476 829 nexum
497 783 528 830 et
548 765 670 828 sensnm
689 769 887 831 adiuvarent.
940 771 996 836 lta.
1022 771 1079 852 qui

42 893 111 932 curn
132 883 275 932 mortuos
298 871 472 938 dederunt.
500 868 691 952 distinguere
708 867 772 932 fere
796 867 911 940 solent,
938 871 1007 952 post
1029 871 1080 932 dc·

34 965 191 1063 fodiunt,
218 973 336 1052 reliqua
356 971 394 1032 ad
414 961 537 1060 inferos
552 971 703 1031 continua
721 967 796 1032 ierie
816 987 996 1054 pertexunr,
1024 973 1080 1035 etii

42 1077 139 1136 etiam
155 1074 286 1156 qnidam
303 1073 336 1132 in
353 1091 434 1134 voca
450 1069 638 1142 viventibus.
666 1075 807 1134 maximo
826 1072 912 1157 tigno
931 1071 1080 1146 subiecto,

43 1179 160 1259 prioris
176 1175 313 1234 membri
335 1175 508 1234 terminum
529 1187 667 1255 ponunt,
691 1175 854 1256 inquibus
873 1175 945 1236 odd.
968 1193 997 1237 a.
1027 1195 1080 1240 tt.

47 1291 102 1357 13.
152 1277 203 1338 Ex
226 1275 468 1358 posterioribus,
501 1276 556 1356 qui
582 1275 749 1336 meliorem
774 1277 947 1336 lectionem
972 1275 1084 1359 proba·

43 1393 130 1450 runt,
155 1377 230 1440 oiim
251 1379 288 1437 ati
309 1378 447 1458 priorem
465 1374 653 1438 sententiam
672 1377 829 1444 reiiciunt.
853 1377 953 1437 veluti
971 1375 1084 1440 Schot-

44 1493 103 1548 ωε,
132 1475 266 1550 Voffiua,
289 1479 450 1540 Gronovii
469 1479 507 1538 ad
526 1477 576 1538 ed.
590 1487 649 1554 42.
675 1479 876 1546 Reinoldiue,
899 1479 985 1539 uude
1000 1500 1085 1542 nova

44 1582 207 1642 distinctio
228 1581 264 1642 Δ.
284 1579 450 1642 Gronorio
469 1589 641 1660 praeeunte
656 1579 803 1648 invaluit.
829 1600 923 1660 quarn
939 1593 970 1640 et
988 1601 1085 1662 agno·

45 1680 134 1744 scunt
168 1682 253 1744 Cod.
280 1680 364 1741 Gud.
390 1693 423 1742 et
447 1678 527 1761 Lipi
553 1693 595 1750 et,
621 1681 694 1760 quia
717 1683 815 1765 magia
838 1681 881 1742 est
907 1701 1086 1744 accommo-

45 1787 126 1854 data,
150 1803 215 1866 ego
232 1783 432 1843 retinendam
449 1779 564 1843 censui.
604 1780 793 1844 ciacconius
806 1801 901 1864 porro
918 1783 1006 1843 malit
1029 1797 1088 1846 aut

45 1879 222 1972 defodiunt
236 1897 334 1965 gruta
346 1879 538 1946 viventibus.
572 1881 730 1946 Posterius
746 1897 844 1966 grata
863 1884 976 1967 probat
990 1888 1089 1948 etiam

46 1989 211 2051 Schottua.

125 2162 430 2262 deferebatur)
481 2169 666 2234 Vindobon.
686 2165 914 2260 defferebutrtra
940 2171 1089 2235 Ciaccon.

52 2275 135 2339 Cod.
155 2265 374 2362 reserebatum
398 2271 480 2355 Lips.
493 2263 736 2361 deferebarttttr5
762 2269 897 2334 Voffiani
912 2273 983 2334 libri
999 2269 1090 2362 diffc-

52 2376 190 2443 rebatur.
214 2377 299 2454 quoti
316 2375 558 2436 uuuaSchottur
573 2377 708 2456 excepit.
733 2393 938 2448 ‘rzacttvctttu
979 2377 1090 2440 Scribo

53 2473 263 2567 differ-damur
278 2475 323 2535 ati
338 2469 472 2566 inferos.
507 2475 648 2538 Valerius
666 2475 836 2537 Maximna'
849 2471 895 2562 [c.
915 2471 958 2562 1.]
989 2475 1092 2538 Vetus

55 2583 103 2640 itte
123 2599 191 2638 ntor
212 2576 374 2638 Gniionnn
393 2579 545 2646 occurrit,
569 2597 648 2660 quus
671 2579 833 2668 memoriae
854 2577 1016 2654 proditum
1038 2576 1091 2668 est,

54 2683 204 2760 pecunias
238 2679 370 2750 multas,
413 2699 494 2760 quac
523 2679 573 2738 itis
607 2677 696 2756 apud
730 2669 851 2763 inferos
883 2677 1093 2749 redderentur,

56 2783 143 2842 dore.
181 2799 380 2842 rtn'rtanva.
437 2781 522 2840 Libri
540 2792 662 2841 vetaret
678 2775 895 2867 differebatur,
920 2799 986 2841 nou
1008 2771 1096 2866 defe-

56 2881 195 2942 rebatur.
239 2883 347 2942 Recte.
390 2901 531 2943 voratva.
603 2881 674 2964 Ego
707 2881 868 2964 vulgatam
899 2900 964 2941 non
993 2895 1094 2953 muto,

56 2987 148 3045 cuius
172 2981 276 3042 seusus
299 2980 478 3044 summatim
500 2980 745 3064 comprehensus
767 2983 818 3042 hic
839 2981 897 3050 est,
924 2980 1096 3064 adpuiniffe

57 3086 201 3146 mortuis
220 3085 338 3146 tabulae
357 3097 558 3166 acceptorum
578 3095 611 3144 et
629 3081 851 3163 expensorum.
878 3087 1096 3164 pecuniaeque

57 3189 216 3254 creditae,
251 3199 411 3266 tamquam
438 3187 629 3246 documenta
651 3187 719 3245 eiue
749 3185 927 3266 opinionis.
963 3187 1010 3244 uti
1032 3183 1097 3246 iere

59 3289 149 3348 hunc
166 3287 275 3347 locum
295 3287 428 3368 explicat
442 3285 560 3346 Martio
582 3286 615 3344 in
639 3285 719 3345 libro
736 3285 763 3346 la
786 3287 919 3368 religion
940 3287 995 3346 dee
1016 3287 1098 3348 Gau·

58 3391 120 3451 loia
136 3389 235 3450 Toru.
257 3407 288 3450 1.
311 3410 344 3469 p.
366 3407 447 3450 201.
493 3389 544 3448 Sic
562 3385 703 3467 epistolar
724 3387 910 3468 propinquis
926 3385 1098 3469 inscriptae,

60 3511 136 3574 quaa
151 3489 199 3550 illi
214 3489 364 3572 legerent,
381 3485 532 3550 addidiffe
547 3501 650 3550 narrat
666 3489 799 3550 Diodor.
816 3489 878 3552 Sic.
894 3499 925 3565 5,
944 3501 1002 3566 28.
1019 3503 1097 3553 extr.

138 3673 289 3754 etiam)
339 3674 508 3736 Exciderat
533 3673 566 3733 in
593 3669 687 3734 Parii.
718 3691 749 3735 a.

130 3853 180 3956 se
205 3861 245 3921 in
277 3859 426 3940 rogos)
477 3859 577 3922 Vatic.
602 3871 636 3937 3.
666 3857 759 3942 Prag.
786 3857 850 3918 aiio
876 3857 989 3919 ordina
1015 3859 1103 3920 exhi·

66 3965 161 4028 bant:
194 3965 228 4024 in
253 3983 346 4044 rogos
368 3952 499 4053 snorum
517 3950 568 4051 sc.
614 3961 701 4022 Tum
726 3959 818 4042 Prag.
845 3959 953 4022 veluti.
1003 3961 1105 4023 Antea

67 4067 212 4132 vindob.
233 4077 327 4127 erant
344 4063 457 4128 omiffo
479 4081 548 4148 que.

690 4211 768 4276 ΕΩ
