2836 4940
325 429 384 492 aaa
614 417 858 478 eouttomr
898 419 1059 476 Mutia

327 593 366 654 ad
391 607 423 660 2,
445 603 478 670 8,
501 607 533 656 t.
560 591 599 654 erl
622 611 737 656 vocem
758 595 886 656 Peneus.
937 591 1011 654 Posi
1034 589 1165 672 Gangen
1185 603 1327 673 praeeunte

328 693 501 757 lleiuoldio
524 692 632 778 posuit
653 715 691 757 ex
711 695 867 778 plerisque
890 693 1013 758 Msstie
1035 693 1109 756 Abr.
1127 689 1328 755 Gronoviuaiu

330 795 403 858 edd.
423 804 483 876 43.
503 807 563 874 45.
591 797 677 877 quod
704 809 737 858 et
756 795 825 879 poll
853 797 962 858 lotum
985 795 1142 866 obtinuit,
1173 814 1241 856 eum
1257 805 1328 854 antee

330 898 491 980 legeretur
518 897 676 978 Gangem,
715 900 800 980 quod
828 911 912 960 cette
938 897 1094 960 exhibent
1123 897 1255 978 plerique
1280 893 1329 954 mei

332 1001 469 1060 coelicet.
522 996 591 1062 Neo
619 997 674 1060 libi
701 999 841 1062 oonslant
865 998 938 1062 erld.
964 999 1206 1070 lleinoldianae3
1235 1012 1328 1078 nempe
1378 1071 1379 1088 ,

331 1119 412 1180 quae
426 1113 631 1179 annor759.
646 1103 775 1183 prodiit,
794 1099 890 1164 habet
902 1101 1057 1181 Gangem.
1090 1099 1164 1162 Post
1176 1096 1330 1182 Puppis·
1378 1089 1379 1160 l

332 1197 436 1272 boten
471 1201 579 1264 Cibin.
600 1200 768 1282 pnlihrotit
798 1203 911 1284 reliqui
932 1199 1093 1264 Palibotri
1114 1221 1185 1264 cum
1209 1198 1329 1261 omnibu
1378 1209 1379 1222 ¹

333 1301 548 1371 editionibus.
572 1303 618 1364 uti
633 1317 665 1366 et
680 1303 818 1366 scribunt
832 1305 1000 1366 Boccatiua
1016 1301 1036 1364 s.
1056 1323 1090 1366 v.
1108 1303 1246 1365 lodicum
1259 1317 1330 1368 mare,

332 1399 501 1464 Palibotra
517 1405 634 1488 Geogr.
650 1406 796 1470 Ravenn.
815 1425 845 1478 a,
867 1419 900 1484 8.
921 1420 955 1468 et
974 1405 1035 1468 tab.
1053 1405 1231 1489 Peutinger.
1247 1401 1329 1466 tus.

334 1503 378 1568 Et
402 1504 441 1566 src
462 1519 535 1568 ante
558 1507 759 1570 Hanluinum
778 1505 936 1570 Palibotn'
954 1508 988 1568 in
1011 1505 1121 1568 Plinio
1137 1508 1170 1574 6,
1192 1501 1330 1579 22.s.19.

334 1603 378 1670 At
396 1605 416 1664 sr
437 1607 571 1670 Graecos
587 1606 745 1691 inspicias,
776 1607 939 1672 inserenda
960 1607 1004 1671 esl
1018 1605 1204 1692 adspiratio;
1231 1603 1332 1666 dubiuu
1378 1609 1379 1632 ¹

335 1719 443 1770 tamen
461 1709 557 1770 iidem
574 1707 692 1772 sarciunt
711 1711 1012 1798 antepenultimam,
1038 1713 1162 1794 quippe
1181 1725 1264 1790 quam
1280 1703 1333 1766 esse

337 1821 414 1870 nant
439 1813 539 1874 modo
563 1831 620 1894 per
644 1807 752 1884 Παλι,
787 1813 887 1876 morlo
916 1833 973 1896 per
999 1806 1130 1902 Παλιμ.
1179 1811 1227 1874 Sic
1249 1803 1333 1869 Strabo

337 1910 396 1974 lib.
416 1923 471 1988 15.
492 1932 523 1992 p.
540 1923 624 1992 475.
644 1911 665 1976 s.
681 1915 766 1994 690.
790 1935 821 1996 p.
850 1925 936 1994 488.
952 1911 973 1976 l.
990 1928 1077 1990 702.
1105 1914 1234 1976 Diodor.
1247 1911 1297 1972 siu
1310 1923 1332 1975 tr

339 2025 399 2096 39.
425 2007 645 2101 Παλίβοθρα,
678 2013 771 2104 [ειὶμ
792 2013 909 2078 inserto
932 2015 1084 2078 Arrianus
1107 2017 1142 2076 in
1165 2014 1332 2090 lotape.

337 2125 416 2178 extr.
441 2127 472 2175 et
488 2114 580 2186 alibi,
606 2115 890 2199 stephanum.
913 2114 1156 2208 Παλίμβοθρα.
1206 2115 1239 2174 lu
1256 2109 1333 2173 Ptole·

337 2233 429 2278 uraeo
453 2215 552 2284 Bertii
575 2231 607 2290 7,
634 2235 663 2280 ι.
686 2231 720 2280 et
739 2217 794 2280 lib.
812 2231 845 2294 8.
867 2217 930 2279 tab.
955 2239 1009 2282 ιο.
1034 2218 1123 2280 Asiae
1145 2215 1238 2278 modo
1257 2205 1334 2272 llall·

335 2313 464 2400 βοθρα.
491 2317 590 2378 mrrdo
607 2313 837 2406 Παλίμβοθρα
855 2319 988 2404 legitur,
1014 2319 1067 2380 etsi
1084 2317 1232 2400 posteriue
1246 2313 1333 2374 habent

337 2417 371 2482 iu
395 2431 528 2499 utroque
551 2419 622 2482 loco
645 2419 722 2481 aliae
742 2422 918 2491 editiones,
949 2421 1051 2482 veluti
1073 2425 1204 2504 Argunt.
1221 2406 1333 2492 r5to.l

338 2519 530 2590 Posteriores
556 2523 706 2584 videntur
732 2523 900 2607 neglexisse
924 2521 1184 2604 adspirationem,
1211 2518 1255 2578 uti
1273 2525 1332 2576 cette

339 2623 465 2702 adparet
481 2641 520 2684 ex
536 2621 638 2684 tabula
648 2624 798 2708 Peuting.
817 2642 871 2686 ro.
887 2625 926 2686 E.
949 2623 1118 2706 et.Geogr.
1132 2623 1300 2684 Ravenna·
1312 2625 1334 2690 3·

338 2723 444 2784 Litora
461 2745 486 2811 p
503 2724 598 2786 dubia
614 2725 749 2795 videtur,
772 2727 880 2787 minus
892 2723 1070 2808 adspiratio,
1086 2743 1183 2807 quam
1195 2722 1261 2784 ideo
1273 2729 1336 2778 nunt
1378 2767 1379 2788 ι

340 2825 459 2890 addidi.
496 2827 546 2886 De
563 2827 753 2890 coniectori·
769 2829 981 2910 interpretum
996 2826 1076 2910 poll.
1378 2815 1379 2820 ἵ

414 3025 469 3090 ad
496 3027 644 3091 Colida
651 3027 670 3111 )
718 3029 858 3094 Vindob.
877 3032 990 3094 Venet.
1011 3027 1113 3094 Vario.
1134 3048 1164 3093 ι.
1186 3014 1338 3089 Parisranlet

339 3143 413 3202 tree,
439 3130 546 3192 Cibin.
564 3131 648 3194 Gud.
663 3131 822 3195 Palatinus
837 3132 976 3196 Salmalii
991 3130 1036 3192 nd
1045 3123 1180 3222 solida,
1196 3124 1337 3204 llehtliger.
1378 3115 1379 3164 l

339 3252 362 3293 ⁰
375 3223 503 3324 [θῖῖᾶῡὶ
526 3233 624 3295 Vatia.
641 3251 673 3317 3.
694 3232 784 3318 Prag.
801 3231 885 3315 Lips.
902 3235 1009 3296 Havn.
1026 3233 1072 3293 aa
1088 3231 1204 3294 Iulida.
1234 3225 1303 3288 Edd·
1314 3237 1337 3280 1·

343 3349 376 3396 o.
398 3347 429 3414 5.
452 3341 486 3414 4.
506 3345 539 3410 5.
558 3335 590 3396 6.
614 3351 648 3416 7.
666 3347 700 3412 8.
721 3351 754 3421 9.
779 3353 833 3398 ιο.
855 3353 912 3398 ιι.
933 3350 987 3398 ro.
1007 3347 1062 3414 ¹5·
1083 3343 1137 3415 14.
1159 3343 1210 3410 15.
1229 3341 1276 3402 17·
1295 3337 1338 3398 ι9·

343 3451 403 3499 20.
424 3447 479 3514 23.
503 3433 547 3494 ad
566 3435 694 3507 Solium
738 3438 794 3500 16.
822 3449 877 3516 ι8.
902 3452 958 3500 21.
986 3453 1043 3498 ea.
1070 3445 1126 3514 24.
1152 3433 1205 3498 26.
1223 3441 1271 3504 27·
1292 3431 1336 3496 Ω8·

341 3539 507 3608 varianae.
526 3535 735 3608 Olivarianae,
757 3539 901 3608 vinomo,
921 3535 1070 3599 Schottus
1086 3535 1130 3596 nal
1146 3529 1258 3600 sotim
1279 3517 1337 3584 V0s·

340 3639 403 3702 siue
419 3659 491 3700 cum
508 3638 634 3719 reliquia
654 3637 698 3698 ad
714 3637 838 3709 Colida,
864 3652 1037 3722 praeeunte
1053 3635 1196 3700 Salmafio
1210 3632 1243 3692 ad
1255 3624 1334 3688 svin.

340 3759 406 3821 cup.
425 3755 484 3818 55.
506 3737 526 3801 s.
545 3751 603 3818 52.
627 3760 658 3822 p.
675 3761 718 3802 m.
738 3751 821 3818 782.
874 3740 961 3800 Tum
982 3734 1132 3828 pronifi,
1163 3723 1335 3817 quodestin

340 3840 466 3904 Mssns
489 3853 521 3903 et
536 3842 608 3902 edtl.
629 3863 658 3904 r.
676 3857 708 3903 α.
733 3859 768 3920 9.
789 3853 845 3919 13.
866 3835 962 3928 Nyfii
984 3839 1037 3902 vel
1053 3835 1140 3930 Nisu'
1159 3833 1264 3897 habent
1278 3821 1333 3886 edd·

339 3943 493 4023 reliquae,
534 3943 612 4002 dum
646 3943 778 4003 Vinetua
809 3941 936 4002 reduxit
968 3937 1045 4031 nifi,
1082 3938 1166 4021 quod
1193 3931 1333 4017 probarunt

339 4041 507 4112 Schotrne,
535 4038 673 4113 Vossius,
701 4043 861 4104 Gronovii
880 4056 912 4103 et
935 4042 997 4104 alii.
1049 4039 1122 4104 Poll
1143 4033 1229 4102 Paris.
1245 4051 1269 4096 ι.
1287 4014 1333 4111 m'fi

338 4143 394 4208 ubi
419 4143 598 4218 habiatur,
624 4139 745 4209 omiffie
769 4143 917 4228 reliquie;
954 4143 1123 4215 sthottua,
1148 4130 1267 4204 Voffiu.
1286 4136 1331 4205 4⁰·
