2810 4944
321 411 387 482 tto
626 405 871 464 eonionu
906 407 1067 464 nette

320 595 442 644 rantur.
479 579 537 642 Ex
561 577 641 642 inlus
670 581 815 643 vindicet
843 581 955 644 Strabo
982 602 1009 646 c.
1037 583 1060 644 l.
1096 601 1113 642 ι
1140 597 1206 661 qno
1231 565 1352 644 Ἐἶπα-

321 683 384 748 νῶν
409 675 502 750 πόλις
525 683 576 742 hic
598 681 785 746 recensetur.
837 685 878 744 At
905 683 1035 742 dubiam
1059 681 1131 744 iacit
1159 702 1228 742 eam
1252 683 1352 742 lenio·

319 785 396 848 'nem
424 797 551 844 etcum
578 785 647 844 aliie
668 781 859 846 Strabonem
885 787 1055 866 componit
1081 783 1260 846 Athenaeus
1283 803 1308 844 c.
1331 782 1349 842 Ι.

320 889 375 968 qni
388 907 425 946 ex
436 885 590 948 Strabone
602 883 725 956 diserte,
744 884 864 947 senium
879 887 1051 948 verborum
1069 885 1201 954 secntue.
1217 873 1350 956 Σεξιτα·

321 986 392 1054 vino
415 985 522 1048 refert.
573 987 659 1046 'i'nnt
677 1007 753 1050 vero
772 989 800 1048 H
818 989 887 1050 etS
912 990 1011 1048 veluti
1034 989 1066 1048 in
1087 987 1302 1065 Halmydeilne
1321 997 1349 1043 et

318 1088 546 1168 Salmydeilne.
579 1075 615 1160 ἕξ
635 1103 666 1149 et
692 1087 740 1150 lex
765 1091 796 1148 in
822 1092 1009 1149 numerandi
1030 1089 1146 1149 ‘vocula
1177 1087 1349 1170 promiscuo

319 1189 377 1252 uin
399 1190 496 1272 polita
519 1187 645 1258 inerint,
673 1191 727 1250 etsi
749 1203 877 1271 propter
893 1204 941 1251 tot
961 1192 1147 1252 Latinorum
1168 1189 1348 1257 testimonia,

320 1293 434 1374 qnibnn
451 1306 482 1352 et
501 1293 609 1352 Graeci
628 1293 679 1352 atii
697 1295 862 1358 accedunt.
879 1293 902 1352 S
920 1294 1024 1354 verine
1043 1306 1167 1373 putem.
1203 1294 1243 1352 lit
1258 1289 1348 1372 qnod·

320 1413 445 1475 cunque
464 1392 587 1473 probes.
615 1393 688 1454 inde
705 1413 770 1454 non
790 1395 987 1476 intelligitur,
1013 1395 1069 1474 qni
1086 1395 1260 1454 Sexitanus
1277 1391 1348 1450 deri·

318 1497 386 1558 vari
411 1493 521 1576 poffit.
559 1514 633 1554 cnm
664 1495 822 1554 Sextannt
851 1496 1022 1556 dicendum
1050 1493 1164 1556 fnioet.
1217 1493 1347 1560 Accedit.

318 1599 403 1680 qnod
441 1594 529 1677 snpra
563 1597 695 1663 monui.
743 1595 910 1676 Hispaniae
942 1597 1009 1657 loca
1042 1597 1128 1677 plura
1163 1597 1196 1654 in
1223 1596 1236 1654 i
1259 1596 1345 1654 exire.

319 1699 428 1782 Quare
446 1697 649 1777 praetulerim
667 1697 763 1766 Hexi.
789 1698 952 1760 lubentius
969 1698 1052 1768 Sexi,
1075 1697 1166 1779 quod
1184 1699 1219 1758 in
1237 1696 1347 1758 Latinis

316 1800 508 1862 numerandi
529 1800 640 1862 vocula
664 1812 798 1862 tueatur.

393 2051 622 2136 Maenoba)
673 2053 821 2142 Ciaccon.
846 2053 952 2116 Havn.
982 2051 1171 2116 vindobon.
1196 2049 1345 2120 mennon:

317 2151 401 2234 Lipl.
436 2153 529 2216 Parit.
557 2169 587 2232 3.
630 2156 740 2217 Venet.
768 2153 953 2228 ntaenobia,·
990 2157 1085 2216 Vatic.
1114 2171 1147 2216 Ω.
1176 2151 1344 2220 monnio,-

315 2255 408 2339 Prag.
433 2253 524 2316 Parit
550 2271 581 2316 2.
607 2254 758 2329 meuaba,·
796 2257 904 2319 Cibin.
929 2255 1078 2328 menoba,·
1113 2257 1169 2315 alii
1193 2251 1340 2315 maennba.

315 2357 398 2418 End.
424 2376 453 2420 t.
481 2373 511 2418 Ω.
538 2371 569 2434 5.
592 2367 626 2436 4.
652 2371 686 2434 5.
710 2376 742 2436 9.
768 2378 821 2421 tt.
846 2357 1005 2429 nzenabio,·
1040 2359 1072 2420 6.
1099 2373 1130 2432 7.
1160 2370 1193 2434 8.
1222 2377 1272 2416 to.
1295 2369 1340 2415 to.

322 2471 377 2536 13.
423 2471 477 2538 14.
518 2473 572 2534 15.
612 2459 649 2518 ad
684 2457 825 2520 Voffinm
862 2457 1023 2531 Menoba,·
1067 2459 1142 2518 hinc
1178 2453 1339 2519 Muenna.

315 2577 521 2620 'rzscnvcne
576 2559 698 2622 Plinius
720 2557 774 2647 [3.
801 2575 833 2639 3.
852 2560 870 2618 s.
896 2553 946 2646 t.]
971 2559 1099 2642 scriptus
1118 2557 1340 2620 Menttbactnn

314 2682 332 2720 e
350 2663 383 2720 in
401 2662 500 2740 prima
515 2675 546 2720 et
564 2681 582 2720 n
603 2663 634 2720 in
654 2661 795 2722 secunda.
824 2661 935 2725 Strabo
960 2661 1009 2739 [5.
1027 2681 1059 2741 p.
1078 2681 1121 2721 tn.
1139 2681 1202 2739 99.
1220 2657 1340 2734 [143]

314 2781 388 2823 cum
413 2783 450 2820 ae
472 2763 673 2846 diphthongo
692 2765 725 2822 in
748 2765 847 2844 prima
869 2777 901 2823 et
924 2783 942 2822 o
968 2765 1000 2822 in
1027 2761 1159 2823 secunda
1183 2755 1339 2822 Maenoba.

315 2881 515 2925 1³·tnntanve.
567 2862 708 2924 Menoba
731 2867 826 2924 etiarn
849 2865 882 2922 in
908 2864 1028 2925 Anton.
1051 2863 1121 2922 itin.
1148 2884 1182 2945 p.
1203 2884 1245 2922 m.
1263 2869 1337 2938 4n5.

315 2959 461 3040 Μάνοβα
489 2965 571 3045 apud
599 2965 818 3026 Ptolemaeum
845 2983 876 3034 2,
897 2975 931 3043 4.
960 2985 1017 3044 pro
1043 2959 1215 3038 Μαὶνοβα.
1257 2961 1337 3022 Mae·

313 3063 397 3126 noba
413 3067 558 3126 codicum
576 3065 750 3128 nostrornm
773 3067 938 3126 confirmat
954 3067 986 3124 in
1002 3066 1112 3146 primie
1131 3065 1254 3134 strabo,
1279 3060 1335 3128 ubi.

313 3179 353 3226 ut
374 3166 425 3227 hic
444 3167 514 3239 alii,
547 3167 648 3230 veron
670 3169 802 3229 Guarini
820 3169 872 3228 det
887 3163 1037 3230 Menoba.

384 3421 586 3505 Malaca)
635 3421 807 3506 Reinligor.
832 3421 922 3506 Preg.
944 3441 1028 3504 unus
1043 3439 1081 3482 ex
1097 3419 1260 3486 Vaticanis.
1284 3411 1334 3476 Pa·

311 3517 362 3583 ris.
386 3535 417 3601 3.
442 3537 483 3592 et,
510 3539 600 3606 puto,
628 3527 739 3586 Venet.
760 3525 864 3586 ann.
889 3522 1055 3594 malacim
1081 3521 1189 3584 Cibin.
1206 3517 1332 3584 andam

311 3623 412 3685 Vatic.
435 3625 512 3688 aliut
536 3625 658 3697 tnalca;
690 3627 745 3686 alii
765 3624 914 3696 Manca,
949 3625 996 3684 uti
1019 3625 1196 3691 editiones,
1222 3629 1331 3703 praeter

315 3742 346 3785 1.
371 3725 415 3786 2?
435 3740 467 3803 3.
490 3736 525 3809 4.
550 3739 582 3804 5.
601 3745 635 3806 9.
658 3747 712 3789 tt.
738 3729 771 3788 in
788 3726 904 3807 qnibne
919 3725 1035 3808 legitur
1051 3721 1215 3784 lllalaelza.
1259 3715 1331 3779 illoti

310 3824 375 3884 iem
397 3827 543 3889 voluerat
572 3828 716 3890 Herntol.
744 3829 897 3889 Barbarus
922 3824 1195 3887 consentientibus
1217 3836 1331 3906 geogra-

309 3925 398 4006 phis,
432 3930 487 3990 etii
515 3929 623 3992 Graeci
656 3931 753 3992 modo
782 3953 820 4000 a,
856 3929 954 3990 modo
978 3951 996 4014 η
1020 3927 1054 3986 in
1085 3925 1147 3986 tine
1177 3922 1328 3984 adhibent.

310 4025 466 4092 Posterius
486 4032 588 4112 placet
603 4031 761 4094 Boeherto
777 4033 809 4092 in
826 4029 927 4092 Chen.
950 4049 977 4096 t,
995 4041 1053 4107 34.
1075 4043 1112 4090 ut
1127 4027 1201 4086 inde
1218 4035 1329 4102 etymo·

298 4127 423 4210 'logiam
445 4129 530 4192 inam
548 4153 564 4192 a
582 4125 789 4222 salsamentis
813 4111 939 4218 (l'l70)
964 4129 1108 4192 adstruat·
