2752 4944
327 455 386 498 tito
622 429 868 490 POMPONII
910 431 1076 488 MELAE

329 630 436 678 tamen
464 606 537 672 uiua
562 618 595 669 et
617 607 652 668 in
675 605 803 670 Graecia
825 617 909 668 certe
932 605 1151 670 constantiana
1171 604 1215 670 eii
1236 607 1358 691 plurali

329 708 501 800 Παγασαί.

406 911 603 998 Minyae)
646 912 786 977 Vindob.
809 931 910 985 ηιιησς
936 913 1110 998 liehdiger.
1127 913 1246 986 eninm
1274 913 1358 998 Prag

334 1022 442 1092 minie;
476 1017 585 1082 Cibin.
608 1015 693 1078 Gud.
717 1015 767 1077 ed.
790 1030 823 1076 2.
850 1014 977 1079 minine.
1027 1017 1176 1078 Schottue
1204 1013 1319 1098 posuit
1347 1035 1358 1074 e

333 1123 474 1202 Aphetai
497 1119 583 1202 quia,
609 1136 705 1197 quem
723 1135 820 1178 nemo
837 1115 995 1197 probavit.
1022 1135 1228 1178 nzatnvcita.
1287 1113 1358 1178 Dei

333 1225 458 1284 deretur
489 1219 602 1302 procul
634 1217 733 1278 dubio
760 1217 812 1276 hic
844 1236 964 1278 nomen
988 1219 1143 1298 Aphaeae.
1195 1219 1309 1278 Lucus
1335 1231 1358 1280 ei

333 1323 504 1385 Thessaliae
526 1321 559 1380 in
586 1319 654 1380 sum
679 1317 868 1403 Pagasuico,
902 1319 989 1380 unde
1019 1319 1134 1381 ultimo
1168 1321 1358 1402 Argonauta

334 1425 507 1488 solverunt.
545 1421 652 1482 Scribe
675 1422 771 1504 igitur
791 1418 848 1480 sict
875 1421 1027 1500 Aphetaa
1050 1421 1128 1503 qnia
1144 1421 1283 1502 Minyae
1304 1420 1358 1482 Coi

334 1525 429 1586 ehida
451 1535 590 1604 petentes
608 1536 668 1583 etc.
693 1542 732 1584 ex
748 1519 913 1600 Strabone,
937 1515 993 1608 [9.
1012 1542 1043 1603 p.
1061 1543 1104 1583 1n.
1123 1535 1205 1601 5⁰⁰·
1224 1519 1244 1582 i.
1261 1520 1355 1600 456.

335 1626 514 1707 Stephano,
542 1624 725 1694 Herodoto,
754 1615 810 1710 [7,
840 1615 940 1708 195.]
969 1623 1152 1705 Apollonio,
1181 1617 1236 1709 [1,
1265 1635 1358 1702 591.

335 1727 390 1808 qui
413 1741 518 1786 tamen
534 1737 570 1782 ut
584 1723 685 1784 litoris
699 1724 857 1792 meminit,
884 1742 951 1783 non
969 1739 1005 1784 ut
1024 1725 1121 1786 urbia.
1166 1742 1358 1786 etit‘riauvi

336 1825 610 1908 interponendum
630 1825 771 1902 Aphetae
790 1825 908 1894 lucum,
936 1826 1032 1886 itaut
1051 1825 1189 1909 legatur:
1222 1837 1253 1884 et
1273 1827 1358 1906 Apin

337 1941 389 1989 tae
405 1929 517 1992 lucum.
542 1926 620 2006 quia
638 1928 781 2006 Minyae.
809 1944 1014 1988 ciacconius.
1063 1929 1164 1987 Recte
1182 1925 1271 1986 Mela
1289 1929 1358 1986 dici

336 2031 421 2110 Argo
443 2047 557 2087 navem
574 2026 695 2109 Pagafie
713 2025 845 2088 solvilie.
898 2025 980 2086 Nam
996 2028 1081 2108 quod
1097 2027 1234 2108 Aphetas
1253 2028 1313 2088 hic
1335 2045 1358 2090 rt

336 2127 441 2210 posuit
458 2127 640 2196 Pintiauus,
667 2127 698 2186 id
724 2146 790 2188 non
808 2128 926 2209 probo,
954 2142 1042 2197 tum.
1069 2129 1154 2208 quod
1175 2129 1209 2188 id
1229 2129 1358 2190 adversi

337 2243 388 2288 tur
410 2228 572 2290 veteribus
593 2228 832 2308 exemplaribus,
859 2242 930 2289 tum
952 2247 1090 2310 quoque,
1116 2229 1201 2310 quod
1227 2231 1358 2311 Apheta

336 2343 368 2390 et
390 2327 519 2412 Pagasae
534 2347 591 2409 pro
610 2331 725 2390 eodem
747 2331 844 2412 accipi
860 2330 995 2391 debeant
1014 2331 1097 2392 loco.
1136 2331 1254 2392 Portue
1275 2335 1358 2392 enin

331 2431 392 2490 ¹ubi
415 2429 558 2490 fabricata
581 2431 623 2491 est
645 2433 746 2512 Argo.
774 2429 886 2513 Pagaia
910 2430 961 2492 eii.
1013 2432 1118 2493 Littut
1138 2451 1216 2493 vero
1239 2433 1274 2492 ei
1303 2436 1358 2493 vici

336 2552 415 2591 uum
437 2553 454 2591 a
476 2552 526 2600 re,
553 2545 589 2590 ut
605 2531 732 2592 testatur
749 2532 935 2612 Apollonius
951 2531 1109 2600 Rhodius.
1134 2528 1182 2619 [c.
1203 2525 1245 2616 l.]
1280 2531 1358 2612 'Mos

335 2627 390 2695 ταὶ
410 2632 592 2694 vocabatur.
642 2633 752 2713 ltaque
771 2645 804 2693 et
822 2633 954 2713 Aphetie
973 2647 1006 2692 et
1023 2635 1143 2717 Pagasae
1160 2647 1243 2694 recte
1263 2637 1358 2696 dium

335 2746 386 2793 tur
406 2731 527 2794 iolviiie
550 2733 756 2816 Argonautae.
809 2733 954 2794 Lucanus
971 2729 1025 2820 [6‚
1041 2729 1149 2820 [pom]
1174 2735 1288 2794 Prima
1303 2729 1358 2825 fri

335 2847 402 2894 tum
427 2826 579 2922 scindens
609 2826 775 2922 Pagasaeo
799 2833 890 2894 litore
914 2836 1020 2912 pinus.
1059 2855 1203 2898 voeetvs.
1272 2835 1358 2898 Reci

334 2935 441 2995 reiecit
472 2931 592 2995 Voffius
619 2935 760 2994 l’iutiani
793 2935 1067 3006 emendationem,
1105 2955 1200 3016 quam
1229 2955 1358 3019 properi

335 3036 431 3096 nimie
454 3033 556 3096 studio
587 3037 711 3116 excepit
732 3035 902 3105 Scitottus,
936 3038 1056 3118 quippe
1079 3057 1096 3097 a
1116 3037 1203 3098 libris
1230 3038 1358 3100 alieuau

214 3142 220 3157 ¹
336 3148 368 3194 et
385 3155 491 3195 errore
513 3137 673 3205 vitiatam,
700 3136 757 3216 qui
778 3135 855 3196 hinc
871 3136 973 3197 Melae
992 3137 1185 3199 obtruditur.
1237 3138 1358 3204 Consta

336 3235 422 3295 enim
446 3255 485 3295 ex
501 3237 672 3316 Apollonio
702 3259 728 3305 1,
753 3248 836 3312 525.
860 3237 1003 3318 aliisque,
1030 3241 1225 3324 Argonautae
1245 3239 1358 3325 Pegasi

337 3331 473 3405 solviiie,
515 3350 548 3396 et
580 3337 714 3417 Sepiade
746 3337 985 3417 promontorio,
1022 3341 1150 3402 Sciatho
1179 3354 1211 3400 et
1241 3341 1358 3404 Pireiia

337 3435 511 3518 Magnesiae
529 3435 625 3508 urbe,
659 3437 823 3518 superatio,
857 3439 956 3500 biduo
978 3442 1010 3499 in
1034 3442 1089 3502 illo
1112 3442 1204 3502 litore
1224 3459 1358 3502 morato

334 3533 409 3604 effe,
443 3537 545 3615 quod.
572 3541 644 3618 quia
670 3539 763 3599 tertio
790 3539 867 3599 inde
889 3543 992 3601 evecti
1012 3539 1190 3611 solverunt,
1227 3543 1358 3623 Aphetai

335 3649 484 3696 vocatum
499 3636 551 3706 eii,
578 3652 609 3699 et
624 3638 664 3699 sio
679 3638 782 3720 postea
799 3639 1001 3713 Meliboeam,
1022 3657 1090 3704 acto
1109 3640 1211 3712 cursu,
1234 3655 1358 3724 praemi

334 3735 465 3818 vigaiie3
504 3735 544 3800 cf.
565 3739 712 3820 Apollon.
744 3760 772 3808 1.
797 3751 869 3816 582
896 3739 959 3822 iqq.
1001 3744 1184 3805 Herodotus
1212 3747 1314 3806 etiam
1335 3761 1358 3816 72

338 3849 419 3914 193.
450 3855 489 3898 eo
512 3839 683 3902 Herculem
709 3852 861 3920 aquatum
883 3862 922 3902 ex
947 3843 1030 3928 Argo
1058 3845 1133 3904 navi
1156 3843 1284 3905 milium
1308 3845 1358 3910 elii

328 3949 448 4006 narrat,
478 3937 560 4017 ipioe
577 3941 772 4025 Argonautas
792 3940 839 4000 ibi
858 3957 1012 4022 aquatum
1035 3945 1178 4029 egreffoe,
1205 3960 1248 4016 et,
1276 3945 1358 4028 quoi

329 4037 432 4114 postea
471 4039 547 4100 inde
585 4041 758 4112 iolviiient,
800 4060 921 4104 nomen
958 4046 1047 4106 litori
1087 4047 1168 4107 illud
1204 4047 1358 4109 indidiffe

330 4137 503 4219 Vtrumque
526 4139 632 4203 locum
652 4163 748 4226 porro
765 4143 931 4230 distinguit
947 4145 1060 4210 Strabo
1082 4167 1109 4211 c.
1132 4148 1155 4210 1.
1177 4159 1210 4210 et
1233 4149 1358 4234 Pegasis
