2788 4942
372 459 463 519 eru.
493 459 544 514 nr.
590 459 622 515 c.
647 457 681 514 u.
725 459 749 528 r.
774 469 802 528 3.
1032 435 1037 446 '
1073 457 1112 534 63

58 633 214 696 tionibus
235 634 274 696 ad
302 629 463 702 Velitum.
499 635 553 716 qui
577 632 666 692 dedit
684 631 863 703 caederent.
892 645 924 696 et
944 634 1020 696 hinc
1040 636 1113 698 reli·

57 739 131 818 qui.
170 740 218 796 lta
237 757 314 798 vero
329 735 508 796 habuerunt
526 729 624 796 vostri
639 735 763 796 codices
780 749 812 796 et
831 733 950 814 (sorte)
971 735 1065 800 Paris.
1082 755 1113 800 u.

60 857 273 900 'rzecrrvcrtu
333 837 443 900 Scribo
465 835 643 904 caederent,
679 850 716 895 ut
741 835 795 897 lib.
822 853 852 906 2,
880 831 935 922 [ι.
967 833 1043 924 ιι.]
1073 839 1113 900 tle

59 941 185 1000 Tauris
210 939 354 1020 populis:
385 928 758 1025 iurarauemquefamam
782 935 907 1008 lrabeat,
931 930 1032 1029 solere
1053 959 1112 1018 pra

59 1043 211 1100 victimis
232 1041 374 1100 aduenas
393 1039 529 1102 caedere.
569 1038 746 1100 Confirmet
769 1041 882 1108 etiem,
902 1041 989 1120 quod
1010 1039 1111 1102 tunm

63 1141 223 1222 sequitur.
262 1159 463 1202 erurtnuve.
515 1139 872 1202 Pintianuecaerlcreut.
915 1143 1112 1223 Sitquoque

60 1259 195 1304 veteres
218 1243 433 1304 membranae.
484 1241 798 1324 subintelligendum
829 1263 906 1304 vero
937 1256 1111 1326 tamquam,

59 1345 165 1414 velat,
186 1359 221 1404 ut
239 1345 274 1404 srt
289 1343 401 1414 sensus,
425 1343 533 1404 Gallos
550 1343 717 1404 hominem
734 1343 863 1404 caedere
881 1343 998 1414 solitos,
1022 1345 1112 1406 velut

59 1449 226 1527 optimam
250 1447 427 1506 victimam.
481 1445 563 1505 Aliae
586 1447 674 1504 enirn
700 1444 823 1528 vulgata
845 1445 940 1506 lectio
962 1444 1110 1526 praeferri

62 1547 213 1608 deberet.
252 1567 393 1608 voesrve.
470 1545 607 1606 Caetlere
639 1547 789 1606 victimas
823 1561 907 1606 recte
942 1548 1113 1628 usitateque

60 1650 148 1718 dici,
175 1667 243 1708 non
267 1646 368 1708 solum
388 1647 491 1708 llllelae
514 1647 603 1708 locue
626 1647 809 1708 el'intiauo
832 1649 988 1710 iudicatur
1008 1649 1113 1718 docet,

62 1749 116 1810 secl
136 1763 169 1809 et
187 1751 247 1810 alia
264 1750 397 1810 eliorum
414 1761 594 1817 auctorum,
617 1746 679 1828 ipsa
696 1769 729 1808 re
747 1748 986 1829 comprobante.
1025 1751 1113 1810 Tum

61 1871 145 1912 vero
169 1851 207 1910 erl
235 1852 437 1910 victimarum
459 1851 682 1910 conditionem
704 1847 853 1920 refertur,
882 1849 935 1910 lric
957 1851 1114 1912 iudicium

62 1967 97 2012 et
114 1951 295 2034 superstitio
313 1953 484 2012 homiuum
504 1949 620 2011 subess'e
638 1950 748 2030 potest,
770 1952 855 2011 uncie
871 1971 985 2032 anceps
1002 1951 1114 2014 extistit

62 2055 130 2114 loci
153 2055 263 2116 lectio.
316 2053 401 2114 Curu
426 2067 531 2113 tamen
550 2049 685 2112 subiecta
707 2053 807 2135 nugis
830 2052 987 2114 adllruent
1010 2053 1115 2114 caede·

64 2169 156 2226 rent,
185 2169 218 2214 et
233 2154 332 2214 adsint
347 2155 487 2223 codices,
515 2155 568 2234 qni
585 2155 802 2234 patrocinium
818 2169 923 2238 egent,
948 2168 1113 2238 acceptum

64 2258 202 2338 reliqui,
230 2257 285 2316 etsr
307 2275 366 2316 nec
385 2255 518 2316 alterurn
538 2252 672 2317 [attinio.

137 2399 374 2498 feritatis)
441 2407 540 2468 Vatic.
575 2403 659 2486 Lips.
694 2405 778 2468 Gud.
814 2407 1014 2488 omninoque
1047 2410 1114 2470 mei

68 2531 187 2572 omues
210 2529 283 2568 curu
308 2509 381 2569 edri.
411 2529 439 2570 r.
464 2524 497 2571 2.
519 2522 552 2586 5.
577 2519 611 2586 4.
629 2521 662 2584 5.
682 2509 715 2570 6.
734 2524 767 2584 7.
785 2521 818 2584 8.
840 2529 874 2588 9.
899 2529 952 2570 ro.
979 2529 1031 2570 tr.
1057 2527 1112 2570 ra.

74 2627 130 2688 13.
162 2621 217 2687 ¹4·
243 2621 296 2686 15.
327 2618 380 2680 ¹7·
410 2625 467 2672 ao.
497 2623 552 2687 25.
577 2611 738 2670 ueritatis.
793 2611 950 2670 l'adiauue
974 2623 1059 2670 recte
1082 2623 1115 2670 et

69 2711 138 2795 ipso
163 2731 248 2771 nexu
271 2709 447 2790 postulante
465 2711 682 2770 commutavit
704 2711 736 2769 in
752 2701 920 2798 sericatis,
946 2713 1042 2792 quod.
1068 2731 1114 2771 re·

69 2815 147 2874 licto
167 2814 316 2874 Cauterte
336 2812 428 2878 duce,
456 2813 582 2892 excepit
605 2831 659 2896 19.
687 2825 718 2870 et
742 2825 863 2892 praeter
884 2810 1037 2872 seruilium
1060 2812 1115 2870 Va·

74 2915 173 2982 durni,
202 2913 364 2974 Oliuariue
386 2913 499 2992 aliique
518 2933 640 2974 onuree.
694 2913 773 2974 Mox
796 2913 889 2998 Prag.
906 2927 941 2974 ut
962 2911 1116 2985 abolitae,·

73 3017 189 3078 Venet.
209 3011 358 3086 abditam
385 3015 436 3076 etl.
456 3028 513 3092 25.
538 3011 664 3076 obsitae.

148 3167 342 3228 hrrnranis
367 3162 589 3245 caedibus)
628 3164 764 3228 Codices
782 3165 814 3226 in
836 3164 885 3226 his
902 3163 1115 3238 consentiunt,

70 3281 200 3330 tanturn
217 3267 304 3348 quod
321 3266 410 3348 Prng.
429 3285 467 3326 ex
488 3267 644 3328 mollioris
667 3269 940 3348 pronuntiationis
962 3267 1038 3330 sono
1059 3289 1116 3352 po·

71 3367 136 3429 suit
149 3361 293 3460 sedibus.
326 3386 531 3428 'rzscrrvcrtra
594 3367 780 3452 Legerulnnr
805 3371 930 3450 potius,
964 3383 1059 3452 atque
1080 3384 1117 3432 ut

71 3469 114 3530 ab
128 3465 650 3547 hamaniscaedibusternpcrant.
682 3489 882 3532 eructante.
936 3469 1116 3534 Oblecutut

72 3571 115 3633 est
135 3569 217 3632 solere
237 3569 388 3632 Schottus
404 3573 596 3650 recepitque.
636 3569 762 3652 Reliqui
780 3591 892 3632 omnee
915 3575 1117 3644 retirureruut

72 3673 237 3755 vulgatam
261 3687 350 3730 autea
373 3673 559 3740 lectionem,
587 3691 666 3752 qnae
688 3673 768 3732 bene
786 3673 881 3733 habet
904 3687 936 3734 et
953 3693 1024 3732 curn
1046 3673 1117 3734 reli·

73 3778 146 3855 quis
167 3787 239 3854 apte
263 3777 428 3842 cohaeret,
463 3773 562 3834 niodo
585 3767 623 3835 τὸ
649 3771 790 3834 delibant
814 3787 898 3834 recte
933 3775 1115 3854 explicetur,

74 3879 114 3936 de
129 3895 196 3956 quo
212 3874 298 3942 alibi,
328 3888 360 3933 et
380 3867 419 3940 τὸ
442 3873 562 3934 ultiniis
582 3875 619 3934 ad
640 3894 690 3936 ees
706 3875 815 3936 caedes
837 3894 912 3934 cum
928 3875 1052 3956 Keppio
1070 3896 1116 3936 re·

73 3976 164 4044 serae.
200 3977 240 4035 rle
262 3975 377 4056 quilius
396 3975 492 4036 ruodo
515 3977 645 4043 dixerat,
675 3973 841 4056 quaesunt
865 3975 1033 4046 bonanae,
1061 3975 1116 4038 etsi

73 4077 157 4138 sorte
178 4079 274 4138 etieru
291 4079 330 4137 cle
348 4078 442 4144 verie,
470 4077 562 4137 certis
583 4077 731 4138 caedibus
755 4071 849 4158 pollis
866 4077 1054 4160 intelligere,
1079 4091 1116 4138 ut

76 4181 154 4242 fictie
172 4193 205 4240 et
224 4178 387 4250 iiurulatie,
414 4197 492 4259 quae
512 4175 582 4240 suut
603 4181 638 4240 iu
661 4175 811 4248 delibant,
839 4177 993 4260 obponat.
