2836 4940
352 423 445 480 Lm.
474 425 528 479 111.
572 423 606 482 c.
633 425 700 486 vlt.
743 423 823 500 Η.
1047 443 1110 508 257

66 589 206 660 Vossrur.
248 596 354 661 Locue
374 595 438 670 hic,
464 597 579 680 inquit,
606 597 694 659 nullo
716 597 779 660 aiio
803 598 901 670 vitio,
927 617 1022 681 quam
1044 599 1107 664 sola

65 699 228 762 laborabat
252 698 464 761 disiinctioue.
517 699 594 761 Non
609 711 693 762 recte
710 697 845 770 iaciunt.
867 700 921 782 qui
938 703 1107 784 pulverem

66 819 102 862 ac
118 802 257 862 cinerem
272 821 331 882 pro
347 801 462 864 eodem
480 803 650 884 accipiunt.
686 801 798 864 Pulvis
815 821 885 864 nou
904 815 1030 863 tanturn
1047 822 1105 886 pro

65 900 132 984 ipsa
149 901 268 972 humo,
297 899 346 964 sed
370 903 467 964 etiam
485 922 544 984 pro
562 923 654 966 arena
668 903 836 985 accipitur,
862 921 976 966 verum
998 905 1106 978 cruda,

66 1017 105 1064 ut
122 1023 195 1064 cunr
212 1023 338 1066 arenam
355 1004 563 1066 Puteolanam
578 1005 751 1086 ¹pulverem
770 1019 898 1068 vocant.
949 1007 1011 1068 Sed
1028 1025 1106 1070 vero

67 1106 147 1166 cinie
175 1125 338 1186 nunquam
363 1103 512 1175 sumitur.
544 1105 603 1166 nisr
628 1125 687 1190 pro
713 1106 836 1178 humo,
870 1125 961 1168 arena
986 1107 1106 1190 aliaque

66 1208 197 1268 materia
217 1206 388 1270 combusta.
437 1209 547 1288 Itaque
562 1209 669 1270 omnic
686 1207 817 1288 quidem
832 1210 912 1270 cinie
929 1209 1037 1290 pulric
1052 1209 1106 1281 esi,

65 1327 181 1370 verum
195 1328 261 1370 non
279 1310 385 1370 omnia
399 1309 506 1390 pnlvie
521 1311 634 1372 cinerie
648 1307 805 1371 vocabulo
820 1306 901 1370 affici
917 1309 1028 1390 potest,
1054 1308 1107 1373 sed

65 1409 165 1472 tosiue
185 1423 321 1473 tautum.
359 1410 532 1474 Hactenus.
565 1429 704 1473 voeerva.
751 1408 826 1474 Poll
845 1410 984 1474 vindob.
1001 1411 1107 1474 omisit

63 1510 163 1574 verba
177 1531 235 1592 per
250 1531 338 1584 eam3
368 1513 481 1576 Verret.
501 1511 590 1574 dedit
606 1510 676 1575 ideo
695 1531 761 1592 per.

148 1711 391 1776 Tuberonem
423 1727 463 1776 et
494 1703 743 1804 Arusoeem)
801 1713 895 1799 Prag.
927 1711 1109 1790 cubionernr

63 1815 180 1896 reliqui
205 1812 391 1877 Tuberonem
413 1835 487 1877 cnm
511 1817 616 1886 editis,
646 1815 785 1897 exceptio
807 1815 1042 1888 lleinoldianie‚
1069 1819 1106 1880 in

65 1917 183 1999 quibua
209 1913 359 1980 Tuberou.
393 1916 466 1979 Poll
480 1915 589 1980 Cibio.
613 1918 712 1980 vatic.
729 1929 763 1979 et
782 1917 855 1980 edd.
874 1918 1106 1982 lieinoldiaoae

64 2008 247 2109 Arusacenr
277 2017 418 2080 Vindob.
443 2009 630 2110 obusocemr
659 2017 744 2082 Gud.
767 2009 931 2109 musonem.
967 2039 1108 2082 rzacrtv·

67 2137 145 2182 crta.
197 2119 307 2183 Scribo
340 2118 503 2182 Tonderou
533 2133 567 2182 et
597 2109 758 2210 Arosapen
791 2139 829 2180 ex
862 2120 967 2183 Plinio
993 2121 1047 2184 lib.
1071 2123 1106 2186 6.

64 2241 135 2304 cap.
162 2234 219 2300 23.
243 2213 286 2306 [s.
305 2217 386 2309 25.]
412 2233 478 2280 tarn
500 2241 539 2282 ex
562 2217 686 2303 scripta,
717 2239 812 2302 quam
830 2222 974 2283 Romana
997 2223 1107 2285 lectio·

64 2343 121 2386 ue.
156 2341 353 2384 rrurrtuve.
407 2321 530 2385 Plinius
553 2321 608 2383 lib.
623 2323 657 2386 6.
680 2341 708 2386 c.
728 2336 785 2400 eg.
811 2319 962 2384 Tuber-um
983 2323 1106 2387 flumen

63 2426 100 2488 iu
116 2424 178 2486 hoc
192 2437 291 2485 tractu
305 2421 411 2486 refert.
438 2441 648 2486 creccourve.
703 2421 862 2492 Tomerorn
885 2443 953 2486 nou
975 2422 1107 2486 Tubero·

63 2547 136 2586 nem
154 2540 247 2588 vocat
265 2526 425 2588 Arrianue.
452 2521 508 2613 [in
529 2527 597 2586 lud.
620 2545 646 2586 c.
665 2533 723 2602 24.
740 2517 807 2608 iu]
858 2525 898 2584 Irr
918 2523 1105 2588 melioribue

64 2627 163 2688 Plinii
180 2627 342 2688 codicibus
362 2625 530 2688 Tonberon
547 2625 700 2700 scribitur,
722 2639 788 2686 nou
810 2624 983 2687 Tomleron.
1021 2623 1105 2690 Saue

62 2747 135 2788 non
163 2729 252 2788 aliter
281 2729 388 2808 potuit
413 2727 556 2810 scripsisse
586 2727 726 2794 Plinius.
759 2740 852 2806 atque
879 2724 980 2795 Mela,
1007 2747 1105 2809 quern

61 2829 185 2910 ubique
206 2828 352 2910 sequitur.
394 2827 549 2892 Arusacen
568 2829 655 2890 idem
674 2825 830 2908 Arosapen
854 2846 868 2886 a
895 2827 1002 2906 pellat.
1040 2829 1105 2891 Sal·

61 2931 179 2992 maliuo
202 2925 258 3018 [acl
281 2931 381 2994 Solio.
405 2951 432 2994 c.
456 2943 515 3008 55·
532 2929 553 2994 s·
571 2941 630 3008 59·
652 2950 683 3011 P·
699 2949 743 2988 ¹¹¹·
763 2847 1037 3011 gunsoroaun
1057 2949 1105 2990 ¹²·

60 3033 171 3115 ponit.
225 3033 341 3093 Verum
364 3031 528 3116 insigniter
548 3043 646 3102 errat;
679 3029 804 3092 Oroatis
833 3029 920 3090 enim
946 3029 1104 3092 infinum

60 3133 226 3195 Perficum
245 3133 327 3206 exit;
360 3133 413 3194 hic
429 3151 505 3194 vero
523 3133 657 3194 Arianen
679 3131 878 3212 provinciam
900 3129 981 3191 indo
1004 3133 1105 3193 couti-

61 3255 162 3319 gnam
190 3232 337 3296 describit
370 3247 479 3296 auctor
511 3231 625 3296 noller.
664 3251 810 3294 voearru.
869 3231 969 3292 Recte
996 3246 1105 3296 contra

63 3335 253 3397 Oroatidem
271 3335 402 3420 insurgit
416 3332 555 3406 Vossrue.
581 3335 671 3394 cuiue
686 3333 760 3394 ollio
774 3334 808 3392 in
825 3331 983 3392 Persicum
1000 3331 1105 3396 smum

1 3436 2 3439 ’
61 3435 181 3500 diserte
203 3451 359 3498 memorat
382 3437 586 3498 Ptolemaeus
603 3437 636 3506 6,
662 3447 695 3512 3.
746 3435 795 3494 De
820 3451 898 3494 vero
920 3432 1105 3498 Tuberonie

59 3540 202 3600 nornine
225 3539 258 3598 iu
282 3553 365 3600 tanta
385 3539 533 3598 codicum
557 3536 782 3618 depravatione
805 3545 1033 3616 auctorumque
1055 3535 1104 3596 in·

60 3638 255 3711 constantia,
286 3642 364 3704 certi
383 3641 555 3723 quidquam
575 3639 706 3702 [latuere
722 3653 791 3698 nou
808 3635 892 3698 licet.

113 4245 209 4318 Pomp.
228 4242 322 4300 Mau.
343 4244 382 4300 r.
398 4244 450 4298 ru.
