2814 4946
334 441 424 498 tra.
453 443 489 495 n.
541 435 574 496 c.
595 439 661 500 vu.
704 439 728 508 t·
755 437 783 494 6·
807 453 837 508 7·
1043 447 1106 518 495

73 637 127 680 nec
143 615 210 678 fine
231 615 405 678 meliorum
422 613 569 676 codicum
594 609 743 674 consensu
765 611 991 674 admittendae.
1042 613 1105 685 Sic,

73 734 105 779 ut
120 719 266 780 eiusdem
283 719 372 778 vocie
386 735 425 777 ex
440 713 584 798 psuribue
599 713 782 794 exemplum
798 713 966 794 adponam,
981 711 1105 796 'Cicero

74 820 109 880 de
131 821 259 880 invent.
283 839 312 888 a,
332 827 367 896 4.
389 837 455 899 quo
476 837 508 876 re
529 835 635 874 -eo
657 815 690 874 in
714 835 755 874 re.
806 814 875 874 Alia
896 815 1032 896 plurima
1054 817 1105 877 da·

72 920 150 980 bunt
167 915 291 981 Vossius
309 919 349 980 de
374 917 605 978 construetione
627 935 693 996 cap.
711 927 770 992 55.
805 913 904 976 Corte
925 915 962 975 ad
983 915 1103 978 Sallust.

73 1021 164 1084 Catil.
185 1035 244 1096 51.
260 1031 321 1098 4ο.
347 1019 522 1080 Burmann.
540 1017 578 1078 ad
596 1017 707 1078 Vellei.
729 1037 758 1085 ι,
778 1029 811 1094 3,
829 1032 861 1078 2.
887 1017 970 1076 etin
993 1017 1105 1098 primia

34 1153 38 1162 ·
71 1119 234 1182 Drakenb.
259 1121 297 1182 ad
322 1121 453 1180 Livium
480 1139 510 1188 1,
537 1132 568 1198 5,
592 1135 626 1203 9.
686 1119 773 1178 Tum
796 1117 911 1178 melius
933 1117 986 1178 hic
1008 1119 1108 1180 Phari

72 1223 299 1306 subpsererirn‚
325 1240 419 1302 quarn
441 1221 494 1283 rei.
545 1221 592 1280 lta
613 1237 692 1280 vero
718 1239 819 1280 reram
843 1215 958 1304 srigide
980 1218 1106 1281 additur

73 1339 103 1404 3,
132 1345 164 1406 r,
194 1341 250 1387 ιο.
276 1323 465 1406 pronomini
488 1341 605 1383 aarum.

145 1521 464 1605 exundaret)
513 1525 649 1588 Vinetut
673 1522 795 1606 posuitt
832 1545 926 1608 qttum
952 1523 1105 1598 mandat,

71 1627 209 1690 offensus
223 1628 288 1688 sine
305 1625 405 1686 dubio
422 1641 605 1706 temporum
626 1627 855 1708 inaequalitate.
908 1625 1024 1689 Masius
1046 1629 1107 1688 uti·

71 1751 131 1810 que
152 1729 231 1789 illud
255 1727 306 1808 τῷ
328 1739 425 1808 auget
448 1725 646 1808 respondeat.
699 1731 741 1790 At
762 1747 803 1788 ne
828 1726 1020 1808 sicquidem
1044 1729 1106 1790 loci

70 1831 214 1913 asperitas
230 1830 368 1900 tollitur,
394 1830 467 1908 quia
487 1829 646 1909 praecedit
665 1819 847 1916 praebusffe.
891 1833 993 1908 Auget
1009 1831 1107 1914 igitur

70 1931 175 2014 posuit
197 1951 255 2013 pro
278 1931 382 1998 auxit,
407 1931 457 1990 uti
477 1929 622 2000 debebat,
648 1931 830 1996 accuratius.
856 1930 987 2010 quiade
1010 1929 1106 1994 causis

71 2036 115 2094 rei
133 2031 233 2094 sactae
255 2031 403 2112 exponit,
429 2049 495 2092 nou
513 2052 581 2094 reru
596 2031 779 2115 simpliciter
794 2045 914 2100 narrat,
940 2029 996 2090 ubi
1019 2051 1106 2112 prae·

72 2133 167 2196 sentia
196 2134 439 2216 praeteritorum
460 2131 530 2194 loco
550 2131 650 2214 posita
674 2129 760 2214 saepe
783 2127 967 2214 imperfecta
988 2131 1108 2194 habent

72 2235 266 2316 interposita,
283 2233 384 2295 veluti
399 2235 433 2294 in
449 2233 533 2294 lusio
550 2231 689 2295 Caesare.
727 2231 935 2302 Concinuiue,
955 2235 989 2293 ni
1005 2231 1105 2306 falsor,

73 2337 109 2398 [ιο
130 2335 273 2398 dixisset:
306 2325 494 2422 praebatffa
530 2335 606 2416 quio
628 2334 737 2393 simum
760 2363 809 2377 —
834 2355 903 2394 cum
922 2333 1106 2408 artaadaret.

73 2440 165 2498 auxit
191 2450 359 2512 terras-
387 2435 559 2514 promovit.
624 2433 699 2496 Post
728 2433 913 2502 aduertens,
948 2435 1033 2516 quod
1066 2457 1106 2498 ex

72 2538 314 2622 orthographiae
330 2537 448 2596 veteris
464 2549 496 2596 et
511 2535 586 2596 hinc
601 2535 742 2598 melioria
758 2537 828 2620 lege
846 2535 931 2605 dedi,
954 2535 1107 2599 exhibent

73 2643 167 2701 etiam
184 2637 414 2700 Cadatcibin.
431 2637 605 2724 Rehdiger.
623 2637 736 2698 Venet.
765 2669 814 2684 -
854 2637 1107 2700 Maseaunectus

74 2740 214 2802 Vindob.
267 2737 451 2800 Possident
478 2738 513 2796 iu
539 2739 639 2797 ratario
660 2737 766 2806 vuaso,
798 2757 943 2819 proquo
967 2737 1106 2800 Gud.et

72 2845 176 2904 vicina
191 2839 280 2900 voda
295 2837 401 2900 habet.
436 2834 571 2898 Pesstme
588 2839 679 2920 Prag.
688 2830 838 2928 spacium
855 2859 943 2918 auge.
971 2839 1107 2898 Sertium

75 2945 104 3002 r'u
128 2943 239 3004 vicina
260 2939 367 3010 vadm-
403 2958 441 3000 ex
466 2956 530 3018 quo
558 2939 597 2998 de
623 2938 739 2998 librarii
763 2939 943 3000 eruditione
969 2941 1106 3000 iudicare

72 3045 153 3106 licet.
209 3043 248 3102 ln
283 3040 389 3104 Cibio.
422 3037 535 3102 desunt
568 3039 682 3102 verba:
721 3041 755 3102 in
785 3041 894 3102 vicina
919 3075 967 3090 -
994 3053 1108 3102 coratra

72 3166 212 3208 minorat.

238 3349 269 3426 §.
296 3365 329 3428 7.
381 3347 432 3408 In
456 3337 637 3439 Africo)
686 3345 860 3430 Rehdiger.
881 3345 923 3408 Iu
944 3340 1104 3435 affricam.

72 3449 143 3512 Post
172 3447 269 3532 Prag.
304 3449 456 3520 Sirthirn,·
492 3449 666 3534 Rehdiger.
701 3448 852 3528 Syrthim.
906 3450 992 3508 Turn
1020 3447 1105 3510 Gud.

74 3551 281 3622 mentatum,-
312 3549 448 3634 Rehdig.
479 3550 653 3610 entelectos.
704 3549 873 3610 Editionee
894 3567 1006 3609 omnes
1030 3549 1106 3608 iude

73 3653 221 3733 oprimis
242 3651 281 3710 ad
300 3664 357 3730 35.
381 3647 487 3710 serunt
512 3651 680 3712 Cuteletos.
718 3645 841 3712 Vosstue
863 3669 979 3730 nempe
1000 3647 1108 3730 posuit

73 3753 252 3820 Baccheos,
278 3771 373 3832 quem
396 3750 491 3812 secuti
518 3751 588 3812 sunt
608 3751 714 3812 ceteri.
752 3752 800 3811 Ita
815 3751 902 3810 enim
926 3749 1023 3812 libror
1043 3749 1108 3830 pse·

73 3873 185 3935 roaque
213 3873 310 3913 manu
333 3865 472 3914 exarator
496 3853 610 3914 habere
630 3853 782 3922 adfirmat,
809 3851 994 3921 attinente,
1020 3851 1107 3930 quod

76 3953 161 4026 sciat,
196 3956 266 4015 eiua
291 3955 484 4016 meminerit.
537 3953 750 4016 Consentiunt
773 3955 807 4014 in
834 3952 945 4014 eadem
969 3953 1107 4014 lectione

76 4055 155 4138 Lips
180 4055 273 4140 Prag.
302 4057 407 4118 Havn.
436 4055 617 4118 Vindobou.
649 4057 747 4116 Vatic.
772 4067 821 4124 et,
853 4055 939 4136 quod
968 4053 1106 4122 videtur,
1228 4085 1231 4092 ⁴

74 4155 263 4228 annuentes,
291 4157 474 4242 Holsteniua
497 4158 592 4220 etiam
615 4157 654 4219 ad
672 4155 833 4219 Ortelium
858 4176 890 4239 p.
909 4156 968 4234 63.
988 4171 1026 4216 ex
1052 4151 1107 4218 suo
