<?xml version="1.0" encoding="UTF-8"?>
<!DOCTYPE html PUBLIC "-//W3C//DTD XHTML 1.0 Transitional//EN"
    "http://www.w3.org/TR/xhtml1/DTD/xhtml1-transitional.dtd">
<html xmlns="http://www.w3.org/1999/xhtml" xml:lang="en" lang="en">
 <head>
  <title>
</title>
<meta http-equiv="Content-Type" content="text/html;charset=utf-8" />
  <meta name='ocr-system' content='tesseract 3.04.00' />
  <meta name='ocr-capabilities' content='ocr_page ocr_carea ocr_par ocr_line ocrx_word'/>
</head>
<body>
  <div class='ocr_page' id='page_1' title='image "./pomponiimelaede05melagoog_0324.png"; bbox 0 0 2784 4944; ppageno 0'>
   <div class='ocr_carea' id='block_1_1' title="bbox 314 421 1062 498">
    <p class='ocr_par' dir='ltr' id='par_1_1' title="bbox 314 421 1062 498">
     <span class='ocr_line' id='line_1_1' title="bbox 314 421 1062 498; baseline 0 -18"><span class='ocrx_word' id='word_1_1' title='bbox 314 429 378 498; x_wconf 67' lang='grc' dir='ltr'><strong>με</strong></span> <span class='ocrx_word' id='word_1_2' title='bbox 610 423 855 482; x_wconf 80' lang='lat' dir='ltr'><strong>nourouu</strong></span> <span class='ocrx_word' id='word_1_3' title='bbox 899 421 1062 480; x_wconf 79' lang='lat' dir='ltr'><strong>Mutua</strong></span> 
     </span>
    </p>
   </div>
   <div class='ocr_carea' id='block_1_2' title="bbox 313 593 1337 1187">
    <p class='ocr_par' dir='ltr' id='par_1_2' title="bbox 313 593 1337 1187">
     <span class='ocr_line' id='line_1_2' title="bbox 314 593 1337 668; baseline -0.008 -7"><span class='ocrx_word' id='word_1_4' title='bbox 314 593 367 661; x_wconf 79' lang='lat' dir='ltr'><strong>lad</strong></span> <span class='ocrx_word' id='word_1_5' title='bbox 387 597 422 658; x_wconf 87' lang='lat' dir='ltr'><strong>in</strong></span> <span class='ocrx_word' id='word_1_6' title='bbox 445 597 609 660; x_wconf 71' lang='lat' dir='ltr'><strong>Frentanis</strong></span> <span class='ocrx_word' id='word_1_7' title='bbox 635 595 786 668; x_wconf 85' lang='lat' dir='ltr'><strong>collocat,</strong></span> <span class='ocrx_word' id='word_1_8' title='bbox 819 595 935 660; x_wconf 78' lang='lat' dir='ltr'><strong>vicinia</strong></span> <span class='ocrx_word' id='word_1_9' title='bbox 958 595 1170 660; x_wconf 87' lang='lat' dir='ltr'><strong>Dauniorum.</strong></span> <span class='ocrx_word' id='word_1_10' title='bbox 1212 610 1337 655; x_wconf 83' lang='grc' dir='ltr'>ιιιιτιι-</span> 
     </span>
     <span class='ocr_line' id='line_1_3' title="bbox 317 697 1337 782; baseline -0.008 -20"><span class='ocrx_word' id='word_1_11' title='bbox 317 717 391 762; x_wconf 74' lang='lat' dir='ltr'><strong>uva.</strong></span> <span class='ocrx_word' id='word_1_12' title='bbox 442 697 599 762; x_wconf 71' lang='lat' dir='ltr'><strong>larinum</strong></span> <span class='ocrx_word' id='word_1_13' title='bbox 621 697 674 760; x_wconf 90' lang='lat' dir='ltr'><strong>hic</strong></span> <span class='ocrx_word' id='word_1_14' title='bbox 689 699 786 760; x_wconf 89' lang='lat' dir='ltr'><strong>etiam</strong></span> <span class='ocrx_word' id='word_1_15' title='bbox 808 698 945 782; x_wconf 82' lang='lat' dir='ltr'><strong>probant</strong></span> <span class='ocrx_word' id='word_1_16' title='bbox 967 700 1038 768; x_wconf 86' lang='lat' dir='ltr'><strong>alii,</strong></span> <span class='ocrx_word' id='word_1_17' title='bbox 1061 699 1116 780; x_wconf 90' lang='lat' dir='ltr'><strong>qui</strong></span> <span class='ocrx_word' id='word_1_18' title='bbox 1130 709 1337 758; x_wconf 84' lang='lat' dir='ltr'><strong>memorantur</strong></span> 
     </span>
     <span class='ocr_line' id='line_1_4' title="bbox 314 797 1337 884; baseline -0.006 -24"><span class='ocrx_word' id='word_1_19' title='bbox 314 800 348 862; x_wconf 86' lang='lat' dir='ltr'><strong>in</strong></span> <span class='ocrx_word' id='word_1_20' title='bbox 372 799 477 861; x_wconf 86' lang='lat' dir='ltr'><strong>iudice</strong></span> <span class='ocrx_word' id='word_1_21' title='bbox 500 800 538 860; x_wconf 89' lang='lat' dir='ltr'><strong>ad</strong></span> <span class='ocrx_word' id='word_1_22' title='bbox 559 798 657 860; x_wconf 89' lang='lat' dir='ltr'><strong>Gudii</strong></span> <span class='ocrx_word' id='word_1_23' title='bbox 678 797 784 864; x_wconf 89' lang='lat' dir='ltr'><strong>inscrr.</strong></span> <span class='ocrx_word' id='word_1_24' title='bbox 807 821 840 884; x_wconf 90' lang='lat' dir='ltr'><strong>p.</strong></span> <span class='ocrx_word' id='word_1_25' title='bbox 860 819 917 880; x_wconf 71' lang='lat'><strong>29.</strong></span> <span class='ocrx_word' id='word_1_26' title='bbox 942 799 998 862; x_wconf 76' lang='lat' dir='ltr'><strong>etsi</strong></span> <span class='ocrx_word' id='word_1_27' title='bbox 1020 800 1089 884; x_wconf 84' lang='lat' dir='ltr'><strong>poll</strong></span> <span class='ocrx_word' id='word_1_28' title='bbox 1110 797 1277 883; x_wconf 75' lang='lat' dir='ltr'>ambigitur</span> <span class='ocrx_word' id='word_1_29' title='bbox 1295 797 1337 855; x_wconf 87' lang='lat' dir='ltr'><strong>ibi</strong></span> 
     </span>
     <span class='ocr_line' id='line_1_5' title="bbox 314 899 1335 986; baseline 0 -26"><span class='ocrx_word' id='word_1_30' title='bbox 314 913 444 986; x_wconf 86' lang='lat' dir='ltr'><strong>propter</strong></span> <span class='ocrx_word' id='word_1_31' title='bbox 469 899 726 982; x_wconf 84' lang='lat' dir='ltr'><strong>inscriptionem,</strong></span> <span class='ocrx_word' id='word_1_32' title='bbox 764 904 799 962; x_wconf 92' lang='lat' dir='ltr'><strong>in</strong></span> <span class='ocrx_word' id='word_1_33' title='bbox 824 922 885 985; x_wconf 91' lang='lat' dir='ltr'><strong>qua</strong></span> <span class='ocrx_word' id='word_1_34' title='bbox 910 903 1027 986; x_wconf 82' lang='lat' dir='ltr'><strong>legitur</strong></span> <span class='ocrx_word' id='word_1_35' title='bbox 1058 901 1191 963; x_wconf 84' lang='lat' dir='ltr'><strong>Patron.</strong></span> <span class='ocrx_word' id='word_1_36' title='bbox 1220 899 1335 960; x_wconf 76' lang='lat' dir='ltr'><strong>dsunic.</strong></span> 
     </span>
     <span class='ocr_line' id='line_1_6' title="bbox 314 999 1335 1086; baseline -0.004 -23"><span class='ocrx_word' id='word_1_37' title='bbox 314 1001 448 1064; x_wconf 81' lang='lat' dir='ltr'><strong>Lucrini</strong></span> <span class='ocrx_word' id='word_1_38' title='bbox 475 1003 584 1063; x_wconf 89' lang='lat' dir='ltr'><strong>addito</strong></span> <span class='ocrx_word' id='word_1_39' title='bbox 611 1001 682 1073; x_wconf 73' lang='lat' dir='ltr'><strong>D„</strong></span> <span class='ocrx_word' id='word_1_40' title='bbox 701 1004 787 1084; x_wconf 88' lang='lat' dir='ltr'><strong>quod</strong></span> <span class='ocrx_word' id='word_1_41' title='bbox 817 1005 989 1086; x_wconf 81' lang='lat' dir='ltr'>explicatur</span> <span class='ocrx_word' id='word_1_42' title='bbox 1014 1001 1166 1070; x_wconf 84' lang='lat' dir='ltr'><strong>Daunia,</strong></span> <span class='ocrx_word' id='word_1_43' title='bbox 1200 1013 1236 1061; x_wconf 94' lang='lat' dir='ltr'><strong>ut</strong></span> <span class='ocrx_word' id='word_1_44' title='bbox 1258 999 1335 1060; x_wconf 83' lang='lat' dir='ltr'><strong>alibi.</strong></span> 
     </span>
     <span class='ocr_line' id='line_1_7' title="bbox 313 1099 1336 1187; baseline -0.009 -19"><span class='ocrx_word' id='word_1_45' title='bbox 313 1105 348 1168; x_wconf 87' lang='lat' dir='ltr'><strong>si</strong></span> <span class='ocrx_word' id='word_1_46' title='bbox 363 1117 447 1164; x_wconf 85' lang='lat' dir='ltr'><strong>recte</strong></span> <span class='ocrx_word' id='word_1_47' title='bbox 464 1115 592 1186; x_wconf 83' lang='lat' dir='ltr'><strong>excepta</strong></span> <span class='ocrx_word' id='word_1_48' title='bbox 612 1117 645 1166; x_wconf 86' lang='lat' dir='ltr'><strong>et</strong></span> <span class='ocrx_word' id='word_1_49' title='bbox 661 1105 782 1166; x_wconf 84' lang='lat' dir='ltr'><strong>reddita</strong></span> <span class='ocrx_word' id='word_1_50' title='bbox 797 1105 840 1166; x_wconf 82' lang='lat' dir='ltr'><strong>eli</strong></span> <span class='ocrx_word' id='word_1_51' title='bbox 861 1125 896 1166; x_wconf 85' lang='lat' dir='ltr'><strong>ea</strong></span> <span class='ocrx_word' id='word_1_52' title='bbox 916 1102 1093 1187; x_wconf 85' lang='lat' dir='ltr'><strong>inscriptio,</strong></span> <span class='ocrx_word' id='word_1_53' title='bbox 1125 1099 1219 1185; x_wconf 78' lang='lat' dir='ltr'><strong>possit</strong></span> <span class='ocrx_word' id='word_1_54' title='bbox 1236 1102 1336 1180; x_wconf 84' lang='lat' dir='ltr'><strong>utique</strong></span> 
     </span>
    </p>
   </div>
   <div class='ocr_carea' id='block_1_3' title="bbox 200 1203 1336 1268">
    <p class='ocr_par' dir='ltr' id='par_1_3' title="bbox 200 1203 1336 1268">
     <span class='ocr_line' id='line_1_8' title="bbox 200 1203 1336 1268; baseline -0.006 -1"><span class='ocrx_word' id='word_1_55' title='bbox 200 1249 203 1256; x_wconf 84' lang='lat'>-</span> <span class='ocrx_word' id='word_1_56' title='bbox 314 1203 551 1266; x_wconf 71' lang='lat' dir='ltr'><strong>dubitationem</strong></span> <span class='ocrx_word' id='word_1_57' title='bbox 583 1223 727 1268; x_wconf 85' lang='lat' dir='ltr'><strong>movere.</strong></span> <span class='ocrx_word' id='word_1_58' title='bbox 786 1207 829 1268; x_wconf 77' lang='lat' dir='ltr'><strong>tt</strong></span> <span class='ocrx_word' id='word_1_59' title='bbox 858 1207 1013 1268; x_wconf 76' lang='lat' dir='ltr'><strong>Larinum</strong></span> <span class='ocrx_word' id='word_1_60' title='bbox 1039 1218 1171 1267; x_wconf 82' lang='lat' dir='ltr'><strong>tuentur</strong></span> <span class='ocrx_word' id='word_1_61' title='bbox 1203 1215 1336 1264; x_wconf 79' lang='lat' dir='ltr'><strong>auctores</strong></span> 
     </span>
    </p>
   </div>
   <div class='ocr_carea' id='block_1_4' title="bbox 233 1303 1337 2294">
    <p class='ocr_par' dir='ltr' id='par_1_4' title="bbox 233 1303 1337 2294">
     <span class='ocr_line' id='line_1_9' title="bbox 233 1303 1333 1388; baseline -0.005 -22"><span class='ocrx_word' id='word_1_62' title='bbox 233 1317 242 1328; x_wconf 81' lang='grc'><strong>“</strong></span> <span class='ocrx_word' id='word_1_63' title='bbox 313 1303 403 1388; x_wconf 89' lang='lat' dir='ltr'><strong>supra</strong></span> <span class='ocrx_word' id='word_1_64' title='bbox 423 1307 521 1384; x_wconf 87' lang='lat' dir='ltr'><strong>citati,</strong></span> <span class='ocrx_word' id='word_1_65' title='bbox 552 1319 584 1370; x_wconf 89' lang='lat' dir='ltr'><strong>et</strong></span> <span class='ocrx_word' id='word_1_66' title='bbox 604 1321 762 1388; x_wconf 86' lang='lat' dir='ltr'><strong>praeterea</strong></span> <span class='ocrx_word' id='word_1_67' title='bbox 779 1308 891 1370; x_wconf 84' lang='lat' dir='ltr'><strong>Cicero</strong></span> <span class='ocrx_word' id='word_1_68' title='bbox 914 1309 952 1368; x_wconf 84' lang='lat' dir='ltr'><strong>ad</strong></span> <span class='ocrx_word' id='word_1_69' title='bbox 975 1307 1073 1368; x_wconf 77' lang='lat' dir='ltr'><strong>Attio.</strong></span> <span class='ocrx_word' id='word_1_70' title='bbox 1090 1321 1122 1381; x_wconf 83' lang='lat'><strong>7,</strong></span> <span class='ocrx_word' id='word_1_71' title='bbox 1155 1321 1207 1367; x_wconf 67' lang='grc' dir='ltr'><strong>ιε.</strong></span> <span class='ocrx_word' id='word_1_72' title='bbox 1230 1317 1261 1364; x_wconf 91' lang='lat' dir='ltr'><strong>et</strong></span> <span class='ocrx_word' id='word_1_73' title='bbox 1285 1316 1333 1380; x_wconf 82' lang='lat'><strong>15.</strong></span> 
     </span>
     <span class='ocr_line' id='line_1_10' title="bbox 312 1405 1335 1492; baseline -0.007 -22"><span class='ocrx_word' id='word_1_74' title='bbox 312 1407 369 1470; x_wconf 88' lang='lat' dir='ltr'><strong>ubi</strong></span> <span class='ocrx_word' id='word_1_75' title='bbox 391 1425 490 1490; x_wconf 86' lang='lat' dir='ltr'><strong>prope</strong></span> <span class='ocrx_word' id='word_1_76' title='bbox 508 1409 654 1470; x_wconf 87' lang='lat' dir='ltr'><strong>Teanum</strong></span> <span class='ocrx_word' id='word_1_77' title='bbox 673 1411 813 1489; x_wconf 87' lang='lat' dir='ltr'><strong>ponitur,</strong></span> <span class='ocrx_word' id='word_1_78' title='bbox 843 1408 904 1472; x_wconf 90' lang='lat' dir='ltr'><strong>tab.</strong></span> <span class='ocrx_word' id='word_1_79' title='bbox 927 1409 1076 1492; x_wconf 79' lang='lat' dir='ltr'><strong>Peuting.</strong></span> <span class='ocrx_word' id='word_1_80' title='bbox 1096 1419 1130 1486; x_wconf 89' lang='lat'><strong>5.</strong></span> <span class='ocrx_word' id='word_1_81' title='bbox 1150 1406 1187 1470; x_wconf 83' lang='lat' dir='ltr'><strong>C.</strong></span> <span class='ocrx_word' id='word_1_82' title='bbox 1227 1405 1335 1486; x_wconf 77' lang='lat' dir='ltr'><strong>Geogr.</strong></span> 
     </span>
     <span class='ocr_line' id='line_1_11' title="bbox 312 1502 1336 1596; baseline -0.007 -24"><span class='ocrx_word' id='word_1_83' title='bbox 312 1507 459 1572; x_wconf 82' lang='lat' dir='ltr'><strong>Ilarenu.</strong></span> <span class='ocrx_word' id='word_1_84' title='bbox 482 1517 601 1589; x_wconf 80' lang='grc' dir='ltr'><strong>4.,5ι.</strong></span> <span class='ocrx_word' id='word_1_85' title='bbox 660 1511 745 1571; x_wconf 87' lang='lat' dir='ltr'><strong>Hinc</strong></span> <span class='ocrx_word' id='word_1_86' title='bbox 773 1510 886 1588; x_wconf 84' lang='lat' dir='ltr'><strong>Polyb.</strong></span> <span class='ocrx_word' id='word_1_87' title='bbox 912 1523 943 1589; x_wconf 81' lang='grc'><strong>5,</strong></span> <span class='ocrx_word' id='word_1_88' title='bbox 971 1529 1050 1581; x_wconf 83' lang='grc' dir='ltr'>ιοι,</span> <span class='ocrx_word' id='word_1_89' title='bbox 1075 1523 1109 1588; x_wconf 84' lang='grc'><strong>5.</strong></span> <span class='ocrx_word' id='word_1_90' title='bbox 1138 1502 1336 1596; x_wconf 71' lang='grc' dir='ltr'><strong>ἧΛι-ιρινᾱτις</strong></span> 
     </span>
     <span class='ocr_line' id='line_1_12' title="bbox 311 1609 1336 1696; baseline -0.02 -12"><span class='ocrx_word' id='word_1_91' title='bbox 311 1609 427 1696; x_wconf 62' lang='grc' dir='ltr'><strong>κῧθᾱὶ</strong></span> <span class='ocrx_word' id='word_1_92' title='bbox 459 1610 571 1671; x_wconf 85' lang='lat' dir='ltr'><strong>Liviua</strong></span> <span class='ocrx_word' id='word_1_93' title='bbox 598 1627 655 1682; x_wconf 83' lang='lat'><strong>22.</strong></span> <span class='ocrx_word' id='word_1_94' title='bbox 682 1623 735 1690; x_wconf 79' lang='lat'><strong>18,</strong></span> <span class='ocrx_word' id='word_1_95' title='bbox 759 1624 793 1690; x_wconf 82' lang='grc'><strong>8.</strong></span> <span class='ocrx_word' id='word_1_96' title='bbox 823 1625 855 1674; x_wconf 90' lang='lat' dir='ltr'><strong>et</strong></span> <span class='ocrx_word' id='word_1_97' title='bbox 879 1633 905 1674; x_wconf 90' lang='lat' dir='ltr'><strong>c.</strong></span> <span class='ocrx_word' id='word_1_98' title='bbox 933 1621 989 1690; x_wconf 75' lang='lat'><strong>24.</strong></span> <span class='ocrx_word' id='word_1_99' title='bbox 1014 1614 1059 1674; x_wconf 89' lang='lat' dir='ltr'><strong>in.</strong></span> <span class='ocrx_word' id='word_1_100' title='bbox 1089 1609 1234 1672; x_wconf 83' lang='lat' dir='ltr'><strong>Lart&#39;uas</strong></span> <span class='ocrx_word' id='word_1_101' title='bbox 1255 1626 1336 1686; x_wconf 59' lang='lat' dir='ltr'><strong>agen</strong></span> 
     </span>
     <span class='ocr_line' id='line_1_13' title="bbox 311 1705 1335 1792; baseline -0.007 -18"><span class='ocrx_word' id='word_1_102' title='bbox 311 1711 380 1774; x_wconf 88' lang='lat' dir='ltr'><strong>Cic.</strong></span> <span class='ocrx_word' id='word_1_103' title='bbox 404 1729 462 1792; x_wconf 90' lang='lat' dir='ltr'><strong>pro</strong></span> <span class='ocrx_word' id='word_1_104' title='bbox 486 1710 638 1773; x_wconf 87' lang='lat' dir='ltr'><strong>Cluentio</strong></span> <span class='ocrx_word' id='word_1_105' title='bbox 661 1731 688 1775; x_wconf 90' lang='lat' dir='ltr'><strong>c.</strong></span> <span class='ocrx_word' id='word_1_106' title='bbox 710 1727 765 1790; x_wconf 84' lang='lat'><strong>15.</strong></span> <span class='ocrx_word' id='word_1_107' title='bbox 789 1725 821 1774; x_wconf 85' lang='lat' dir='ltr'><strong>et</strong></span> <span class='ocrx_word' id='word_1_108' title='bbox 840 1713 928 1784; x_wconf 85' lang='lat' dir='ltr'><strong>alibi,</strong></span> <span class='ocrx_word' id='word_1_109' title='bbox 959 1711 1046 1776; x_wconf 90' lang='lat' dir='ltr'><strong>Plin.</strong></span> <span class='ocrx_word' id='word_1_110' title='bbox 1065 1732 1092 1774; x_wconf 84' lang='lat' dir='ltr'><strong>c.</strong></span> <span class='ocrx_word' id='word_1_111' title='bbox 1115 1711 1138 1772; x_wconf 98' lang='lat' dir='ltr'><strong>l.</strong></span> <span class='ocrx_word' id='word_1_112' title='bbox 1177 1709 1235 1771; x_wconf 91' lang='lat' dir='ltr'><strong>lul.</strong></span> <span class='ocrx_word' id='word_1_113' title='bbox 1258 1705 1335 1770; x_wconf 82' lang='lat' dir='ltr'><strong>caet</strong></span> 
     </span>
     <span class='ocr_line' id='line_1_14' title="bbox 312 1809 1336 1892; baseline -0.005 -20"><span class='ocrx_word' id='word_1_114' title='bbox 312 1813 352 1876; x_wconf 87' lang='lat' dir='ltr'><strong>de</strong></span> <span class='ocrx_word' id='word_1_115' title='bbox 368 1812 406 1873; x_wconf 89' lang='lat' dir='ltr'><strong>B.</strong></span> <span class='ocrx_word' id='word_1_116' title='bbox 423 1810 459 1874; x_wconf 80' lang='grc' dir='ltr'><strong>Ο.</strong></span> <span class='ocrx_word' id='word_1_117' title='bbox 489 1831 518 1882; x_wconf 85' lang='grc' dir='ltr'><strong>ι,</strong></span> <span class='ocrx_word' id='word_1_118' title='bbox 544 1826 603 1892; x_wconf 75' lang='lat'><strong>25.</strong></span> <span class='ocrx_word' id='word_1_119' title='bbox 623 1827 702 1876; x_wconf 86' lang='lat' dir='ltr'><strong>extr.</strong></span> <span class='ocrx_word' id='word_1_120' title='bbox 733 1815 790 1876; x_wconf 88' lang='lat' dir='ltr'><strong>Sil.</strong></span> <span class='ocrx_word' id='word_1_121' title='bbox 808 1815 877 1876; x_wconf 88' lang='lat' dir='ltr'><strong>ltal.</strong></span> <span class='ocrx_word' id='word_1_122' title='bbox 896 1825 928 1891; x_wconf 78' lang='lat'><strong>8,</strong></span> <span class='ocrx_word' id='word_1_123' title='bbox 950 1823 1036 1892; x_wconf 76' lang='lat'><strong>402.</strong></span> <span class='ocrx_word' id='word_1_124' title='bbox 1066 1825 1121 1890; x_wconf 82' lang='lat'><strong>15,</strong></span> <span class='ocrx_word' id='word_1_125' title='bbox 1147 1812 1229 1888; x_wconf 83' lang='grc'><strong>565.</strong></span> <span class='ocrx_word' id='word_1_126' title='bbox 1251 1809 1336 1870; x_wconf 82' lang='lat' dir='ltr'><strong>Lari·</strong></span> 
     </span>
     <span class='ocr_line' id='line_1_15' title="bbox 310 1910 1337 2002; baseline -0.008 -29"><span class='ocrx_word' id='word_1_127' title='bbox 310 1925 419 1984; x_wconf 66' lang='lat' dir='ltr'><strong>araim</strong></span> <span class='ocrx_word' id='word_1_128' title='bbox 445 1926 476 1974; x_wconf 86' lang='lat' dir='ltr'><strong>et</strong></span> <span class='ocrx_word' id='word_1_129' title='bbox 498 1913 584 1974; x_wconf 87' lang='lat' dir='ltr'><strong>idem</strong></span> <span class='ocrx_word' id='word_1_130' title='bbox 606 1929 660 1984; x_wconf 74' lang='lat'><strong>12,</strong></span> <span class='ocrx_word' id='word_1_131' title='bbox 689 1923 768 1996; x_wconf 77' lang='lat'><strong>174.</strong></span> <span class='ocrx_word' id='word_1_132' title='bbox 791 1915 964 1976; x_wconf 80' lang='lat' dir='ltr'><strong>Larinatia</strong></span> <span class='ocrx_word' id='word_1_133' title='bbox 984 1911 1090 2002; x_wconf 75' lang='lat' dir='ltr'><strong>figito.</strong></span> <span class='ocrx_word' id='word_1_134' title='bbox 1129 1910 1337 1994; x_wconf 76' lang='lat' dir='ltr'><strong>suffragantur</strong></span> 
     </span>
     <span class='ocr_line' id='line_1_16' title="bbox 310 2009 1337 2096; baseline -0.005 -22"><span class='ocrx_word' id='word_1_135' title='bbox 310 2014 447 2095; x_wconf 88' lang='lat' dir='ltr'><strong>denique</strong></span> <span class='ocrx_word' id='word_1_136' title='bbox 468 2017 578 2085; x_wconf 82' lang='lat' dir='ltr'><strong>numi,</strong></span> <span class='ocrx_word' id='word_1_137' title='bbox 604 2035 643 2077; x_wconf 85' lang='lat' dir='ltr'><strong>ex</strong></span> <span class='ocrx_word' id='word_1_138' title='bbox 658 2015 773 2096; x_wconf 79' lang='lat' dir='ltr'><strong>quibus</strong></span> <span class='ocrx_word' id='word_1_139' title='bbox 788 2017 900 2087; x_wconf 86' lang='lat' dir='ltr'><strong>etiam,</strong></span> <span class='ocrx_word' id='word_1_140' title='bbox 931 2036 1004 2077; x_wconf 83' lang='lat' dir='ltr'><strong>oum</strong></span> <span class='ocrx_word' id='word_1_141' title='bbox 1029 2013 1201 2096; x_wconf 84' lang='lat' dir='ltr'><strong>delphinus</strong></span> <span class='ocrx_word' id='word_1_142' title='bbox 1220 2012 1237 2072; x_wconf 92' lang='lat' dir='ltr'><strong>s.</strong></span> <span class='ocrx_word' id='word_1_143' title='bbox 1255 2009 1337 2091; x_wconf 85' lang='lat' dir='ltr'><strong>piscis</strong></span> 
     </span>
     <span class='ocr_line' id='line_1_17' title="bbox 309 2113 1337 2195; baseline -0.006 -17"><span class='ocrx_word' id='word_1_144' title='bbox 309 2115 469 2195; x_wconf 77' lang='lat' dir='ltr'><strong>adpositus</strong></span> <span class='ocrx_word' id='word_1_145' title='bbox 495 2115 549 2186; x_wconf 82' lang='lat' dir='ltr'><strong>lit.</strong></span> <span class='ocrx_word' id='word_1_146' title='bbox 588 2114 718 2176; x_wconf 84' lang='lat' dir='ltr'><strong>discitur</strong></span> <span class='ocrx_word' id='word_1_147' title='bbox 741 2119 918 2179; x_wconf 74' lang='lat' dir='ltr'><strong>maritimos</strong></span> <span class='ocrx_word' id='word_1_148' title='bbox 942 2115 1049 2187; x_wconf 84' lang='lat' dir='ltr'><strong>fuisse,</strong></span> <span class='ocrx_word' id='word_1_149' title='bbox 1083 2116 1173 2176; x_wconf 88' lang='lat' dir='ltr'><strong>uude</strong></span> <span class='ocrx_word' id='word_1_150' title='bbox 1196 2128 1228 2176; x_wconf 85' lang='lat' dir='ltr'><strong>et</strong></span> <span class='ocrx_word' id='word_1_151' title='bbox 1249 2113 1337 2174; x_wconf 87' lang='lat' dir='ltr'><strong>Siliua</strong></span> 
     </span>
     <span class='ocr_line' id='line_1_18' title="bbox 309 2211 1314 2294; baseline -0.004 -16"><span class='ocrx_word' id='word_1_152' title='bbox 309 2215 379 2278; x_wconf 82' lang='lat' dir='ltr'><strong>lral.</strong></span> <span class='ocrx_word' id='word_1_153' title='bbox 402 2227 456 2292; x_wconf 78' lang='lat'><strong>15.</strong></span> <span class='ocrx_word' id='word_1_154' title='bbox 478 2217 561 2294; x_wconf 85' lang='grc'><strong>565.</strong></span> <span class='ocrx_word' id='word_1_155' title='bbox 585 2215 727 2280; x_wconf 77' lang='lat' dir='ltr'><strong>Larinas</strong></span> <span class='ocrx_word' id='word_1_156' title='bbox 746 2217 855 2279; x_wconf 77' lang='lat' dir='ltr'><strong>accola</strong></span> <span class='ocrx_word' id='word_1_157' title='bbox 876 2219 983 2280; x_wconf 78' lang='lat' dir='ltr'><strong>Ponti.</strong></span> <span class='ocrx_word' id='word_1_158' title='bbox 1018 2217 1138 2281; x_wconf 77' lang='lat' dir='ltr'><strong>Seite</strong></span> <span class='ocrx_word' id='word_1_159' title='bbox 1159 2215 1218 2276; x_wconf 86' lang='lat' dir='ltr'><strong>srtu</strong></span> <span class='ocrx_word' id='word_1_160' title='bbox 1233 2211 1314 2274; x_wconf 85' lang='lat' dir='ltr'><strong>alibi.</strong></span> 
     </span>
    </p>
   </div>
   <div class='ocr_carea' id='block_1_5' title="bbox 308 2417 1337 2703">
    <p class='ocr_par' dir='ltr' id='par_1_5' title="bbox 308 2417 1337 2703">
     <span class='ocr_line' id='line_1_19' title="bbox 387 2417 1335 2500; baseline -0.004 -22"><span class='ocrx_word' id='word_1_161' title='bbox 387 2417 586 2500; x_wconf 81' lang='lat' dir='ltr'><strong>Teanum)</strong></span> <span class='ocrx_word' id='word_1_162' title='bbox 643 2422 742 2484; x_wconf 84' lang='lat' dir='ltr'><strong>Vatia.</strong></span> <span class='ocrx_word' id='word_1_163' title='bbox 772 2417 868 2482; x_wconf 85' lang='lat' dir='ltr'><strong>Paris.</strong></span> <span class='ocrx_word' id='word_1_164' title='bbox 897 2441 926 2482; x_wconf 85' lang='lat'><strong>1.</strong></span> <span class='ocrx_word' id='word_1_165' title='bbox 960 2418 1068 2484; x_wconf 87' lang='lat' dir='ltr'><strong>Cibin.</strong></span> <span class='ocrx_word' id='word_1_166' title='bbox 1101 2419 1216 2480; x_wconf 88' lang='lat' dir='ltr'><strong>Venet.</strong></span> <span class='ocrx_word' id='word_1_167' title='bbox 1252 2417 1335 2498; x_wconf 85' lang='lat' dir='ltr'><strong>Prag.</strong></span> 
     </span>
     <span class='ocr_line' id='line_1_20' title="bbox 308 2519 1334 2604; baseline -0.005 -22"><span class='ocrx_word' id='word_1_168' title='bbox 308 2519 480 2604; x_wconf 78' lang='lat' dir='ltr'><strong>Rehrliger.</strong></span> <span class='ocrx_word' id='word_1_169' title='bbox 503 2519 641 2583; x_wconf 85' lang='lat' dir='ltr'><strong>vindob.</strong></span> <span class='ocrx_word' id='word_1_170' title='bbox 666 2523 773 2584; x_wconf 84' lang='lat' dir='ltr'><strong>Havn.</strong></span> <span class='ocrx_word' id='word_1_171' title='bbox 798 2535 830 2582; x_wconf 85' lang='lat' dir='ltr'><strong>et</strong></span> <span class='ocrx_word' id='word_1_172' title='bbox 853 2520 926 2582; x_wconf 86' lang='lat' dir='ltr'><strong>edd.</strong></span> <span class='ocrx_word' id='word_1_173' title='bbox 958 2541 987 2582; x_wconf 89' lang='grc' dir='ltr'><strong>ι.</strong></span> <span class='ocrx_word' id='word_1_174' title='bbox 1018 2535 1051 2582; x_wconf 78' lang='lat'><strong>2.</strong></span> <span class='ocrx_word' id='word_1_175' title='bbox 1081 2533 1113 2598; x_wconf 82' lang='lat'><strong>5.</strong></span> <span class='ocrx_word' id='word_1_176' title='bbox 1138 2529 1174 2598; x_wconf 72' lang='lat' dir='ltr'><strong>lp.</strong></span> <span class='ocrx_word' id='word_1_177' title='bbox 1198 2532 1230 2596; x_wconf 87' lang='lat'><strong>5.</strong></span> <span class='ocrx_word' id='word_1_178' title='bbox 1252 2520 1284 2580; x_wconf 88' lang='lat'><strong>6.</strong></span> <span class='ocrx_word' id='word_1_179' title='bbox 1305 2533 1334 2592; x_wconf 82' lang='lat'><strong>7.</strong></span> 
     </span>
     <span class='ocr_line' id='line_1_21' title="bbox 310 2617 1337 2703; baseline -0.008 -20"><span class='ocrx_word' id='word_1_180' title='bbox 310 2633 344 2700; x_wconf 80' lang='grc'><strong>3.</strong></span> <span class='ocrx_word' id='word_1_181' title='bbox 365 2639 399 2700; x_wconf 89' lang='lat'><strong>9.</strong></span> <span class='ocrx_word' id='word_1_182' title='bbox 426 2641 480 2683; x_wconf 86' lang='lat' dir='ltr'><strong>ro.</strong></span> <span class='ocrx_word' id='word_1_183' title='bbox 510 2643 564 2684; x_wconf 89' lang='grc' dir='ltr'><strong>ιι.</strong></span> <span class='ocrx_word' id='word_1_184' title='bbox 593 2640 646 2686; x_wconf 85' lang='lat' dir='ltr'><strong>ra.</strong></span> <span class='ocrx_word' id='word_1_185' title='bbox 674 2635 728 2702; x_wconf 63' lang='grc' dir='ltr'><strong>ιιι.</strong></span> <span class='ocrx_word' id='word_1_186' title='bbox 753 2636 806 2700; x_wconf 83' lang='grc' dir='ltr'><strong>ι5.</strong></span> <span class='ocrx_word' id='word_1_187' title='bbox 829 2623 966 2703; x_wconf 88' lang='lat' dir='ltr'><strong>reliquae</strong></span> <span class='ocrx_word' id='word_1_188' title='bbox 987 2641 1061 2683; x_wconf 87' lang='lat' dir='ltr'><strong>cum</strong></span> <span class='ocrx_word' id='word_1_189' title='bbox 1080 2621 1244 2690; x_wconf 78' lang='lat' dir='ltr'><strong>Varliauis,</strong></span> <span class='ocrx_word' id='word_1_190' title='bbox 1277 2617 1337 2678; x_wconf 90' lang='lat' dir='ltr'><strong>Oli·</strong></span> 
     </span>
    </p>
   </div>
   <div class='ocr_carea' id='block_1_6' title="bbox 211 2709 1336 2794">
    <p class='ocr_par' dir='ltr' id='par_1_6' title="bbox 211 2709 1336 2794">
     <span class='ocr_line' id='line_1_22' title="bbox 211 2709 1336 2794; baseline -0.005 -10"><span class='ocrx_word' id='word_1_191' title='bbox 211 2709 223 2720; x_wconf 73' lang='grc'><strong><em>’</em></strong></span> <span class='ocrx_word' id='word_1_192' title='bbox 308 2723 454 2794; x_wconf 84' lang='lat' dir='ltr'><strong>variauie,</strong></span> <span class='ocrx_word' id='word_1_193' title='bbox 481 2723 608 2794; x_wconf 86' lang='lat' dir='ltr'><strong>Vineto.</strong></span> <span class='ocrx_word' id='word_1_194' title='bbox 631 2725 765 2788; x_wconf 89' lang='lat' dir='ltr'><strong>Schotto</strong></span> <span class='ocrx_word' id='word_1_195' title='bbox 788 2725 956 2786; x_wconf 65' lang='lat' dir='ltr'><strong>Theatrum.</strong></span> <span class='ocrx_word' id='word_1_196' title='bbox 1010 2722 1089 2782; x_wconf 82' lang='lat' dir='ltr'><strong>lude</strong></span> <span class='ocrx_word' id='word_1_197' title='bbox 1110 2741 1127 2782; x_wconf 89' lang='lat' dir='ltr'><strong>a</strong></span> <span class='ocrx_word' id='word_1_198' title='bbox 1145 2718 1252 2782; x_wconf 84' lang='lat' dir='ltr'><strong>Vossro</strong></span> <span class='ocrx_word' id='word_1_199' title='bbox 1270 2739 1336 2780; x_wconf 87' lang='lat' dir='ltr'><strong>con·</strong></span> 
     </span>
    </p>
   </div>
   <div class='ocr_carea' id='block_1_7' title="bbox 286 2819 1336 4122">
    <p class='ocr_par' dir='ltr' id='par_1_7' title="bbox 286 2819 1336 4122">
     <span class='ocr_line' id='line_1_23' title="bbox 307 2819 1336 2908; baseline -0.007 -22"><span class='ocrx_word' id='word_1_200' title='bbox 307 2824 421 2888; x_wconf 81' lang='lat' dir='ltr'><strong>slanter</strong></span> <span class='ocrx_word' id='word_1_201' title='bbox 438 2825 558 2886; x_wconf 82' lang='lat' dir='ltr'><strong>reiecta</strong></span> <span class='ocrx_word' id='word_1_202' title='bbox 580 2825 622 2886; x_wconf 86' lang='lat' dir='ltr'><strong>ell</strong></span> <span class='ocrx_word' id='word_1_203' title='bbox 643 2825 828 2908; x_wconf 80' lang='lat' dir='ltr'><strong>adspiratio,</strong></span> <span class='ocrx_word' id='word_1_204' title='bbox 860 2844 957 2905; x_wconf 87' lang='lat' dir='ltr'><strong>quam</strong></span> <span class='ocrx_word' id='word_1_205' title='bbox 977 2825 1073 2884; x_wconf 88' lang='lat' dir='ltr'><strong>etiam</strong></span> <span class='ocrx_word' id='word_1_206' title='bbox 1092 2821 1268 2884; x_wconf 89' lang='lat' dir='ltr'><strong>omiserunt</strong></span> <span class='ocrx_word' id='word_1_207' title='bbox 1286 2819 1336 2881; x_wconf 88' lang='lat' dir='ltr'><strong>Pa·</strong></span> 
     </span>
     <span class='ocr_line' id='line_1_24' title="bbox 306 2921 1336 3008; baseline -0.004 -24"><span class='ocrx_word' id='word_1_208' title='bbox 306 2923 357 2986; x_wconf 81' lang='lat' dir='ltr'><strong>ris.</strong></span> <span class='ocrx_word' id='word_1_209' title='bbox 383 2942 415 2989; x_wconf 88' lang='lat'><strong>2.</strong></span> <span class='ocrx_word' id='word_1_210' title='bbox 438 2940 471 3004; x_wconf 79' lang='grc'><strong>3.</strong></span> <span class='ocrx_word' id='word_1_211' title='bbox 501 2925 649 2990; x_wconf 85' lang='lat' dir='ltr'><strong>Ciaocon.</strong></span> <span class='ocrx_word' id='word_1_212' title='bbox 677 2927 759 3008; x_wconf 90' lang='lat' dir='ltr'><strong>Lips.</strong></span> <span class='ocrx_word' id='word_1_213' title='bbox 791 2941 823 2987; x_wconf 87' lang='lat' dir='ltr'><strong>et</strong></span> <span class='ocrx_word' id='word_1_214' title='bbox 848 2945 887 2986; x_wconf 87' lang='lat' dir='ltr'><strong>ex</strong></span> <span class='ocrx_word' id='word_1_215' title='bbox 912 2925 985 2987; x_wconf 89' lang='lat' dir='ltr'><strong>edd.</strong></span> <span class='ocrx_word' id='word_1_216' title='bbox 1013 2937 1087 2985; x_wconf 85' lang='lat' dir='ltr'><strong>ante</strong></span> <span class='ocrx_word' id='word_1_217' title='bbox 1111 2921 1255 2985; x_wconf 84' lang='lat' dir='ltr'><strong>Vossrum</strong></span> <span class='ocrx_word' id='word_1_218' title='bbox 1285 2933 1336 2998; x_wconf 81' lang='lat'><strong>13.</strong></span> 
     </span>
     <span class='ocr_line' id='line_1_25' title="bbox 307 3022 1333 3108; baseline -0.006 -22"><span class='ocrx_word' id='word_1_219' title='bbox 307 3045 512 3088; x_wconf 73' lang='lat' dir='ltr'><strong>reseravero.</strong></span> <span class='ocrx_word' id='word_1_220' title='bbox 570 3027 706 3087; x_wconf 80' lang='lat' dir='ltr'><strong>Teanum</strong></span> <span class='ocrx_word' id='word_1_221' title='bbox 731 3029 796 3090; x_wconf 89' lang='lat' dir='ltr'><strong>sine</strong></span> <span class='ocrx_word' id='word_1_222' title='bbox 821 3028 882 3088; x_wconf 86' lang='lat' dir='ltr'><strong>ullu</strong></span> <span class='ocrx_word' id='word_1_223' title='bbox 908 3025 1094 3108; x_wconf 83' lang='lat' dir='ltr'><strong>aspiratione</strong></span> <span class='ocrx_word' id='word_1_224' title='bbox 1126 3022 1333 3086; x_wconf 84' lang='lat' dir='ltr'><strong>scribendum.</strong></span> 
     </span>
     <span class='ocr_line' id='line_1_26' title="bbox 286 3125 1333 3214; baseline -0.005 -27"><span class='ocrx_word' id='word_1_225' title='bbox 286 3143 506 3214; x_wconf 48' lang='lat' dir='ltr'><strong>minumum.</strong></span> <span class='ocrx_word' id='word_1_226' title='bbox 574 3127 712 3189; x_wconf 81' lang='lat' dir='ltr'><strong>Teanum</strong></span> <span class='ocrx_word' id='word_1_227' title='bbox 754 3129 817 3190; x_wconf 85' lang='lat' dir='ltr'><strong>srne</strong></span> <span class='ocrx_word' id='word_1_228' title='bbox 861 3125 982 3209; x_wconf 91' lang='lat' dir='ltr'><strong>spiritu.</strong></span> <span class='ocrx_word' id='word_1_229' title='bbox 1041 3127 1093 3188; x_wconf 90' lang='lat' dir='ltr'><strong>Sic</strong></span> <span class='ocrx_word' id='word_1_230' title='bbox 1126 3125 1333 3192; x_wconf 83' lang='lat' dir='ltr'><strong>Ptolemaeus.</strong></span> 
     </span>
     <span class='ocr_line' id='line_1_27' title="bbox 308 3220 1332 3316; baseline 0.008 -30"><span class='ocrx_word' id='word_1_231' title='bbox 308 3220 364 3312; x_wconf 77' lang='grc'><strong>[5,</strong></span> <span class='ocrx_word' id='word_1_232' title='bbox 393 3249 422 3289; x_wconf 92' lang='grc' dir='ltr'><strong>ι.</strong></span> <span class='ocrx_word' id='word_1_233' title='bbox 439 3223 483 3314; x_wconf 90' lang='lat' dir='ltr'><strong>s.]</strong></span> <span class='ocrx_word' id='word_1_234' title='bbox 508 3227 618 3290; x_wconf 89' lang='lat' dir='ltr'><strong>Strabo</strong></span> <span class='ocrx_word' id='word_1_235' title='bbox 637 3225 799 3316; x_wconf 85' lang='lat' dir='ltr'><strong>[saepius]</strong></span> <span class='ocrx_word' id='word_1_236' title='bbox 824 3226 964 3301; x_wconf 82' lang='grc' dir='ltr'><em>Τὲανον,</em></span> <span class='ocrx_word' id='word_1_237' title='bbox 994 3227 1105 3288; x_wconf 77' lang='lat' dir='ltr'><strong>Livius</strong></span> <span class='ocrx_word' id='word_1_238' title='bbox 1128 3221 1212 3314; x_wconf 79' lang='lat'><strong>[22.</strong></span> <span class='ocrx_word' id='word_1_239' title='bbox 1231 3239 1286 3302; x_wconf 70' lang='grc'><strong>57,</strong></span> <span class='ocrx_word' id='word_1_240' title='bbox 1304 3237 1332 3298; x_wconf 84' lang='grc'><strong>8·</strong></span> 
     </span>
     <span class='ocr_line' id='line_1_28' title="bbox 305 3324 1332 3415; baseline -0.005 -27"><span class='ocrx_word' id='word_1_241' title='bbox 305 3329 360 3388; x_wconf 85' lang='lat' dir='ltr'><strong>etsr</strong></span> <span class='ocrx_word' id='word_1_242' title='bbox 382 3327 425 3388; x_wconf 91' lang='lat' dir='ltr'><strong>ibi</strong></span> <span class='ocrx_word' id='word_1_243' title='bbox 448 3329 625 3391; x_wconf 88' lang='lat' dir='ltr'><strong>Sidicinum</strong></span> <span class='ocrx_word' id='word_1_244' title='bbox 649 3324 711 3415; x_wconf 84' lang='lat' dir='ltr'><strong>esi]</strong></span> <span class='ocrx_word' id='word_1_245' title='bbox 741 3347 774 3394; x_wconf 89' lang='lat' dir='ltr'><strong>et</strong></span> <span class='ocrx_word' id='word_1_246' title='bbox 796 3330 918 3394; x_wconf 84' lang='lat' dir='ltr'><strong>Cicero.</strong></span> <span class='ocrx_word' id='word_1_247' title='bbox 955 3324 1034 3415; x_wconf 88' lang='lat' dir='ltr'><strong>[pro</strong></span> <span class='ocrx_word' id='word_1_248' title='bbox 1055 3327 1209 3389; x_wconf 88' lang='lat' dir='ltr'><strong>Cluentio</strong></span> <span class='ocrx_word' id='word_1_249' title='bbox 1231 3346 1257 3388; x_wconf 92' lang='lat' dir='ltr'><strong>c.</strong></span> <span class='ocrx_word' id='word_1_250' title='bbox 1280 3327 1332 3401; x_wconf 78' lang='lat'><strong>69.</strong></span> 
     </span>
     <span class='ocr_line' id='line_1_29' title="bbox 306 3421 1334 3516; baseline -0.006 -27"><span class='ocrx_word' id='word_1_251' title='bbox 306 3440 339 3490; x_wconf 81' lang='lat' dir='ltr'><strong>et</strong></span> <span class='ocrx_word' id='word_1_252' title='bbox 366 3421 463 3514; x_wconf 87' lang='lat' dir='ltr'><strong>alibi]</strong></span> <span class='ocrx_word' id='word_1_253' title='bbox 528 3431 646 3490; x_wconf 75' lang='lat' dir='ltr'><strong>Tirenus</strong></span> <span class='ocrx_word' id='word_1_254' title='bbox 675 3433 767 3494; x_wconf 85' lang='lat' dir='ltr'><strong>fluvii</strong></span> <span class='ocrx_word' id='word_1_255' title='bbox 800 3431 990 3512; x_wconf 87' lang='lat' dir='ltr'><strong>Campaniae</strong></span> <span class='ocrx_word' id='word_1_256' title='bbox 1029 3429 1179 3516; x_wconf 79' lang='lat' dir='ltr'><strong>meminit</strong></span> <span class='ocrx_word' id='word_1_257' title='bbox 1214 3426 1334 3488; x_wconf 74' lang='lat' dir='ltr'><strong>Orosius</strong></span> 
     </span>
     <span class='ocr_line' id='line_1_30' title="bbox 306 3527 1334 3616; baseline -0.002 -28"><span class='ocrx_word' id='word_1_258' title='bbox 306 3527 361 3589; x_wconf 91' lang='lat' dir='ltr'><strong>lib.</strong></span> <span class='ocrx_word' id='word_1_259' title='bbox 382 3541 415 3605; x_wconf 87' lang='lat'><strong>5.</strong></span> <span class='ocrx_word' id='word_1_260' title='bbox 440 3549 466 3592; x_wconf 91' lang='lat' dir='ltr'><strong>c.</strong></span> <span class='ocrx_word' id='word_1_261' title='bbox 487 3543 543 3608; x_wconf 79' lang='grc'><strong>15.</strong></span> <span class='ocrx_word' id='word_1_262' title='bbox 586 3531 719 3592; x_wconf 76' lang='lat' dir='ltr'><strong>Titanum</strong></span> <span class='ocrx_word' id='word_1_263' title='bbox 738 3553 794 3616; x_wconf 87' lang='lat' dir='ltr'><strong>per</strong></span> <span class='ocrx_word' id='word_1_264' title='bbox 815 3535 840 3602; x_wconf 85' lang='grc' dir='ltr'><strong>ι’,</strong></span> <span class='ocrx_word' id='word_1_265' title='bbox 868 3533 903 3592; x_wconf 90' lang='lat' dir='ltr'><strong>in</strong></span> <span class='ocrx_word' id='word_1_266' title='bbox 924 3530 1040 3612; x_wconf 88' lang='lat' dir='ltr'><strong>quibus</strong></span> <span class='ocrx_word' id='word_1_267' title='bbox 1060 3530 1239 3610; x_wconf 86' lang='lat' dir='ltr'><strong>Pomponii</strong></span> <span class='ocrx_word' id='word_1_268' title='bbox 1253 3527 1334 3588; x_wconf 83' lang='lat' dir='ltr'><strong>libris</strong></span> 
     </span>
     <span class='ocr_line' id='line_1_31' title="bbox 304 3627 1333 3714; baseline -0.001 -25"><span class='ocrx_word' id='word_1_269' title='bbox 304 3627 335 3690; x_wconf 83' lang='lat' dir='ltr'><strong>so</strong></span> <span class='ocrx_word' id='word_1_270' title='bbox 350 3629 466 3703; x_wconf 80' lang='lat' dir='ltr'><strong>-offert;</strong></span> <span class='ocrx_word' id='word_1_271' title='bbox 501 3651 579 3712; x_wconf 85' lang='lat' dir='ltr'><strong>quae</strong></span> <span class='ocrx_word' id='word_1_272' title='bbox 603 3631 748 3714; x_wconf 86' lang='lat' dir='ltr'><strong>scriptura</strong></span> <span class='ocrx_word' id='word_1_273' title='bbox 769 3632 895 3714; x_wconf 88' lang='lat' dir='ltr'><strong>iusuper</strong></span> <span class='ocrx_word' id='word_1_274' title='bbox 913 3633 1057 3694; x_wconf 85' lang='lat' dir='ltr'><strong>habenda</strong></span> <span class='ocrx_word' id='word_1_275' title='bbox 1075 3650 1140 3692; x_wconf 91' lang='lat' dir='ltr'><strong>uon</strong></span> <span class='ocrx_word' id='word_1_276' title='bbox 1158 3630 1219 3700; x_wconf 83' lang='lat' dir='ltr'><strong>eil,</strong></span> <span class='ocrx_word' id='word_1_277' title='bbox 1253 3628 1333 3710; x_wconf 86' lang='lat' dir='ltr'><strong>quod</strong></span> 
     </span>
     <span class='ocr_line' id='line_1_32' title="bbox 304 3729 1335 3816; baseline -0.008 -24"><span class='ocrx_word' id='word_1_278' title='bbox 304 3745 338 3792; x_wconf 87' lang='lat' dir='ltr'><strong>et</strong></span> <span class='ocrx_word' id='word_1_279' title='bbox 356 3731 390 3794; x_wconf 85' lang='lat' dir='ltr'><strong>iu</strong></span> <span class='ocrx_word' id='word_1_280' title='bbox 407 3733 543 3813; x_wconf 83' lang='lat' dir='ltr'><strong>antiquio</strong></span> <span class='ocrx_word' id='word_1_281' title='bbox 562 3735 669 3795; x_wconf 84' lang='lat' dir='ltr'><strong>numis</strong></span> <span class='ocrx_word' id='word_1_282' title='bbox 689 3735 766 3798; x_wconf 79' lang='lat' dir='ltr'><strong>custo</strong></span> <span class='ocrx_word' id='word_1_283' title='bbox 781 3737 972 3816; x_wconf 86' lang='lat' dir='ltr'><strong>reperiatur,</strong></span> <span class='ocrx_word' id='word_1_284' title='bbox 998 3749 1076 3812; x_wconf 80' lang='lat' dir='ltr'><strong>quoe</strong></span> <span class='ocrx_word' id='word_1_285' title='bbox 1090 3731 1171 3790; x_wconf 80' lang='lat' dir='ltr'><strong>mihi</strong></span> <span class='ocrx_word' id='word_1_286' title='bbox 1188 3730 1262 3792; x_wconf 83' lang='lat' dir='ltr'><strong>Abr.</strong></span> <span class='ocrx_word' id='word_1_287' title='bbox 1283 3729 1335 3788; x_wconf 87' lang='lat' dir='ltr'><strong>Or·</strong></span> 
     </span>
     <span class='ocr_line' id='line_1_33' title="bbox 304 3829 1334 3914; baseline -0.006 -24"><span class='ocrx_word' id='word_1_288' title='bbox 304 3833 397 3894; x_wconf 79' lang='lat' dir='ltr'><strong>telius</strong></span> <span class='ocrx_word' id='word_1_289' title='bbox 419 3834 564 3897; x_wconf 81' lang='lat' dir='ltr'><strong>ostendit.</strong></span> <span class='ocrx_word' id='word_1_290' title='bbox 598 3851 774 3898; x_wconf 78' lang='lat' dir='ltr'><strong>renouare.</strong></span> <span class='ocrx_word' id='word_1_291' title='bbox 828 3834 914 3896; x_wconf 87' lang='lat' dir='ltr'><strong>Cum</strong></span> <span class='ocrx_word' id='word_1_292' title='bbox 935 3835 1053 3914; x_wconf 82' lang='lat' dir='ltr'><strong>duplex</strong></span> <span class='ocrx_word' id='word_1_293' title='bbox 1075 3829 1180 3900; x_wconf 85' lang='lat' dir='ltr'><strong>suerit,</strong></span> <span class='ocrx_word' id='word_1_294' title='bbox 1210 3829 1334 3912; x_wconf 84' lang='lat' dir='ltr'><strong>Apuliae</strong></span> 
     </span>
     <span class='ocr_line' id='line_1_34' title="bbox 304 3931 1335 4016; baseline -0.008 -22"><span class='ocrx_word' id='word_1_295' title='bbox 304 3945 336 3994; x_wconf 80' lang='lat' dir='ltr'><strong>et</strong></span> <span class='ocrx_word' id='word_1_296' title='bbox 359 3933 565 4016; x_wconf 84' lang='lat' dir='ltr'><strong>Campaniae,</strong></span> <span class='ocrx_word' id='word_1_297' title='bbox 604 3954 777 3999; x_wconf 86' lang='lat' dir='ltr'><strong>commune</strong></span> <span class='ocrx_word' id='word_1_298' title='bbox 813 3950 920 3998; x_wconf 83' lang='lat' dir='ltr'><strong>tamen</strong></span> <span class='ocrx_word' id='word_1_299' title='bbox 954 3947 1084 4014; x_wconf 86' lang='lat' dir='ltr'><strong>utraque</strong></span> <span class='ocrx_word' id='word_1_300' title='bbox 1115 3931 1189 3994; x_wconf 83' lang='lat' dir='ltr'><strong>urbe</strong></span> <span class='ocrx_word' id='word_1_301' title='bbox 1215 3949 1335 3992; x_wconf 88' lang='lat' dir='ltr'><strong>nomen</strong></span> 
     </span>
     <span class='ocr_line' id='line_1_35' title="bbox 303 4029 1335 4122; baseline -0.005 -28"><span class='ocrx_word' id='word_1_302' title='bbox 303 4029 409 4116; x_wconf 76' lang='lat' dir='ltr'><strong>gessit,</strong></span> <span class='ocrx_word' id='word_1_303' title='bbox 437 4049 472 4097; x_wconf 92' lang='lat' dir='ltr'><strong>ut</strong></span> <span class='ocrx_word' id='word_1_304' title='bbox 490 4037 614 4099; x_wconf 76' lang='lat' dir='ltr'><strong>tollatur</strong></span> <span class='ocrx_word' id='word_1_305' title='bbox 631 4037 743 4102; x_wconf 83' lang='lat' dir='ltr'><strong>Strabo</strong></span> <span class='ocrx_word' id='word_1_306' title='bbox 760 4039 793 4106; x_wconf 91' lang='lat'><strong>6.</strong></span> <span class='ocrx_word' id='word_1_307' title='bbox 814 4058 848 4122; x_wconf 91' lang='lat' dir='ltr'><strong>p.</strong></span> <span class='ocrx_word' id='word_1_308' title='bbox 869 4057 914 4100; x_wconf 89' lang='lat' dir='ltr'><strong>m.</strong></span> <span class='ocrx_word' id='word_1_309' title='bbox 934 4054 1014 4116; x_wconf 84' lang='lat'><strong>197·</strong></span> <span class='ocrx_word' id='word_1_310' title='bbox 1033 4033 1054 4098; x_wconf 87' lang='lat' dir='ltr'><strong>s.</strong></span> <span class='ocrx_word' id='word_1_311' title='bbox 1076 4045 1157 4112; x_wconf 77' lang='lat'><strong>285.</strong></span> <span class='ocrx_word' id='word_1_312' title='bbox 1196 4033 1239 4096; x_wconf 75' lang='lat' dir='ltr'><strong>At</strong></span> <span class='ocrx_word' id='word_1_313' title='bbox 1258 4042 1335 4090; x_wconf 86' lang='lat' dir='ltr'><strong>utra·</strong></span> 
     </span>
    </p>
   </div>
   <div class='ocr_carea' id='block_1_8' title="bbox 0 0 1396 4944">
    <p class='ocr_par' dir='ltr' id='par_1_8' title="bbox 0 0 1396 4944">
     <span class='ocr_line' id='line_1_36' title="bbox 0 0 1396 4944; baseline 0 2"><span class='ocrx_word' id='word_1_314' title='bbox 0 0 1396 4944; x_wconf 95' lang='lat' dir='ltr'><strong> </strong></span> 
     </span>
    </p>
   </div>
  </div>
 </body>
</html>
