2810 4944
364 413 448 470 ΗΒ.
479 411 518 468 11.
560 411 593 470 c.
622 413 675 472 VI.
717 413 796 484 Μ.
1037 427 1101 494 429

134 583 268 650 Subur
291 599 328 648 et
355 583 527 648 Tolobin
553 585 721 668 Maius)
770 583 824 650 sto
846 584 938 653 Mos,
956 589 1100 652 melioris

61 701 152 750 uotae
175 689 262 772 apud
284 691 321 750 Δ.
344 687 565 759 Gronovium,
598 691 647 749 uti
671 707 783 751 omueo
805 691 869 750 mei
892 709 966 752 cum
988 693 1102 754 euiuo-
1216 749 1221 763 ,

62 791 153 852 uibue
183 804 260 852 ente
287 783 453 860 Voffium,
484 791 539 872 qui
566 791 656 851 dedit
681 787 779 852 Subiit
809 787 1012 872 sequentium
1038 803 1098 874 4ο.

63 901 119 968 4ι.
144 903 208 972 42.
244 893 332 954 unde
353 892 448 954 rediit
473 893 561 973 prior
585 891 691 956 lectio.
741 891 868 956 Boccot.
890 913 918 958 c.
941 895 962 956 Ι.
995 891 1101 955 scribit

63 996 139 1053 inter
162 990 272 1058 suber.
322 991 396 1056 1³0st
417 991 491 1056 telle
516 993 551 1054 Δ.
575 991 743 1055 Gronorio
766 991 853 1054 voff.
874 1013 903 1057 ι.
931 993 1101 1068 Tholobiu5

65 1094 197 1156 Medioi
223 1091 371 1166 Tolobiu;
402 1095 519 1176 reliqui
537 1091 678 1156 Colobim
698 1094 748 1156 vel
769 1091 910 1156 Colobiu.
952 1097 1001 1158 Ex
1017 1099 1099 1159 meio

64 1195 164 1257 Varie.
191 1194 289 1260 Parii.
313 1216 341 1258 ι.
359 1211 393 1258 o.
410 1209 443 1272 3.
476 1195 563 1258 Gud.
584 1193 721 1268 tolobirr;
755 1194 929 1280 Rehriiger.
952 1195 1099 1272 colobium

64 1295 207 1360 Vindob.
233 1294 386 1368 torobim3
419 1295 535 1359 Venor.
560 1297 666 1360 Horu·
692 1297 843 1358 videntur
864 1298 1006 1360 habuiffe
1029 1301 1101 1360 tiro·

63 1397 163 1469 tobim
192 1395 302 1460 Cibin.
326 1395 409 1480 Lipi.
430 1417 504 1460 cum
521 1397 670 1462 ciaccon.
688 1395 829 1472 colobirr;
862 1399 952 1485 Prag.
971 1413 1006 1460 ut
1023 1399 1101 1462 iloc-

64 1503 156 1561 cutiuo
173 1519 202 1561 c.
217 1501 240 1562 l.
261 1497 404 1562 colobim.
440 1501 616 1568 Editionee.
640 1513 676 1560 ut
694 1497 794 1584 [upra.
819 1502 959 1573 variana
986 1501 1102 1583 plerae-

64 1623 117 1680 que
144 1603 225 1664 inde
259 1601 299 1663 ab
325 1602 461 1682 antiquio
487 1621 561 1662 cnm
594 1600 735 1672 vineto,
773 1601 909 1666 Schotto
939 1601 1101 1673 Tlrolobirr,

64 1717 285 1784 praeterquam
313 1721 369 1766 ιο.
401 1714 456 1782 ι4.
484 1699 649 1775 leelobiu3
691 1715 744 1780 ¹8·
774 1700 922 1776 Tolobin
958 1701 991 1768 6.
1012 1719 1045 1778 7.
1064 1717 1098 1782 8.

69 1823 117 1866 ιε.
143 1817 203 1882 13.
229 1815 284 1880 15·
314 1819 368 1878 17.
398 1821 452 1884 19.
472 1821 529 1868 20.
556 1819 613 1880 25.
633 1817 691 1884 39.
714 1815 851 1882 [podir.
877 1815 937 1884 42.
963 1803 1100 1876 Tolobin,

63 1925 199 1987 proquo
220 1907 348 1987 antiqua
372 1925 484 1966 manue
505 1905 557 1968 ed.
581 1907 615 1968 6.
642 1905 801 1966 adleverat
826 1903 966 1970 Tolobin.
1018 1905 1103 1968 Voci

66 2008 195 2077 Maius,
229 2027 325 2088 quam
347 2007 467 2068 habent
492 2025 605 2068 omues
628 2007 719 2070 MSS.
742 2021 774 2068 et
795 2021 874 2070 vett.
901 2009 973 2070 edd.
997 2005 1102 2068 sublii·

66 2121 157 2170 tuunt
191 2129 247 2170 to.
275 2111 396 2186 omnis,
430 2105 560 2170 voffiur
590 2122 623 2168 et
647 2121 705 2187 4ο.
731 2129 849 2170 omncs.
908 2107 975 2192 lplo
1006 2111 1102 2172 verba

67 2211 140 2270 iuter
162 2211 198 2270 8.
222 2223 254 2272 el
272 2209 308 2272 T.
325 2209 438 2271 Maius
458 2210 646 2270 minuocolio
666 2211 765 2270 literis
783 2209 924 2271 distinxit
938 2211 1100 2274 schottus.

67 2329 268 2372 rzscrrvcuu.
321 2311 384 2372 Hic
404 2311 502 2372 etiam
523 2309 649 2380 haereo.
677 2311 853 2372 hubeomrre
868 2331 926 2392 pro
948 2312 1101 2396 legitimis

68 2411 137 2474 haec
151 2411 271 2482 verbo.
297 2433 336 2472 an
359 2412 468 2493 potior
489 2429 547 2492 pro
564 2411 673 2474 nothis
690 2426 723 2472 et
746 2411 928 2476 subdititiis.
968 2433 1103 2474 uiuoru-

72 2533 136 2577 ενι.
194 2515 218 2574 Δ
236 2513 331 2597 gioffa
352 2511 405 2582 est,
428 2512 481 2574 vel
500 2511 616 2574 librarii
632 2511 789 2575 oscitantis
805 2510 981 2590 somnium
1008 2535 1103 2596 quare

70 2617 98 2676 iu
111 2615 249 2676 infulam
267 2617 459 2696 deportetur.
502 2615 648 2696 Apparet,
674 2615 695 2674 o
713 2617 890 2676 coniectore
906 2617 989 2684 licet.
1014 2615 1102 2698 supro

70 2719 170 2796 paullo
195 2717 236 2776 fic
255 2713 497 2796 interpunxiile:
532 2713 641 2788 Subur.
670 2713 807 2784 Tholobi.
831 2737 935 2796 parva
947 2711 1100 2804 flumina.

71 2821 105 2878 i't
125 2821 226 2902 igitur
247 2817 472 2901 geographiam
496 2813 581 2877 scioli
602 2817 847 2898 locupletarent,
874 2831 904 2878 ot
921 2819 962 2878 ob
985 2819 1102 2899 prolata

68 2920 229 3000 pomoeria
261 2921 468 2998 Imperatores
501 2919 629 2988 fierent,
665 2919 802 2984 totidem
828 2920 945 2980 maiora
968 2919 1102 2982 flumina

68 3021 244 3082 commenti
265 3021 465 3080 addiderunt.
503 3019 696 3080 Ohomines
713 3021 808 3080 nimio
830 3019 948 3104 lorgoe!
983 3039 1103 3082 scuou·

68 3143 130 3184 ure.
197 3121 399 3182 Ptolemaeuo
424 3115 480 3206 [o.
499 3114 555 3206 6.]
582 3115 736 3204 Τήλοβις.
790 3121 875 3182 Male
899 3133 1005 3182 autem
1030 3121 1104 3182 Pin·

7 3227 8 3296 l
66 3227 166 3286 timus
191 3236 225 3284 et
247 3223 300 3282 olii
323 3222 430 3282 delent
452 3221 548 3282 verba
576 3221 644 3282 illa:
687 3224 770 3282 inter
793 3219 895 3283 Subur
918 3235 948 3284 et
976 3221 1103 3284 Tolobin

7 3297 8 3342 ³
66 3328 175 3386 malros.
230 3325 284 3386 Sic
307 3319 423 3393 solent,
463 3321 518 3382 ubi
546 3323 664 3403 aliquid
695 3329 847 3392 occurrit.
883 3324 971 3386 uude
997 3322 1025 3385 le
1050 3346 1103 3388 ne·

7 3479 9 3510 p
66 3441 188 3508 queunt
219 3425 379 3505 expedire.
431 3423 577 3484 Omnino
609 3425 800 3508 legendum:
835 3425 917 3486 inter
945 3423 1042 3488 Subin
1071 3439 1103 3486 et

70 3527 203 3590 Tolobin
228 3523 338 3612 [dedit
360 3539 465 3586 tameo
495 3519 641 3610 Telobr'n]
672 3547 777 3586 oorrres
804 3525 942 3587 Tarraco
965 3525 1038 3588 urbs
1059 3525 1103 3619 est

65 3647 122 3692 etc.
168 3627 275 3690 Subiu
294 3627 356 3688 hoc
376 3625 442 3708 ipio
466 3625 537 3686 loco
556 3625 695 3686 recenset
712 3627 844 3690 Plinius.
872 3622 929 3714 [3.
954 3641 988 3706 4.
1004 3627 1024 3691 i.
1046 3623 1102 3714 5.]

65 3731 198 3792 Telobis
220 3749 298 3790 vero
316 3727 378 3788 five
392 3725 526 3788 Tolobin
542 3727 622 3796 urbi,
643 3748 736 3808 quam
756 3729 959 3809 praeterfluit,
987 3749 1104 3814 coguo-
1224 3809 1228 3818 .

7 3855 8 3874 ³
64 3835 159 3894 minio
183 3829 238 3892 est.
291 3829 492 3889 Ptolemaeus
516 3843 624 3888 utitem
648 3823 703 3914 [2.
728 3824 785 3916 6.]
809 3831 871 3890 hoc
889 3833 1045 3912 oppidum
1070 3833 1102 3892 in

64 3931 306 3996 mediterraneis
327 3931 469 3992 collocat.
506 3947 648 3992 voortvs.
703 3931 768 3991 iluc
789 3933 966 3992 mutatione
986 3933 1102 3994 eximio

64 4033 91 4093 ie
105 4035 224 4096 habere
242 4032 387 4094 effectum
404 4051 470 4092 rem
493 4043 581 4110 putat
600 4027 723 4092 Voffiue
739 4045 846 4098 contro
866 4033 1102 4094 huolitotiouem

64 4135 223 4207 l’intiuni,
261 4153 358 4218 quum
385 4131 528 4215 proiecto
554 4132 635 4194 nihii
664 4133 745 4194 mihi
770 4135 915 4196 videatur
940 4155 1103 4198 occurrero
