2784 4944
319 475 382 540 552
621 465 862 524 POMPONtt
901 465 1063 522 MELAE

290 626 294 634 ¹
399 636 571 721 Cumae)
619 637 712 724 Prag.
736 657 873 712 summe:
899 637 1044 702 Vindob.
1068 640 1166 703 cuuis.

396 791 639 874 Liternum)
677 792 851 876 Rehdiger.
868 793 919 852 uti
937 793 1103 856 Boccatins
1121 790 1143 854 l.
1161 813 1194 857 v.
1216 787 1346 852 Tuscum

320 912 406 954 mare
424 893 629 964 Liutnrutm.·
654 893 747 978 Prag.
772 895 979 968 ttnuumunn
1005 893 1100 958 Parii.
1119 909 1152 973 3.
1177 895 1279 954 Havn.
1296 891 1345 952 lin·

320 994 473 1065 terniunr;
498 996 611 1076 reliqui
632 996 665 1055 in
683 999 721 1058 iic
738 997 834 1057 etiarn
855 993 1003 1059 Ciaccon.
1020 995 1167 1058 Venetus
1183 995 1345 1062 Liternum,

320 1109 445 1155 tantum
467 1094 614 1176 Vatic.5
649 1097 822 1160 litternurn.
874 1099 957 1160 Edd.
986 1119 1014 1158 r.
1045 1116 1075 1160 u.
1099 1119 1135 1176 9.
1160 1096 1346 1166 linteruiurn,·

322 1211 355 1275 5.
376 1209 410 1276 4.
432 1210 465 1274 5.
491 1199 524 1260 6.
551 1214 583 1272 7.
608 1210 640 1278 8.
667 1217 699 1284 9.
728 1205 782 1261 ιό.
804 1219 861 1262 ιι.
885 1215 937 1261 rtt.
964 1201 1100 1280 reliquae
1121 1199 1157 1260 ad
1180 1198 1346 1258 Gronoviu-

318 1319 394 1361 nurn
416 1309 476 1378 42.
531 1302 610 1362 lnde
631 1300 667 1360 ab
691 1301 742 1363 ed.
765 1311 825 1380 44.
848 1316 1020 1382 praeeunte
1043 1301 1230 1368 neinotdto.
1255 1298 1346 1357 Liter-

318 1421 405 1461 uum.
459 1403 505 1462 tn
529 1402 632 1464 hicet
654 1403 686 1462 in
710 1403 866 1466 Cicerone
889 1403 926 1462 ad
950 1404 1043 1464 Attic.
1076 1423 1130 1472 sn,
1158 1423 1169 1460 ι
1180 1415 1211 1480 5.
1243 1400 1345 1480 reponi

318 1501 449 1564 volebat
471 1503 617 1564 Heinsius
643 1505 680 1564 ad
707 1503 806 1568 ovid.
833 1505 965 1565 Merum.
999 1519 1052 1582 15,
1076 1514 1163 1583 714.
1190 1517 1222 1563 et
1243 1502 1277 1561 ul
1296 1501 1346 1562 Sil.

318 1605 386 1666 lut.
410 1605 442 1668 6.
467 1606 551 1688 654.
579 1625 682 1685 neque
700 1608 790 1668 aliter
811 1626 850 1666 ex
871 1607 1042 1676 hocloco,
1069 1603 1173 1668 adfert
1189 1603 1345 1667 Cluverius

318 1708 353 1768 in
373 1707 441 1766 ltal.
460 1721 525 1770 ant.
550 1717 584 1786 4.
611 1727 640 1768 u.
665 1729 697 1788 p.
720 1719 825 1786 ¹098·
860 1721 892 1768 et
914 1728 931 1768 a
954 1708 1089 1768 librariis
1113 1709 1147 1766 in
1169 1705 1344 1766 Linternurn

318 1820 501 1888 corruptnm
523 1807 583 1870 elle
606 1810 695 1871 dicit.
748 1811 794 1870 lta
818 1809 907 1870 dedit
930 1811 1025 1870 etium
1053 1810 1085 1868 in
1109 1808 1264 1871 Cicerone
1284 1825 1308 1866 c.
1326 1805 1346 1866 l.

318 1909 457 1979 Ernesti,
484 1909 537 1970 etli
563 1910 603 1971 de
629 1912 735 1994 Agrar.
762 1926 794 1980 Ω,
818 1923 875 1986 25.
903 1911 990 1979 idern
1009 1910 1195 1970 Linternum
1216 1907 1345 1988 reliquit.

318 2009 482 2072 Liternum
499 2013 595 2072 etium
616 2010 750 2072 scribunt
773 2013 806 2071 in
830 2013 897 2072 aliis
914 2013 1039 2073 codices
1055 2013 1218 2080 meliores,
1252 2008 1347 2069 veluti

316 2113 350 2170 in
375 2112 470 2176 Livio
489 2127 546 2191 25.
570 2127 628 2191 55,
657 2127 691 2190 5.
717 2126 849 2174 notante
866 2115 998 2197 Sigoniu
1016 2125 1048 2174 et
1065 2113 1153 2183 alibi,
1179 2127 1210 2174 et
1231 2112 1268 2172 src
1288 2111 1345 2170 linc

317 2213 476 2276 varietatis
496 2215 616 2274 indicio
637 2215 724 2274 dedit
745 2215 777 2274 in
802 2213 915 2276 Orofio
935 2223 969 2294 4,
995 2233 1052 2276 20.
1076 2234 1108 2296 p.
1129 2225 1214 2292 274.
1236 2214 1346 2272 Havet-

316 2333 457 2394 campus.
512 2317 584 2377 Vid.
602 2315 764 2378 Drakenb.
781 2317 818 2376 ud
836 2317 908 2376 Liv.
929 2333 985 2386 22,
1009 2317 1062 2385 16,
1080 2326 1115 2392 4.
1148 2315 1190 2377 N.
1209 2313 1346 2375 Heinsrns

315 2403 354 2476 nl
372 2416 428 2478 Sil.
454 2417 522 2478 ital.
539 2436 566 2478 c.
583 2417 604 2478 1.
631 2431 664 2479 et
689 2434 722 2492 7,
747 2429 829 2499 278.
864 2417 993 2479 Corrud.
1015 2418 1054 2478 cul
1076 2415 1181 2480 Cicer.
1203 2417 1239 2476 acl
1259 2415 1346 2475 unic.

315 2537 342 2577 c.
361 2517 382 2579 l.
420 2518 600 2602 Weileling.
627 2520 665 2580 ad
688 2522 842 2582 Antonin.
866 2521 971 2582 itiner.
994 2539 1024 2600 p.
1046 2533 1125 2596 125.
1161 2520 1292 2579 Torren.
1311 2513 1346 2574 ad

315 2617 421 2682 Valet.
447 2620 533 2683 Max.
556 2637 587 2692 α,
619 2641 672 2692 10,
700 2637 732 2682 u.
792 2622 955 2682 Liternum
983 2621 1079 2680 etiarn
1103 2621 1156 2679 dut
1187 2620 1248 2680 tab.
1273 2617 1346 2677 Peu-

315 2721 430 2805 tinger.
454 2734 487 2798 5.
504 2723 542 2784 E.
595 2725 685 2783 Tum
705 2725 893 2785 confirmant
911 2722 1033 2791 Graeci,
1060 2719 1177 2782 Strabo
1202 2733 1233 2798 5.
1257 2739 1287 2801 p.
1303 2738 1343 2778 rn.

320 2823 401 2899 163.
420 2821 440 2886 l.
460 2834 542 2903 243.
565 2821 749 2910 Asircpvou,
777 2825 910 2904 Appian.
928 2824 967 2885 de
983 2824 1020 2884 B.
1038 2821 1111 2884 civ.
1135 2845 1164 2894 1,
1185 2838 1242 2907 39.
1277 2819 1344 2880 Pto-

315 2923 390 2986 lem.
411 2939 441 3004 5,
470 2947 498 2986 ι.
522 2923 683 3012 Λίτερνον.
735 2927 882 3006 Denique
905 2925 1025 2986 accedit
1044 2937 1138 2986 vetut
1160 2941 1289 2991 nnrnut,
1314 2921 1345 2978 in

314 3047 379 3104 qno
403 3025 472 3088 osce
501 3025 684 3108 inscriptum
712 3028 829 3110 legitur
860 3026 1090 3087 Cnmelternum
1115 3045 1190 3085 cum
1214 3025 1344 3088 Concor·

314 3127 384 3188 diae
399 3130 510 3212 Signo,
536 3149 596 3211 qua
612 3130 684 3190 illae
701 3129 794 3188 urbes
811 3129 1000 3190 coniunctae
1018 3125 1160 3189 fuerunt.

394 3277 631 3342 Volturnus
653 3313 700 3328 -·
726 3277 1001 3359 Volturnum)
1040 3261 1238 3340 vindobon.
1257 3277 1343 3356 Prag.

314 3379 453 3462 Rehntg.
476 3395 554 3462 puto
577 3384 672 3442 etiam
687 3381 843 3450 Vaticani,
871 3378 965 3440 Paris.
989 3397 1018 3440 2.
1038 3391 1072 3456 3.
1099 3379 1130 3436 V
1132 3393 1217 3440 enct.
1243 3379 1341 3437 Harn.

314 3501 387 3540 cnm
410 3481 484 3542 edd.
500 3484 649 3545 omnibus
663 3485 701 3544 ad
718 3494 777 3561 42.
802 3497 961 3565 praeterea
974 3480 1194 3541 Reinolrlianis
1219 3477 1254 3538 V
1253 3477 1343 3537 ultur-

314 3602 374 3641 nur
397 3615 444 3628 -
468 3581 659 3644 Vulturnum
669 3607 681 3656 ;
713 3585 887 3646 Mediolan.
913 3581 1000 3644 voss.
1028 3601 1057 3644 1.
1087 3581 1173 3642 Gurl.
1199 3579 1341 3640 l'erizon.

314 3683 422 3746 Cibin.
441 3684 534 3746 Paris.
556 3705 585 3748 ι.
610 3685 693 3768 Lips.
712 3685 760 3748 bis
775 3707 830 3767 per
846 3707 874 3755 0,
900 3687 950 3744 uti
969 3684 1044 3743 inde
1060 3683 1098 3742 ab
1115 3683 1165 3743 ed.
1184 3692 1244 3760 44.
1268 3691 1344 3740 cete·

313 3805 376 3846 rae.
432 3785 610 3848 Vulturnus
635 3789 766 3869 quidem
790 3785 970 3868 praeferunt
995 3784 1070 3844 alibi
1096 3784 1196 3843 modo
1225 3799 1342 3842 omnes.

313 3887 413 3947 modo
433 3887 536 3968 plnres
555 3888 638 3950 libri.
675 3889 747 3950 Vid.
764 3891 802 3948 ad
820 3889 890 3948 Liv.
910 3901 967 3966 23,
990 3887 1047 3964 56.
1063 3882 1084 3945 f.
1107 3897 1141 3945 et
1162 3883 1248 3944 alibi.
1282 3880 1344 3946 Pli-

313 3987 388 4048 nius
419 4001 449 4065 5.
482 4006 516 4066 9.
540 3987 562 4050 l.
585 4003 617 4066 5.
651 3990 715 4052 fine
740 3991 917 4050 diverlitute
942 4007 999 4072 per
1025 4007 1056 4048 u.
1109 3985 1188 4046 Tab.
1217 3983 1343 4045 Peucin-

312 4107 378 4172 ger.
403 4099 434 4164 5.
454 4088 491 4150 E.
527 4089 643 4173 Geogr.
667 4093 813 4154 Ravenn.
832 4102 865 4172 4,
890 4105 947 4168 52.
970 4087 1162 4148 Bulturuum
1183 4085 1210 4146 B
1232 4082 1344 4166 prov.

311 4203 350 4248 ut
377 4187 474 4272 [sepe.
531 4191 712 4255 Vulturnus
739 4193 843 4254 scribit
866 4194 962 4254 etium
984 4189 1150 4252 Boccatins
1171 4187 1205 4248 h.
1229 4207 1261 4246 r.
1308 4183 1346 4244 At
