2788 4942
322 439 362 504 so
614 433 855 492 1011101111
898 431 1061 491 uncie

321 627 390 670 rem
414 607 588 669 lectionem
612 610 749 670 reduxit.
810 608 863 672 Sic
887 623 1053 688 utramque
1076 605 1208 670 formam
1231 602 1339 668 variant

320 709 394 770 libri
412 711 445 770 in
462 707 589 772 Caesare
607 711 646 771 de
660 711 697 772 B.
715 711 754 772 G.
774 729 804 780 1,
827 731 878 772 11.
896 725 974 772 extr.
1001 710 1055 770 ubi
1072 711 1126 770 alia
1146 711 1211 770 loca
1228 707 1341 768 notavit

322 829 395 872 curu
415 809 561 894 scriptura
585 833 640 894 per
659 813 695 872 X
708 813 967 893 Oudendorpius.
1005 809 1057 874 cf.
1074 813 1158 872 idem
1178 809 1215 870 ad
1232 809 1337 869 Lucan.

325 931 355 982 1,
379 923 463 990 421.
517 913 676 974 Neutrum
702 929 806 974 tamen
832 913 1010 995 [impliciter
1036 913 1122 974 reiici
1144 911 1247 972 debet.
1284 907 1340 970 Etfi

320 1015 408 1074 eninr
437 1013 470 1074 iu
497 1013 622 1085 multis,
663 1017 764 1076 veluti
790 1015 975 1076 Ptolemaeo
1001 1030 1033 1084 α,
1059 1029 1090 1088 7.
1118 1013 1254 1074 dubium
1277 1009 1340 1070 iacit

320 1113 423 1176 casnm
443 1131 583 1186 rectum,
610 1129 643 1178 et
663 1111 833 1188 Σιὶντωνες
848 1137 864 1175 a
881 1117 1042 1198 Stephano
1059 1115 1092 1178 h.
1115 1137 1146 1176 v.
1190 1107 1340 1184 Σᾶντονες

319 1235 336 1276 a
354 1217 511 1278 Marciano
535 1239 564 1299 p.
582 1228 642 1296 47.
660 1217 757 1280 liudi.
795 1219 950 1278 Santones
971 1239 988 1278 a
1004 1219 1109 1278 Plinio
1125 1228 1159 1296 4.
1178 1229 1236 1292 55.
1254 1213 1274 1274 s.
1292 1231 1338 1292 19.

319 1319 486 1380 Antonino
508 1321 541 1379 in
565 1321 636 1382 itin.
656 1341 687 1402 p.
711 1341 754 1380 m.
772 1331 857 1396 459.
894 1319 1042 1380 Boccatio
1063 1321 1103 1380 de
1124 1317 1262 1378 maribus
1278 1313 1297 1376 i.
1311 1334 1337 1372 1.

322 1419 477 1482 Gallicum
497 1418 655 1492 scribatur,
685 1421 766 1482 adest
783 1435 889 1482 tamen
911 1435 1020 1480 auctor
1038 1417 1245 1504 graviffiurus.
1269 1419 1337 1480 Stra·

319 1519 372 1590 bo.
402 1523 456 1602 qui
482 1522 536 1584 lib.
554 1533 587 1601 4.
608 1543 638 1604 p.
663 1538 741 1600 132.
762 1521 782 1584 i.
805 1543 884 1608 ¹9⁰·
905 1521 1038 1603 praefert
1057 1513 1238 1586 Envrouoi.
1262 1533 1289 1578 et
1305 1517 1337 1576 iic

318 1643 357 1684 ex
373 1623 491 1684 Latinis
510 1641 629 1705 praeter
646 1623 818 1692 (lactarem.
845 1622 951 1684 frustra
969 1622 1183 1688 sollicitatum.
1207 1637 1236 1681 et
1255 1621 1336 1679 Luta·

316 1723 565 1786 uurudufonius
587 1727 674 1808 epist.
697 1723 789 1787 rr.f.
822 1737 876 1800 15,
900 1747 952 1786 rr.
983 1739 1040 1800 24.
1060 1739 1119 1804 79.
1155 1722 1337 1786 etSidoniut

316 1807 491 1908 Apoliiuar.
510 1838 542 1902 8.
563 1847 614 1910 ep.
634 1829 666 1890 6.
685 1848 729 1888 ru.
765 1829 868 1888 immo
884 1827 904 1886 ii
926 1823 1100 1906 priscorum
1122 1837 1335 1886 monumento·

315 1947 386 1988 rum
420 1930 639 1990 auctoritatem
675 1929 841 1998 intuearis,
877 1929 1037 1988 santonos
1066 1929 1199 1989 exhibet
1224 1941 1334 1989 numus,

314 2049 410 2110 quern
436 2031 585 2109 puniuxit
614 2031 797 2091 Bouteroue
828 2032 861 2090 iu
892 2029 1077 2092 recherches
1112 2027 1268 2090 cunienses
1291 2027 1335 2084 des

314 2149 495 2206 ntounoyes
518 2132 557 2190 de
583 2131 698 2192 Frauce
722 2151 752 2212 p.
778 2145 836 2210 59.
864 2143 896 2191 et
921 2129 1046 2202 fimitis,
1082 2151 1183 2212 quern
1205 2123 1333 2211 expressit

312 2231 523 2313 Havercnmpi
542 2231 672 2294 Orosrns
687 2231 719 2302 6,
736 2247 768 2306 7.
793 2253 824 2314 p.
844 2245 926 2310 337.
954 2231 1009 2291 ubi
1030 2233 1120 2292 iilum
1146 2230 1332 2292 memoraris.

313 2329 363 2394 cf.
385 2331 504 2394 iiasche
522 2335 554 2394 iu
573 2333 648 2394 Lex.
664 2355 756 2394 num.
773 2335 814 2395 T.
828 2343 863 2412 4.
881 2333 918 2396 P.
935 2351 965 2394 o.
988 2355 1020 2416 p.
1042 2355 1094 2396 ro.
1122 2349 1160 2396 et
1178 2332 1292 2395 Eckhei
1306 2333 1333 2388 in

314 2433 457 2494 doctriua
482 2453 609 2496 nuutor.
626 2434 664 2498 P.
688 2457 716 2498 1.
734 2435 803 2497 Vol.
826 2455 854 2497 1.
878 2455 908 2514 p.
926 2437 985 2498 66.
1036 2435 1161 2496 Eadem
1187 2440 1332 2510 utriusque

312 2531 432 2596 formae
455 2537 585 2598 varietas
606 2535 788 2598 observatur
810 2539 842 2596 in
864 2535 941 2597 aliis.
993 2537 1044 2597 Sic
1066 2537 1222 2597 Teutones
1242 2537 1333 2595 dions·

313 2649 364 2695 tur
388 2651 420 2698 et
442 2637 587 2709 Teutoni,
616 2641 757 2700 Cavares
777 2651 810 2699 et
830 2635 962 2703 Conari.
998 2637 1048 2702 cf.
1074 2639 1283 2720 Oudendorp.
1301 2631 1331 2694 ad

312 2737 399 2801 Caes.
417 2739 455 2800 de
475 2739 511 2800 B.
529 2741 567 2803 G.
585 2755 617 2816 7,
634 2749 668 2819 4,
685 2753 720 2820 4.

388 2932 614 3032 osismus)
665 2945 764 3008 vanc.
795 2965 824 3009 ι.
859 2944 943 3028 csps.
977 2943 1164 3007 vsnsoson.
1189 2931 1332 3034 offismon

309 3041 404 3104 Paris.
430 3065 456 3109 ι.
481 3038 644 3136 offisrnios;
675 3045 769 3109 Parii.
794 3063 825 3112 2.
849 3051 997 3120 cosmon
1037 3048 1144 3110 Cibin.
1169 3047 1253 3106 Gud.
1275 3033 1332 3129 offi-

261 3141 266 3152 '
310 3163 393 3214 mos;
433 3145 604 3230 lieirldiger.
636 3143 795 3238 officiatum
841 3149 932 3234 Prag.
963 3146 1132 3241 occistnos;
1180 3148 1276 3208 Vatic.
1302 3155 1330 3218 5·

308 3235 456 3334 oxisrnos.
510 3247 591 3309 Edd.
615 3269 642 3310 1.
664 3265 697 3311 2.
716 3263 747 3328 5.
772 3261 806 3330 4.
827 3251 860 3312 6.
883 3267 915 3324 7.
934 3265 965 3330 8.
990 3269 1023 3330 9.
1052 3273 1105 3313 ιο.
1130 3271 1185 3312 ιι.
1210 3267 1262 3310 ro.
1283 3253 1330 3324 14·

314 3359 369 3420 15.
400 3361 454 3420 17.
483 3369 537 3427 19.
568 3367 623 3414 20.
650 3365 705 3430 25.
733 3363 789 3428 25.
813 3348 936 3434 (aliqua
957 3351 1166 3434 exemplaria)
1198 3353 1330 3414 vinetus

308 3446 631 3540 SchottusOflsmos;
656 3465 689 3530 5.
709 3444 879 3542 Onffmom
904 3457 1061 3516 vadianus
1076 3451 1330 3516 deditorismnu.

308 3563 341 3611 et
362 3549 401 3610 stc
425 3564 479 3628 18.
507 3568 563 3614 91.
584 3569 641 3615 22.
661 3565 717 3633 24.
738 3569 795 3632 25.
825 3557 900 3635 (alia
922 3559 1129 3638 exemplaria)
1153 3557 1210 3618 26.
1236 3551 1330 3612 omni·

307 3669 416 3731 noque
434 3651 599 3722 Vedianas,
616 3655 812 3718 Olivariauae
828 3671 870 3729 et,
891 3662 1029 3740 exceptis
1046 3660 1151 3719 Vineti
1168 3675 1198 3718 es
1213 3650 1329 3717 Schotti

306 3753 512 3824 editionibus,
536 3757 682 3836 reliquae.
719 3759 827 3826 Recte,
857 3759 874 3816 fi
898 3762 1003 3820 audias
1023 3761 1212 3822 Strabonem
1229 3756 1282 3815 lib.
1298 3763 1328 3830 4.

307 3875 338 3937 p.
362 3875 405 3918 m.
430 3873 509 3934 153.
534 3855 555 3919 l'.
581 3871 659 3937 195.
689 3860 741 3918 ubi
762 3856 937 3946 Ὀσίσμιοι,
965 3861 1100 3922 Ptolem.
1125 3876 1156 3928 2.
1180 3872 1213 3936 8.
1246 3850 1325 3920 Caes·

306 3959 397 4020 deii.
416 3959 455 4020 G.
475 3975 505 4029 2,
526 3967 584 4040 54.
616 3961 698 4021 Plin.
715 3973 749 4038 4,
773 3975 829 4040 32.
849 3961 868 4024 s.
893 3975 945 4039 18.
974 3961 1063 4024 Oros.
1081 3965 1113 4034 6,
1134 3973 1165 4040 8.
1193 3962 1230 4021 ad
1254 3973 1326 4040 quos

304 4060 343 4122 de
361 4061 586 4123 variationibus
602 4061 734 4124 obiectis
749 4062 933 4126 consulendi
951 4065 1011 4125 viri
1026 4065 1123 4128 docti.
1155 4065 1208 4126 Sic
1223 4065 1254 4124 in
1270 4057 1324 4120 ub.

304 4163 452 4248 Peutiug.
476 4185 505 4228 1.
524 4166 561 4225 Δ.
588 4161 717 4256 Ofistni.
754 4167 826 4228 vid.
847 4164 927 4228 infra
944 4169 981 4228 ad
1001 4181 1032 4247 5,
1052 4169 1084 4238 6,
1110 4179 1142 4247 5.
