2826 4936
192 313 200 339 '
308 355 367 402 m
612 341 853 403 aouaourt
890 342 1049 400 unuin

305 529 396 581 tutus
416 515 449 578 in
468 504 563 602 gio'iie
578 515 728 598 positum,
752 535 792 580 eo
807 515 954 590 deducat.
976 515 1139 578 dimittere
1159 513 1254 586 nolui.
1277 511 1326 578 eti

195 657 199 664 ·
306 637 369 683 nee
389 631 513 682 tertiare
533 619 695 682 damnem.

386 823 516 904 magis
540 818 685 906 prtem)
733 821 782 884 Ita
797 842 836 886 ex
854 820 914 885 iuis
928 821 1093 888 codicibus
1106 817 1331 884 referuntur.

311 923 437 994 eonius,
462 924 505 986 H.
526 922 705 1007 Stephanus
728 925 763 986 in
783 923 979 1007 praefatione
1002 939 1035 988 et
1049 924 1209 992 schottus.
1234 935 1264 984 et
1281 939 1331 1004 ego

311 1027 353 1090 de
378 1029 461 1088 meir
487 1025 597 1096 testor.
625 1037 758 1108 excepto
785 1027 909 1090 Veneto
936 1040 970 1088 et
994 1027 1103 1089 Hevn.
1134 1025 1189 1107 qui
1207 1019 1331 1084 habuiie

310 1127 464 1192 videntur
485 1129 663 1211 magisque,
695 1128 744 1188 uti
764 1127 839 1190 edd.
862 1149 891 1194 t.
921 1143 953 1193 2.
978 1141 1011 1206 3.
1036 1132 1071 1206 4.
1094 1138 1127 1206 5.
1153 1127 1187 1190 6.
1208 1139 1242 1198 7·
1257 1136 1330 1202 8·9·

317 1250 373 1292 ιο.
395 1244 449 1292 aa.
470 1239 526 1310 ¹4·
548 1231 601 1293 16.
622 1241 830 1309 18.19.2t.
853 1230 991 1312 reliquae
1006 1250 1082 1292 cum
1100 1227 1255 1295 Vedianie,
1277 1224 1331 1286 Oli·

312 1331 450 1393 varianie
473 1344 507 1393 et
527 1330 678 1404 Schottm
716 1349 771 1396 ιι.
794 1344 849 1409 15.
872 1347 928 1408 17.
953 1348 1010 1398 20.
1029 1346 1089 1411 23.
1112 1329 1253 1398 Vinctum
1274 1323 1331 1408 1³⁰st

312 1427 438 1494 Voffiue
453 1433 567 1514 aliique
585 1433 687 1513 mergit
706 1453 812 1516 quom.
835 1433 885 1494 uti
906 1435 1002 1496 etiem
1019 1434 1129 1496 voluit
1144 1429 1267 1492 maiorie
1283 1427 1332 1488 eie

313 1535 439 1620 gantiae
454 1532 541 1596 eausa
561 1534 595 1594 in
613 1530 807 1615 praefatione
825 1534 867 1597 H.
883 1535 1074 1618 Stephanus,
1100 1547 1134 1596 et
1150 1531 1216 1615 post
1233 1527 1331 1594 Salma-

316 1633 376 1697 fiue
390 1635 428 1696 ad
443 1635 545 1698 Solin.
560 1655 588 1698 c.
608 1636 662 1700 16.
673 1633 694 1704 i.
708 1650 766 1698 et.
787 1655 820 1717 p.
837 1657 882 1699 m.
901 1647 981 1716 147.
1005 1636 1093 1718 qnod
1110 1633 1195 1696 aliod
1213 1631 1247 1691 iit
1260 1627 1331 1690 iatie·

313 1751 372 1807 tae.
393 1737 479 1798 aliud
497 1737 656 1810 taedium
690 1737 775 1798 iiiam
793 1737 923 1819 quidem
939 1738 1088 1823 ingente
1107 1734 1200 1803 felici.
1222 1731 1331 1814 qualem

313 1837 476 1924 praedicet
502 1838 603 1910 Mela,
634 1835 708 1900 ferri
733 1837 836 1920 poiie,
867 1858 935 1902 uon
960 1841 1039 1902 item
1066 1839 1143 1900 hoe.
1199 1833 1330 1898 Sehouut

313 1953 480 2022 utramque
501 1939 674 2002 lectionem
695 1941 828 2022 perinde
847 1939 959 2011 habet,
985 1941 1074 2024 quod
1093 1959 1133 2002 ex
1155 1937 1245 2000 dietis
1263 1931 1329 1994 iudi·

314 2041 376 2102 eari
399 2039 511 2122 potest.
561 2040 704 2105 Averbo
724 2037 877 2106 habitarat
897 2042 931 2104 in
952 2041 1005 2106 ed.
1027 2039 1143 2108 Vineti
1165 2038 1268 2123 eapitis
1286 2050 1328 2112 19·

312 2139 357 2204 eii
378 2141 521 2207 initium.

381 2334 508 2436 semet
532 2336 635 2438 ipsi)
668 2345 776 2412 Cibin.
794 2351 842 2410 uti
857 2347 1015 2410 vadianus
1032 2367 1106 2410 cum
1125 2346 1175 2408 sua
1188 2339 1291 2406 farniiir
1299 2344 1327 2395 et

314 2446 433 2528 aliquae
453 2467 491 2510 ex
507 2447 699 2512 Olivarianie
721 2451 823 2512 veluti
842 2452 898 2513 26.
919 2469 975 2530 ²9·
991 2463 1050 2529 33.
1072 2449 1222 2532 Lugdun.
1241 2441 1325 2512 1605.

313 2547 450 2612 Vinetua
461 2539 562 2641 semet
583 2541 691 2641 ipson
715 2550 827 2633 reliqui
848 2552 972 2613 codices
988 2571 1064 2612 eum
1084 2545 1327 2612 editionibuare·

313 2649 435 2712 teribue
448 2641 550 2741 semet
568 2647 639 2742 ipfi.
685 2653 796 2723 Recte,
819 2671 886 2714 non
907 2653 992 2733 quoti
1015 2654 1181 2735 proprioru
1196 2649 1327 2708 fitaueto·

313 2771 386 2814 rum
408 2753 595 2814 Latinorum
617 2753 747 2815 diveriie
770 2753 887 2816 casibus
908 2753 960 2816 iiia
978 2755 1042 2815 duo
1064 2751 1252 2836 pronomina
1268 2759 1327 2802 eon·

314 2855 465 2938 iungere,
499 2855 546 2914 uti
568 2867 659 2936 putet
676 2853 860 2918 Gronovius
882 2855 918 2916 ad
941 2855 1073 2916 Livium
1092 2871 1124 2926 2,
1148 2873 1199 2938 ιι),
1222 2860 1252 2926 5·
1275 2839 1326 2902 affl·

314 2973 391 3036 que.
417 2973 498 3036 quoa
521 2955 566 3015 ibi
588 2971 744 3018 memorat
763 2956 1057 3024 Drakenborcbiue,
1083 2957 1138 3038 qui
1161 2953 1250 3015 etiam
1269 2959 1327 3004 eot-

315 3055 389 3116 dem
412 3053 496 3118 casua
516 3058 674 3128 admittit,
705 3059 832 3139 quando
856 3075 970 3118 omnee
993 3059 1119 3120 codices
1139 3069 1171 3118 et
1189 3047 1324 3116 editiones

314 3154 526 3219 consentiunt.
568 3158 621 3220 Est
637 3159 736 3229 euim,
760 3159 814 3220 ubi
835 3159 935 3218 iidem
951 3158 1119 3220 ueceiiario
1134 3155 1325 3236 requiruntur·

315 3257 394 3318 Vera
415 3259 494 3320 ratio
518 3259 649 3320 iudicari
672 3260 768 3322 debet
791 3280 829 3322 ex
854 3261 1054 3342 obpositione
1078 3261 1132 3322 vel
1152 3253 1261 3320 diserta.
1281 3239 1324 3304 “¹

313 3355 483 3441 subpressa,
517 3373 550 3422 et
571 3379 670 3424 nemo
693 3359 781 3422 facile
808 3376 919 3445 neget,
954 3359 1020 3442 ipio
1051 3359 1140 3422 sensu
1165 3359 1323 3431 dampere.

314 3461 416 3523 veluti
437 3461 545 3544 siquis
563 3460 592 3524 ie
613 3461 686 3545 ipie.
710 3465 762 3526 vel
782 3461 927 3545 seipsum
946 3463 1106 3525 occiderit.
1158 3458 1232 3542 Quis
1250 3447 1322 3512 enim

312 3575 405 3644 putet
432 3563 450 3620 ii
475 3563 609 3646 quiade
635 3563 738 3626 occiso
765 3565 1026 3648 interrogaverit:
1059 3565 1130 3645 quie
1153 3579 1223 3624 eum
1243 3555 1322 3614 inter·

313 3661 407 3735 fecit,
438 3685 536 3746 quem
559 3665 613 3726 iile
636 3663 811 3736 interfecit,
837 3663 1016 3748 promiscue
1036 3661 1212 3747 responderi
1231 3643 1319 3738 potet

314 3766 402 3830 Hine
423 3781 507 3829 recte
530 3767 715 3830 emendavit
729 3767 850 3829 Erneiii
866 3769 900 3828 in
914 3767 1062 3830 Ciceron.
1083 3785 1156 3849 epp.
1175 3763 1209 3826 ed
1224 3743 1319 3817 direti.

320 3888 348 3940 ¹,
364 3889 393 3931 ¹·
405 3871 450 3931 in·
468 3869 546 3930 milti
561 3865 631 3960 ipfi,
647 3869 718 3950 quia
734 3869 909 3952 obponitur
925 3871 1032 3930 ceteris
1047 3864 1194 3948 omnibus.
1209 3856 1256 3922 etfi
1267 3844 1316 3932 ἱΡῘθ

313 3972 437 4033 codices
455 3971 597 4042 malunt,
629 3989 711 4053 quoe
734 3985 842 4034 contra
860 3969 1038 4032 Erneiiium
1056 3968 1112 4033 iuo
1132 3983 1214 4030 more
1232 3963 1319 4020 tuetur

311 4073 489 4137 Schellerua
505 4075 539 4134 in
556 4071 725 4137 observatt.
746 4093 779 4158 p.
805 4085 883 4153 240.
915 4085 948 4135 et
972 4069 1095 4134 secutue
1117 4069 1160 4134 ett
1180 4054 1315 4128 Benedici·
