<?xml version="1.0" encoding="UTF-8"?>
<!DOCTYPE html PUBLIC "-//W3C//DTD XHTML 1.0 Transitional//EN"
    "http://www.w3.org/TR/xhtml1/DTD/xhtml1-transitional.dtd">
<html xmlns="http://www.w3.org/1999/xhtml" xml:lang="en" lang="en">
 <head>
  <title>
</title>
<meta http-equiv="Content-Type" content="text/html;charset=utf-8" />
  <meta name='ocr-system' content='tesseract 3.04.00' />
  <meta name='ocr-capabilities' content='ocr_page ocr_carea ocr_par ocr_line ocrx_word'/>
</head>
<body>
  <div class='ocr_page' id='page_1' title='image "./pomponiimelaede05melagoog_0734.png"; bbox 0 0 2826 4936; ppageno 0'>
   <div class='ocr_carea' id='block_1_1' title="bbox 329 421 1065 487">
    <p class='ocr_par' dir='ltr' id='par_1_1' title="bbox 329 421 1065 487">
     <span class='ocr_line' id='line_1_1' title="bbox 329 421 1065 487; baseline 0.007 -5"><span class='ocrx_word' id='word_1_1' title='bbox 329 421 388 484; x_wconf 73' lang='lat'><strong>206</strong></span> <span class='ocrx_word' id='word_1_2' title='bbox 618 425 860 486; x_wconf 72' lang='lat' dir='ltr'><strong>ronlt’otttt</strong></span> <span class='ocrx_word' id='word_1_3' title='bbox 903 429 1065 487; x_wconf 74' lang='lat' dir='ltr'><strong>Mem</strong></span> 
     </span>
    </p>
   </div>
   <div class='ocr_carea' id='block_1_2' title="bbox 325 589 1326 696">
    <p class='ocr_par' dir='ltr' id='par_1_2' title="bbox 325 589 1326 696">
     <span class='ocr_line' id='line_1_2' title="bbox 325 589 1326 696; baseline 0 -32"><span class='ocrx_word' id='word_1_4' title='bbox 325 601 383 672; x_wconf 75' lang='lat' dir='ltr'><strong>eli.</strong></span> <span class='ocrx_word' id='word_1_5' title='bbox 413 595 549 693; x_wconf 67' lang='lat' dir='ltr'><strong>Vytnu.</strong></span> <span class='ocrx_word' id='word_1_6' title='bbox 584 617 771 664; x_wconf 71' lang='lat' dir='ltr'><strong>annotare.</strong></span> <span class='ocrx_word' id='word_1_7' title='bbox 824 599 951 683; x_wconf 86' lang='lat' dir='ltr'><strong>Nempe</strong></span> <span class='ocrx_word' id='word_1_8' title='bbox 972 599 1099 696; x_wconf 68' lang='lat' dir='ltr'><strong>Vssnu</strong></span> <span class='ocrx_word' id='word_1_9' title='bbox 1117 616 1147 666; x_wconf 88' lang='lat' dir='ltr'><strong>et</strong></span> <span class='ocrx_word' id='word_1_10' title='bbox 1166 589 1269 692; x_wconf 83' lang='lat' dir='ltr'><strong>Visula</strong></span> <span class='ocrx_word' id='word_1_11' title='bbox 1283 621 1326 664; x_wconf 84' lang='lat' dir='ltr'><strong>va·</strong></span> 
     </span>
    </p>
   </div>
   <div class='ocr_carea' id='block_1_3' title="bbox 318 701 1328 1890">
    <p class='ocr_par' dir='ltr' id='par_1_3' title="bbox 318 701 1328 1890">
     <span class='ocr_line' id='line_1_3' title="bbox 323 701 1328 798; baseline -0.003 -32"><span class='ocrx_word' id='word_1_12' title='bbox 323 705 422 766; x_wconf 88' lang='lat' dir='ltr'><strong>riatur</strong></span> <span class='ocrx_word' id='word_1_13' title='bbox 443 704 526 786; x_wconf 88' lang='lat' dir='ltr'><strong>apud</strong></span> <span class='ocrx_word' id='word_1_14' title='bbox 545 703 628 766; x_wconf 89' lang='lat' dir='ltr'><strong>Plin.</strong></span> <span class='ocrx_word' id='word_1_15' title='bbox 643 713 678 780; x_wconf 84' lang='grc'><strong>4,</strong></span> <span class='ocrx_word' id='word_1_16' title='bbox 699 719 755 777; x_wconf 84' lang='lat'><strong>27.</strong></span> <span class='ocrx_word' id='word_1_17' title='bbox 775 701 797 764; x_wconf 86' lang='lat' dir='ltr'><strong>i.</strong></span> <span class='ocrx_word' id='word_1_18' title='bbox 818 717 874 784; x_wconf 77' lang='lat'><strong>15.</strong></span> <span class='ocrx_word' id='word_1_19' title='bbox 902 705 958 767; x_wconf 89' lang='lat' dir='ltr'><strong>ubi</strong></span> <span class='ocrx_word' id='word_1_20' title='bbox 980 707 1078 766; x_wconf 78' lang='lat' dir='ltr'><strong>etiem</strong></span> <span class='ocrx_word' id='word_1_21' title='bbox 1092 707 1212 788; x_wconf 89' lang='lat' dir='ltr'><strong>quidam</strong></span> <span class='ocrx_word' id='word_1_22' title='bbox 1227 703 1328 798; x_wconf 68' lang='lat' dir='ltr'><strong>istola:</strong></span> 
     </span>
     <span class='ocr_line' id='line_1_4' title="bbox 323 798 1327 897; baseline -0.002 -29"><span class='ocrx_word' id='word_1_23' title='bbox 323 798 454 897; x_wconf 76' lang='lat' dir='ltr'><strong>Insula,</strong></span> <span class='ocrx_word' id='word_1_24' title='bbox 482 818 613 868; x_wconf 83' lang='lat' dir='ltr'><strong>notante</strong></span> <span class='ocrx_word' id='word_1_25' title='bbox 633 805 818 876; x_wconf 82' lang='lat' dir='ltr'><strong>Harduino,</strong></span> <span class='ocrx_word' id='word_1_26' title='bbox 848 821 958 870; x_wconf 80' lang='lat' dir='ltr'>auctor</span> <span class='ocrx_word' id='word_1_27' title='bbox 977 806 1170 870; x_wconf 82' lang='lat' dir='ltr'><strong>demensum</strong></span> <span class='ocrx_word' id='word_1_28' title='bbox 1188 807 1327 869; x_wconf 78' lang='lat' dir='ltr'><strong>orbitter·</strong></span> 
     </span>
     <span class='ocr_line' id='line_1_5' title="bbox 323 899 1326 1000; baseline -0.004 -28"><span class='ocrx_word' id='word_1_29' title='bbox 323 928 385 978; x_wconf 87' lang='lat' dir='ltr'><strong>rae,</strong></span> <span class='ocrx_word' id='word_1_30' title='bbox 413 909 491 968; x_wconf 90' lang='lat' dir='ltr'><strong>dum</strong></span> <span class='ocrx_word' id='word_1_31' title='bbox 512 907 612 968; x_wconf 89' lang='lat' dir='ltr'><strong>Plinii</strong></span> <span class='ocrx_word' id='word_1_32' title='bbox 630 907 722 968; x_wconf 89' lang='lat' dir='ltr'><strong>illum</strong></span> <span class='ocrx_word' id='word_1_33' title='bbox 743 909 851 972; x_wconf 86' lang='lat' dir='ltr'><strong>lotum</strong></span> <span class='ocrx_word' id='word_1_34' title='bbox 872 911 1000 990; x_wconf 85' lang='lat' dir='ltr'><strong>repetit.</strong></span> <span class='ocrx_word' id='word_1_35' title='bbox 1051 899 1162 1000; x_wconf 65' lang='lat' dir='ltr'><strong>Bisula</strong></span> <span class='ocrx_word' id='word_1_36' title='bbox 1179 909 1283 994; x_wconf 82' lang='lat' dir='ltr'><strong>legitur</strong></span> <span class='ocrx_word' id='word_1_37' title='bbox 1300 908 1326 968; x_wconf 90' lang='lat' dir='ltr'><strong>in</strong></span> 
     </span>
     <span class='ocr_line' id='line_1_6' title="bbox 323 1009 1326 1092; baseline 0.001 -21"><span class='ocrx_word' id='word_1_38' title='bbox 323 1011 496 1076; x_wconf 77' lang='lat' dir='ltr'><strong>Ammiano</strong></span> <span class='ocrx_word' id='word_1_39' title='bbox 513 1023 571 1078; x_wconf 75' lang='lat' dir='ltr'><strong>to.</strong></span> <span class='ocrx_word' id='word_1_40' title='bbox 594 1021 628 1086; x_wconf 79' lang='lat'><strong>8.</strong></span> <span class='ocrx_word' id='word_1_41' title='bbox 661 1009 835 1092; x_wconf 77' lang='lat' dir='ltr'>probatque</span> <span class='ocrx_word' id='word_1_42' title='bbox 849 1009 1030 1074; x_wconf 54' lang='lat' dir='ltr'><strong>&#39;Cluverius</strong></span> <span class='ocrx_word' id='word_1_43' title='bbox 1050 1013 1085 1072; x_wconf 92' lang='lat' dir='ltr'><strong>iu</strong></span> <span class='ocrx_word' id='word_1_44' title='bbox 1108 1013 1208 1074; x_wconf 84' lang='lat' dir='ltr'>Germ.</span> <span class='ocrx_word' id='word_1_45' title='bbox 1224 1023 1281 1072; x_wconf 89' lang='lat' dir='ltr'><strong>ant.</strong></span> <span class='ocrx_word' id='word_1_46' title='bbox 1302 1023 1326 1088; x_wconf 76' lang='lat'><strong>5.</strong></span> 
     </span>
     <span class='ocr_line' id='line_1_7' title="bbox 322 1101 1326 1195; baseline 0.001 -25"><span class='ocrx_word' id='word_1_47' title='bbox 322 1129 383 1193; x_wconf 71' lang='lat'><strong>49.</strong></span> <span class='ocrx_word' id='word_1_48' title='bbox 402 1133 435 1195; x_wconf 88' lang='lat' dir='ltr'><strong>p.</strong></span> <span class='ocrx_word' id='word_1_49' title='bbox 450 1125 533 1186; x_wconf 73' lang='lat'><strong>717.</strong></span> <span class='ocrx_word' id='word_1_50' title='bbox 561 1112 595 1172; x_wconf 88' lang='lat' dir='ltr'><strong>in</strong></span> <span class='ocrx_word' id='word_1_51' title='bbox 612 1109 732 1172; x_wconf 84' lang='lat' dir='ltr'><strong>Graeco</strong></span> <span class='ocrx_word' id='word_1_52' title='bbox 747 1111 889 1182; x_wconf 86' lang='lat' dir='ltr'><strong>homine.</strong></span> <span class='ocrx_word' id='word_1_53' title='bbox 912 1116 1016 1194; x_wconf 92' lang='lat' dir='ltr'><strong>quiin</strong></span> <span class='ocrx_word' id='word_1_54' title='bbox 1032 1113 1156 1176; x_wconf 78' lang='lat' dir='ltr'><strong>Graecia</strong></span> <span class='ocrx_word' id='word_1_55' title='bbox 1170 1101 1326 1184; x_wconf 67' lang='lat' dir='ltr'><strong>Btorotilut</strong></span> 
     </span>
     <span class='ocr_line' id='line_1_8' title="bbox 322 1211 1326 1296; baseline -0.003 -21"><span class='ocrx_word' id='word_1_56' title='bbox 322 1214 494 1280; x_wconf 87' lang='lat' dir='ltr'><strong>invenerit.</strong></span> <span class='ocrx_word' id='word_1_57' title='bbox 547 1211 651 1274; x_wconf 83' lang='lat' dir='ltr'><strong>Nostri</strong></span> <span class='ocrx_word' id='word_1_58' title='bbox 675 1225 780 1274; x_wconf 89' lang='lat' dir='ltr'><strong>tamen</strong></span> <span class='ocrx_word' id='word_1_59' title='bbox 806 1214 917 1276; x_wconf 83' lang='lat' dir='ltr'><strong>Graeci</strong></span> <span class='ocrx_word' id='word_1_60' title='bbox 940 1232 997 1296; x_wconf 87' lang='lat' dir='ltr'><strong>per</strong></span> <span class='ocrx_word' id='word_1_61' title='bbox 1016 1235 1057 1278; x_wconf 85' lang='grc' dir='ltr'><strong>στ</strong></span> <span class='ocrx_word' id='word_1_62' title='bbox 1076 1215 1220 1284; x_wconf 83' lang='lat' dir='ltr'><strong>efferunt,</strong></span> <span class='ocrx_word' id='word_1_63' title='bbox 1249 1227 1277 1274; x_wconf 90' lang='lat' dir='ltr'><strong>et</strong></span> <span class='ocrx_word' id='word_1_64' title='bbox 1296 1211 1326 1272; x_wconf 84' lang='lat' dir='ltr'><strong>lu</strong></span> 
     </span>
     <span class='ocr_line' id='line_1_9' title="bbox 320 1311 1324 1398; baseline -0.006 -18"><span class='ocrx_word' id='word_1_65' title='bbox 320 1317 522 1380; x_wconf 74' lang='lat' dir='ltr'><strong>Ptolemaeus</strong></span> <span class='ocrx_word' id='word_1_66' title='bbox 541 1332 571 1383; x_wconf 82' lang='grc' dir='ltr'><strong>ιι,</strong></span> <span class='ocrx_word' id='word_1_67' title='bbox 595 1333 648 1377; x_wconf 93' lang='grc' dir='ltr'><strong>ιι.</strong></span> <span class='ocrx_word' id='word_1_68' title='bbox 676 1313 825 1378; x_wconf 83' lang='lat' dir='ltr'><strong>Martien.</strong></span> <span class='ocrx_word' id='word_1_69' title='bbox 842 1317 875 1374; x_wconf 93' lang='lat' dir='ltr'><strong>in</strong></span> <span class='ocrx_word' id='word_1_70' title='bbox 892 1316 1015 1398; x_wconf 85' lang='lat' dir='ltr'><strong>periplo</strong></span> <span class='ocrx_word' id='word_1_71' title='bbox 1029 1337 1061 1398; x_wconf 89' lang='lat' dir='ltr'><strong>p.</strong></span> <span class='ocrx_word' id='word_1_72' title='bbox 1078 1331 1134 1394; x_wconf 73' lang='lat'><strong>55.</strong></span> <span class='ocrx_word' id='word_1_73' title='bbox 1146 1329 1177 1378; x_wconf 85' lang='lat' dir='ltr'><strong>et</strong></span> <span class='ocrx_word' id='word_1_74' title='bbox 1191 1314 1229 1396; x_wconf 89' lang='lat' dir='ltr'><strong>lq.</strong></span> <span class='ocrx_word' id='word_1_75' title='bbox 1245 1311 1324 1376; x_wconf 87' lang='lat' dir='ltr'><strong>lludl.</strong></span> 
     </span>
     <span class='ocr_line' id='line_1_10' title="bbox 321 1406 1326 1492; baseline -0.005 -13"><span class='ocrx_word' id='word_1_76' title='bbox 321 1406 544 1488; x_wconf 79' lang='grc' dir='ltr'><strong>Οὐιστούλας,</strong></span> <span class='ocrx_word' id='word_1_77' title='bbox 571 1417 626 1478; x_wconf 87' lang='lat' dir='ltr'><strong>etli</strong></span> <span class='ocrx_word' id='word_1_78' title='bbox 641 1415 693 1476; x_wconf 86' lang='lat' dir='ltr'><strong>hic</strong></span> <span class='ocrx_word' id='word_1_79' title='bbox 713 1433 802 1478; x_wconf 88' lang='lat' dir='ltr'><strong>antea</strong></span> <span class='ocrx_word' id='word_1_80' title='bbox 818 1419 914 1479; x_wconf 89' lang='lat' dir='ltr'><strong>etiarn</strong></span> <span class='ocrx_word' id='word_1_81' title='bbox 934 1416 1039 1479; x_wconf 80' lang='lat' dir='ltr'><strong>scribit</strong></span> <span class='ocrx_word' id='word_1_82' title='bbox 1056 1407 1243 1492; x_wconf 77' lang='grc' dir='ltr'><strong>Οὐιστόλας.</strong></span> <span class='ocrx_word' id='word_1_83' title='bbox 1285 1416 1326 1477; x_wconf 86' lang='lat' dir='ltr'><strong>Sit</strong></span> 
     </span>
     <span class='ocr_line' id='line_1_11' title="bbox 321 1519 1322 1601; baseline -0.004 -21"><span class='ocrx_word' id='word_1_84' title='bbox 321 1533 354 1586; x_wconf 89' lang='lat' dir='ltr'><strong>et</strong></span> <span class='ocrx_word' id='word_1_85' title='bbox 386 1519 587 1601; x_wconf 77' lang='lat' dir='ltr'><strong>posteriores,</strong></span> <span class='ocrx_word' id='word_1_86' title='bbox 630 1519 731 1578; x_wconf 83' lang='lat' dir='ltr'><strong>veluti</strong></span> <span class='ocrx_word' id='word_1_87' title='bbox 766 1519 938 1581; x_wconf 85' lang='lat' dir='ltr'><strong>lornandee</strong></span> <span class='ocrx_word' id='word_1_88' title='bbox 972 1519 1012 1582; x_wconf 87' lang='lat' dir='ltr'><strong>de</strong></span> <span class='ocrx_word' id='word_1_89' title='bbox 1044 1520 1141 1582; x_wconf 76' lang='lat' dir='ltr'><strong>rebus</strong></span> <span class='ocrx_word' id='word_1_90' title='bbox 1166 1520 1234 1581; x_wconf 88' lang='lat' dir='ltr'><strong>(iet.</strong></span> <span class='ocrx_word' id='word_1_91' title='bbox 1256 1537 1279 1580; x_wconf 86' lang='lat' dir='ltr'><strong>t.</strong></span> <span class='ocrx_word' id='word_1_92' title='bbox 1297 1527 1322 1592; x_wconf 83' lang='lat'><strong>5.</strong></span> 
     </span>
     <span class='ocr_line' id='line_1_12' title="bbox 322 1617 1323 1705; baseline -0.008 -21"><span class='ocrx_word' id='word_1_93' title='bbox 322 1621 439 1705; x_wconf 78' lang='lat' dir='ltr'><strong>Geogr.</strong></span> <span class='ocrx_word' id='word_1_94' title='bbox 462 1620 608 1682; x_wconf 84' lang='lat' dir='ltr'><strong>llaveun.</strong></span> <span class='ocrx_word' id='word_1_95' title='bbox 631 1631 664 1698; x_wconf 76' lang='grc'><strong>4,</strong></span> <span class='ocrx_word' id='word_1_96' title='bbox 687 1629 721 1698; x_wconf 76' lang='grc'><strong>4.</strong></span> <span class='ocrx_word' id='word_1_97' title='bbox 751 1617 889 1705; x_wconf 77' lang='lat' dir='ltr'><strong>Vistula.</strong></span> <span class='ocrx_word' id='word_1_98' title='bbox 943 1620 1041 1704; x_wconf 86' lang='lat' dir='ltr'><strong>Quod</strong></span> <span class='ocrx_word' id='word_1_99' title='bbox 1074 1623 1151 1684; x_wconf 92' lang='lat' dir='ltr'><strong>olim</strong></span> <span class='ocrx_word' id='word_1_100' title='bbox 1174 1641 1211 1682; x_wconf 86' lang='lat' dir='ltr'><strong>ex</strong></span> <span class='ocrx_word' id='word_1_101' title='bbox 1238 1619 1323 1680; x_wconf 82' lang='lat' dir='ltr'><strong>nollro</strong></span> 
     </span>
     <span class='ocr_line' id='line_1_13' title="bbox 318 1711 1325 1814; baseline -0.006 -28"><span class='ocrx_word' id='word_1_102' title='bbox 318 1725 389 1786; x_wconf 85' lang='lat' dir='ltr'><strong>loeo</strong></span> <span class='ocrx_word' id='word_1_103' title='bbox 405 1723 468 1782; x_wconf 84' lang='lat' dir='ltr'><strong>viri</strong></span> <span class='ocrx_word' id='word_1_104' title='bbox 484 1723 571 1784; x_wconf 84' lang='lat' dir='ltr'><strong>docti</strong></span> <span class='ocrx_word' id='word_1_105' title='bbox 588 1711 704 1814; x_wconf 78' lang='lat' dir='ltr'><strong>Visula</strong></span> <span class='ocrx_word' id='word_1_106' title='bbox 724 1723 916 1804; x_wconf 86' lang='lat' dir='ltr'><strong>producunt,</strong></span> <span class='ocrx_word' id='word_1_107' title='bbox 940 1722 1084 1784; x_wconf 85' lang='lat' dir='ltr'><strong>dandum</strong></span> <span class='ocrx_word' id='word_1_108' title='bbox 1100 1722 1143 1786; x_wconf 81' lang='lat' dir='ltr'><strong>eli</strong></span> <span class='ocrx_word' id='word_1_109' title='bbox 1160 1723 1223 1786; x_wconf 79' lang='lat' dir='ltr'><strong>eius</strong></span> <span class='ocrx_word' id='word_1_110' title='bbox 1238 1720 1325 1783; x_wconf 84' lang='lat' dir='ltr'><strong>aeutit</strong></span> 
     </span>
     <span class='ocr_line' id='line_1_14' title="bbox 318 1823 525 1890; baseline -0.019 0"><span class='ocrx_word' id='word_1_111' title='bbox 318 1823 525 1890; x_wconf 86' lang='lat' dir='ltr'><strong>editionibua.</strong></span> 
     </span>
    </p>
   </div>
   <div class='ocr_carea' id='block_1_4' title="bbox 241 2025 1324 2315">
    <p class='ocr_par' dir='ltr' id='par_1_4' title="bbox 241 2025 1324 2315">
     <span class='ocr_line' id='line_1_15' title="bbox 394 2025 1324 2111; baseline -0.003 -22"><span class='ocrx_word' id='word_1_112' title='bbox 394 2025 505 2108; x_wconf 79' lang='lat' dir='ltr'><strong>abit)</strong></span> <span class='ocrx_word' id='word_1_113' title='bbox 544 2027 683 2090; x_wconf 80' lang='lat' dir='ltr'><strong>vindob.</strong></span> <span class='ocrx_word' id='word_1_114' title='bbox 701 2025 886 2111; x_wconf 73' lang='lat' dir='ltr'><strong>mptfiud.</strong></span> <span class='ocrx_word' id='word_1_115' title='bbox 905 2027 998 2092; x_wconf 81' lang='lat' dir='ltr'><strong>abiit.</strong></span> <span class='ocrx_word' id='word_1_116' title='bbox 1033 2029 1110 2092; x_wconf 81' lang='lat' dir='ltr'><strong>Post</strong></span> <span class='ocrx_word' id='word_1_117' title='bbox 1122 2028 1254 2092; x_wconf 83' lang='lat' dir='ltr'><strong>vindob.</strong></span> <span class='ocrx_word' id='word_1_118' title='bbox 1267 2043 1324 2088; x_wconf 85' lang='lat' dir='ltr'><strong>tum</strong></span> 
     </span>
     <span class='ocr_line' id='line_1_16' title="bbox 241 2127 1322 2224; baseline -0.004 -32"><span class='ocrx_word' id='word_1_119' title='bbox 241 2175 246 2182; x_wconf 84' lang='lat'>-</span> <span class='ocrx_word' id='word_1_120' title='bbox 317 2131 390 2193; x_wconf 88' lang='lat' dir='ltr'><strong>edd.</strong></span> <span class='ocrx_word' id='word_1_121' title='bbox 413 2149 442 2192; x_wconf 92' lang='grc' dir='ltr'><strong>ι.</strong></span> <span class='ocrx_word' id='word_1_122' title='bbox 463 2145 494 2194; x_wconf 87' lang='lat'><strong>2.</strong></span> <span class='ocrx_word' id='word_1_123' title='bbox 511 2145 546 2206; x_wconf 90' lang='grc'><strong>9.</strong></span> <span class='ocrx_word' id='word_1_124' title='bbox 568 2127 720 2221; x_wconf 71' lang='lat' dir='ltr'><strong>irfirum5</strong></span> <span class='ocrx_word' id='word_1_125' title='bbox 746 2130 853 2194; x_wconf 90' lang='lat' dir='ltr'><strong>Cibin.</strong></span> <span class='ocrx_word' id='word_1_126' title='bbox 878 2133 1015 2216; x_wconf 76' lang='lat' dir='ltr'><strong>Rehdig.</strong></span> <span class='ocrx_word' id='word_1_127' title='bbox 1031 2131 1182 2224; x_wconf 75' lang='lat' dir='ltr'><strong>hystrum,</strong></span> <span class='ocrx_word' id='word_1_128' title='bbox 1207 2145 1241 2193; x_wconf 90' lang='lat' dir='ltr'><strong>ut</strong></span> <span class='ocrx_word' id='word_1_129' title='bbox 1253 2128 1322 2192; x_wconf 86' lang='lat' dir='ltr'><strong>iulet.</strong></span> 
     </span>
     <span class='ocr_line' id='line_1_17' title="bbox 317 2231 938 2315; baseline 0.003 -21"><span class='ocrx_word' id='word_1_130' title='bbox 317 2232 444 2294; x_wconf 87' lang='lat' dir='ltr'><strong>Omitto</strong></span> <span class='ocrx_word' id='word_1_131' title='bbox 460 2231 641 2293; x_wconf 77' lang='lat' dir='ltr'><strong>editionum</strong></span> <span class='ocrx_word' id='word_1_132' title='bbox 657 2233 800 2315; x_wconf 84' lang='lat' dir='ltr'><strong>exempla</strong></span> <span class='ocrx_word' id='word_1_133' title='bbox 817 2231 938 2296; x_wconf 80' lang='lat' dir='ltr'><strong>similia.</strong></span> 
     </span>
    </p>
   </div>
   <div class='ocr_carea' id='block_1_5' title="bbox 302 2431 1374 4244">
    <p class='ocr_par' dir='ltr' id='par_1_5' title="bbox 302 2431 1374 4244">
     <span class='ocr_line' id='line_1_18' title="bbox 389 2431 1322 2522; baseline -0.004 -27"><span class='ocrx_word' id='word_1_134' title='bbox 389 2433 662 2516; x_wconf 80' lang='lat' dir='ltr'><strong>immittitur)</strong></span> <span class='ocrx_word' id='word_1_135' title='bbox 701 2435 802 2498; x_wconf 77' lang='lat' dir='ltr'><strong>ilatio.</strong></span> <span class='ocrx_word' id='word_1_136' title='bbox 816 2432 900 2517; x_wconf 84' lang='lat' dir='ltr'><strong>Lipi.</strong></span> <span class='ocrx_word' id='word_1_137' title='bbox 918 2435 1002 2498; x_wconf 88' lang='lat' dir='ltr'><strong>Gud.</strong></span> <span class='ocrx_word' id='word_1_138' title='bbox 1023 2433 1119 2522; x_wconf 84' lang='lat' dir='ltr'><strong>Prag.</strong></span> <span class='ocrx_word' id='word_1_139' title='bbox 1135 2437 1237 2501; x_wconf 90' lang='lat' dir='ltr'><strong>Cibin.</strong></span> <span class='ocrx_word' id='word_1_140' title='bbox 1254 2431 1322 2496; x_wconf 81' lang='lat' dir='ltr'><strong>ltel-</strong></span> 
     </span>
     <span class='ocr_line' id='line_1_19' title="bbox 315 2535 1320 2622; baseline -0.004 -24"><span class='ocrx_word' id='word_1_141' title='bbox 315 2539 415 2622; x_wconf 84' lang='lat' dir='ltr'><strong>diger.</strong></span> <span class='ocrx_word' id='word_1_142' title='bbox 440 2537 553 2598; x_wconf 89' lang='lat' dir='ltr'><strong>Venet.</strong></span> <span class='ocrx_word' id='word_1_143' title='bbox 577 2535 683 2607; x_wconf 84' lang='lat' dir='ltr'><strong>Havn.</strong></span> <span class='ocrx_word' id='word_1_144' title='bbox 709 2537 847 2600; x_wconf 89' lang='lat' dir='ltr'><strong>Vindob.</strong></span> <span class='ocrx_word' id='word_1_145' title='bbox 864 2538 1016 2608; x_wconf 79' lang='lat' dir='ltr'><strong>immittit.</strong></span> <span class='ocrx_word' id='word_1_146' title='bbox 1041 2541 1092 2600; x_wconf 91' lang='lat' dir='ltr'><strong>uti</strong></span> <span class='ocrx_word' id='word_1_147' title='bbox 1108 2541 1320 2602; x_wconf 83' lang='lat' dir='ltr'><strong>editionetun·</strong></span> 
     </span>
     <span class='ocr_line' id='line_1_20' title="bbox 314 2637 1321 2724; baseline -0.009 -24"><span class='ocrx_word' id='word_1_148' title='bbox 314 2657 383 2700; x_wconf 88' lang='lat' dir='ltr'><strong>tum</strong></span> <span class='ocrx_word' id='word_1_149' title='bbox 404 2657 471 2724; x_wconf 74' lang='lat' dir='ltr'><strong>non</strong></span> <span class='ocrx_word' id='word_1_150' title='bbox 489 2655 601 2698; x_wconf 78' lang='lat' dir='ltr'><strong>omnes</strong></span> <span class='ocrx_word' id='word_1_151' title='bbox 616 2637 654 2698; x_wconf 89' lang='lat' dir='ltr'><strong>ad</strong></span> <span class='ocrx_word' id='word_1_152' title='bbox 675 2651 733 2716; x_wconf 79' lang='lat'><strong>57.</strong></span> <span class='ocrx_word' id='word_1_153' title='bbox 757 2651 815 2718; x_wconf 77' lang='lat'><strong>38.</strong></span> <span class='ocrx_word' id='word_1_154' title='bbox 843 2637 1023 2700; x_wconf 87' lang='lat' dir='ltr'><strong>Parilienlea</strong></span> <span class='ocrx_word' id='word_1_155' title='bbox 1038 2637 1178 2702; x_wconf 87' lang='lat' dir='ltr'><strong>habuille</strong></span> <span class='ocrx_word' id='word_1_156' title='bbox 1193 2641 1321 2699; x_wconf 87' lang='lat' dir='ltr'><strong>videntur</strong></span> 
     </span>
     <span class='ocr_line' id='line_1_21' title="bbox 312 2738 1321 2823; baseline -0.006 -21"><span class='ocrx_word' id='word_1_157' title='bbox 312 2741 504 2809; x_wconf 85' lang='lat' dir='ltr'><strong>immittitur.</strong></span> <span class='ocrx_word' id='word_1_158' title='bbox 532 2738 618 2820; x_wconf 87' lang='lat' dir='ltr'><strong>quod</strong></span> <span class='ocrx_word' id='word_1_159' title='bbox 634 2741 777 2818; x_wconf 89' lang='lat' dir='ltr'><strong>primum</strong></span> <span class='ocrx_word' id='word_1_160' title='bbox 793 2741 881 2802; x_wconf 82' lang='lat' dir='ltr'><strong>dedit</strong></span> <span class='ocrx_word' id='word_1_161' title='bbox 896 2741 947 2803; x_wconf 89' lang='lat' dir='ltr'><strong>ed.</strong></span> <span class='ocrx_word' id='word_1_162' title='bbox 963 2757 1018 2820; x_wconf 83' lang='lat'><strong>19.</strong></span> <span class='ocrx_word' id='word_1_163' title='bbox 1034 2740 1106 2823; x_wconf 79' lang='lat' dir='ltr'><strong>poli</strong></span> <span class='ocrx_word' id='word_1_164' title='bbox 1120 2741 1252 2803; x_wconf 87' lang='lat' dir='ltr'><strong>Pintiani</strong></span> <span class='ocrx_word' id='word_1_165' title='bbox 1266 2753 1321 2798; x_wconf 89' lang='lat' dir='ltr'><strong>mo·</strong></span> 
     </span>
     <span class='ocr_line' id='line_1_22' title="bbox 313 2836 1321 2924; baseline -0.008 -20"><span class='ocrx_word' id='word_1_166' title='bbox 313 2846 387 2904; x_wconf 90' lang='lat' dir='ltr'><strong>nitu</strong></span> <span class='ocrx_word' id='word_1_167' title='bbox 407 2842 559 2904; x_wconf 81' lang='lat' dir='ltr'><strong>excitatur</strong></span> <span class='ocrx_word' id='word_1_168' title='bbox 575 2839 738 2910; x_wconf 86' lang='lat' dir='ltr'><strong>Schottua‚</strong></span> <span class='ocrx_word' id='word_1_169' title='bbox 764 2842 839 2902; x_wconf 88' lang='lat' dir='ltr'><strong>inde</strong></span> <span class='ocrx_word' id='word_1_170' title='bbox 858 2836 981 2904; x_wconf 83' lang='lat' dir='ltr'><strong>Voffiua</strong></span> <span class='ocrx_word' id='word_1_171' title='bbox 998 2855 1030 2904; x_wconf 92' lang='lat' dir='ltr'><strong>et</strong></span> <span class='ocrx_word' id='word_1_172' title='bbox 1045 2843 1170 2924; x_wconf 86' lang='lat' dir='ltr'><strong>reliqui.</strong></span> <span class='ocrx_word' id='word_1_173' title='bbox 1204 2855 1321 2904; x_wconf 76' lang='lat' dir='ltr'><strong>nztcuv·</strong></span> 
     </span>
     <span class='ocr_line' id='line_1_23' title="bbox 312 2937 1320 3030; baseline -0.005 -28"><span class='ocrx_word' id='word_1_174' title='bbox 312 2963 388 3006; x_wconf 82' lang='lat' dir='ltr'><strong>urttt.</strong></span> <span class='ocrx_word' id='word_1_175' title='bbox 439 2943 528 3026; x_wconf 81' lang='lat' dir='ltr'><strong>Lego</strong></span> <span class='ocrx_word' id='word_1_176' title='bbox 543 2941 735 3012; x_wconf 80' lang='lat' dir='ltr'><strong>immittitur.</strong></span> <span class='ocrx_word' id='word_1_177' title='bbox 755 2943 842 3003; x_wconf 88' lang='lat' dir='ltr'><strong>utin</strong></span> <span class='ocrx_word' id='word_1_178' title='bbox 855 2943 989 3004; x_wconf 82' lang='lat' dir='ltr'><strong>Thracia</strong></span> <span class='ocrx_word' id='word_1_179' title='bbox 1011 2937 1064 3030; x_wconf 73' lang='grc' dir='ltr'><strong>[α.</strong></span> <span class='ocrx_word' id='word_1_180' title='bbox 1085 2961 1118 3015; x_wconf 85' lang='lat'><strong>2,</strong></span> <span class='ocrx_word' id='word_1_181' title='bbox 1134 2938 1201 3030; x_wconf 89' lang='lat' dir='ltr'><strong>in.]</strong></span> <span class='ocrx_word' id='word_1_182' title='bbox 1224 2941 1320 3002; x_wconf 86' lang='lat' dir='ltr'><strong>oPon·</strong></span> 
     </span>
     <span class='ocr_line' id='line_1_24' title="bbox 312 3030 1318 3130; baseline -0.005 -25"><span class='ocrx_word' id='word_1_183' title='bbox 312 3046 371 3106; x_wconf 87' lang='lat' dir='ltr'><strong>tici</strong></span> <span class='ocrx_word' id='word_1_184' title='bbox 386 3041 503 3110; x_wconf 71' lang='lat' dir='ltr'><strong>‚ternu</strong></span> <span class='ocrx_word' id='word_1_185' title='bbox 528 3031 646 3130; x_wconf 86' lang='lat' dir='ltr'><strong>fronte</strong></span> <span class='ocrx_word' id='word_1_186' title='bbox 672 3064 767 3124; x_wconf 85' lang='lat' dir='ltr'><strong>usque</strong></span> <span class='ocrx_word' id='word_1_187' title='bbox 800 3045 833 3104; x_wconf 89' lang='lat' dir='ltr'><strong>in</strong></span> <span class='ocrx_word' id='word_1_188' title='bbox 859 3043 1005 3126; x_wconf 75' lang='lat' dir='ltr'><strong>Illyricos</strong></span> <span class='ocrx_word' id='word_1_189' title='bbox 1037 3047 1163 3125; x_wconf 83' lang='lat' dir='ltr'><strong>penitus</strong></span> <span class='ocrx_word' id='word_1_190' title='bbox 1195 3030 1318 3130; x_wconf 78' lang='lat' dir='ltr'><strong>immiffit.</strong></span> 
     </span>
     <span class='ocr_line' id='line_1_25' title="bbox 310 3137 1374 3232; baseline -0.004 -27"><span class='ocrx_word' id='word_1_191' title='bbox 310 3145 396 3206; x_wconf 90' lang='lat' dir='ltr'><strong>Nam</strong></span> <span class='ocrx_word' id='word_1_192' title='bbox 418 3147 452 3204; x_wconf 93' lang='lat' dir='ltr'><strong>in</strong></span> <span class='ocrx_word' id='word_1_193' title='bbox 480 3144 594 3227; x_wconf 81' lang='lat' dir='ltr'><strong>agendi</strong></span> <span class='ocrx_word' id='word_1_194' title='bbox 619 3142 844 3228; x_wconf 81' lang='lat' dir='ltr'><strong>significatione</strong></span> <span class='ocrx_word' id='word_1_195' title='bbox 866 3147 899 3206; x_wconf 91' lang='lat' dir='ltr'><strong>in</strong></span> <span class='ocrx_word' id='word_1_196' title='bbox 921 3145 1030 3208; x_wconf 86' lang='lat' dir='ltr'><strong>Creta:</strong></span> <span class='ocrx_word' id='word_1_197' title='bbox 1056 3139 1256 3232; x_wconf 80' lang='lat' dir='ltr'><strong>[o,7,1r.]</strong></span> <span class='ocrx_word' id='word_1_198' title='bbox 1285 3137 1320 3201; x_wconf 82' lang='lat' dir='ltr'><strong>ad</strong></span> <span class='ocrx_word' id='word_1_199' title='bbox 1373 3163 1374 3168; x_wconf 48' lang='lat'>¹</span> 
     </span>
     <span class='ocr_line' id='line_1_26' title="bbox 312 3235 1374 3336; baseline -0.004 -28"><span class='ocrx_word' id='word_1_200' title='bbox 312 3243 470 3308; x_wconf 78' lang='lat' dir='ltr'><strong>Orientem</strong></span> <span class='ocrx_word' id='word_1_201' title='bbox 491 3247 738 3325; x_wconf 81' lang='lat' dir='ltr'><strong>promontorium</strong></span> <span class='ocrx_word' id='word_1_202' title='bbox 759 3247 940 3307; x_wconf 82' lang='lat' dir='ltr'><strong>Samonium</strong></span> <span class='ocrx_word' id='word_1_203' title='bbox 961 3245 1005 3306; x_wconf 80' lang='lat' dir='ltr'><strong>nd</strong></span> <span class='ocrx_word' id='word_1_204' title='bbox 1027 3247 1214 3310; x_wconf 81' lang='lat' dir='ltr'><strong>occidentem</strong></span> <span class='ocrx_word' id='word_1_205' title='bbox 1234 3235 1319 3332; x_wconf 75' lang='grc' dir='ltr'><strong>Κριοῦ</strong></span> <span class='ocrx_word' id='word_1_206' title='bbox 1373 3289 1374 3336; x_wconf 57' lang='lat' dir='ltr'><strong>i</strong></span> 
     </span>
     <span class='ocr_line' id='line_1_27' title="bbox 308 3342 1320 3436; baseline -0.008 -26"><span class='ocrx_word' id='word_1_207' title='bbox 308 3342 457 3436; x_wconf 78' lang='grc' dir='ltr'><strong>μέτωπον</strong></span> <span class='ocrx_word' id='word_1_208' title='bbox 478 3345 632 3408; x_wconf 87' lang='lat' dir='ltr'><strong>immittit.</strong></span> <span class='ocrx_word' id='word_1_209' title='bbox 684 3347 789 3408; x_wconf 85' lang='lat' dir='ltr'><strong>Pollet</strong></span> <span class='ocrx_word' id='word_1_210' title='bbox 812 3347 907 3410; x_wconf 86' lang='lat' dir='ltr'><strong>etiam</strong></span> <span class='ocrx_word' id='word_1_211' title='bbox 923 3347 996 3432; x_wconf 87' lang='lat' dir='ltr'><strong>legi,</strong></span> <span class='ocrx_word' id='word_1_212' title='bbox 1020 3367 1079 3410; x_wconf 89' lang='lat' dir='ltr'><strong>nec</strong></span> <span class='ocrx_word' id='word_1_213' title='bbox 1095 3349 1185 3418; x_wconf 81' lang='lat' dir='ltr'><strong>male,</strong></span> <span class='ocrx_word' id='word_1_214' title='bbox 1207 3347 1270 3416; x_wconf 86' lang='lat' dir='ltr'><strong>init,</strong></span> <span class='ocrx_word' id='word_1_215' title='bbox 1290 3355 1320 3404; x_wconf 90' lang='lat' dir='ltr'><strong>ut</strong></span> 
     </span>
     <span class='ocr_line' id='line_1_28' title="bbox 307 3437 1320 3538; baseline -0.004 -28"><span class='ocrx_word' id='word_1_216' title='bbox 307 3447 388 3510; x_wconf 79' lang='lat' dir='ltr'><strong>inira</strong></span> <span class='ocrx_word' id='word_1_217' title='bbox 405 3451 446 3510; x_wconf 89' lang='lat' dir='ltr'><strong>de</strong></span> <span class='ocrx_word' id='word_1_218' title='bbox 465 3447 597 3508; x_wconf 83' lang='lat' dir='ltr'><strong>Arabico</strong></span> <span class='ocrx_word' id='word_1_219' title='bbox 614 3451 699 3510; x_wconf 86' lang='lat' dir='ltr'><strong>linu:</strong></span> <span class='ocrx_word' id='word_1_220' title='bbox 727 3445 740 3536; x_wconf 93' lang='lat'><strong>[</strong></span> <span class='ocrx_word' id='word_1_221' title='bbox 751 3461 782 3527; x_wconf 80' lang='lat'><strong>3.</strong></span> <span class='ocrx_word' id='word_1_222' title='bbox 800 3460 833 3526; x_wconf 78' lang='grc'><strong>8,</strong></span> <span class='ocrx_word' id='word_1_223' title='bbox 853 3443 906 3536; x_wconf 73' lang='grc'><strong>3.]</strong></span> <span class='ocrx_word' id='word_1_224' title='bbox 933 3450 1003 3510; x_wconf 87' lang='lat' dir='ltr'><strong>Init</strong></span> <span class='ocrx_word' id='word_1_225' title='bbox 1024 3453 1151 3529; x_wconf 83' lang='lat' dir='ltr'><strong>penitus</strong></span> <span class='ocrx_word' id='word_1_226' title='bbox 1172 3437 1320 3538; x_wconf 79' lang='lat' dir='ltr'><strong>introrsus·</strong></span> 
     </span>
     <span class='ocr_line' id='line_1_29' title="bbox 304 3549 1374 3635; baseline -0.007 -24"><span class='ocrx_word' id='word_1_227' title='bbox 304 3571 379 3635; x_wconf 77' lang='lat' dir='ltr'><strong>que,</strong></span> <span class='ocrx_word' id='word_1_228' title='bbox 414 3549 489 3610; x_wconf 83' lang='lat' dir='ltr'><strong>dum</strong></span> <span class='ocrx_word' id='word_1_229' title='bbox 509 3551 683 3630; x_wconf 79' lang='lat' dir='ltr'><strong>Aegyptum</strong></span> <span class='ocrx_word' id='word_1_230' title='bbox 707 3562 767 3611; x_wconf 88' lang='lat' dir='ltr'><strong>etc.</strong></span> <span class='ocrx_word' id='word_1_231' title='bbox 813 3569 1010 3615; x_wconf 77' lang='lat' dir='ltr'><strong>ntu&#39;rtnnve.</strong></span> <span class='ocrx_word' id='word_1_232' title='bbox 1073 3553 1157 3615; x_wconf 79' lang='lat' dir='ltr'><strong>Vane</strong></span> <span class='ocrx_word' id='word_1_233' title='bbox 1179 3549 1220 3614; x_wconf 81' lang='lat' dir='ltr'><strong>ett</strong></span> <span class='ocrx_word' id='word_1_234' title='bbox 1237 3550 1318 3610; x_wconf 86' lang='lat' dir='ltr'><strong>altera</strong></span> <span class='ocrx_word' id='word_1_235' title='bbox 1373 3577 1374 3580; x_wconf 16' lang='grc' dir='ltr'><strong>ι</strong></span> 
     </span>
     <span class='ocr_line' id='line_1_30' title="bbox 307 3649 1317 3721; baseline -0.007 -7"><span class='ocrx_word' id='word_1_236' title='bbox 307 3652 488 3714; x_wconf 85' lang='lat' dir='ltr'><strong>emendatio</strong></span> <span class='ocrx_word' id='word_1_237' title='bbox 509 3663 541 3710; x_wconf 90' lang='lat' dir='ltr'><strong>et</strong></span> <span class='ocrx_word' id='word_1_238' title='bbox 561 3651 697 3713; x_wconf 88' lang='lat' dir='ltr'><strong>minime</strong></span> <span class='ocrx_word' id='word_1_239' title='bbox 717 3649 895 3721; x_wconf 71' lang='lat' dir='ltr'><strong>omeliaria,</strong></span> <span class='ocrx_word' id='word_1_240' title='bbox 920 3672 995 3714; x_wconf 89' lang='lat' dir='ltr'><strong>cum</strong></span> <span class='ocrx_word' id='word_1_241' title='bbox 1013 3665 1045 3716; x_wconf 89' lang='lat' dir='ltr'><strong>et</strong></span> <span class='ocrx_word' id='word_1_242' title='bbox 1063 3654 1186 3717; x_wconf 86' lang='lat' dir='ltr'><strong>codicea</strong></span> <span class='ocrx_word' id='word_1_243' title='bbox 1201 3672 1263 3714; x_wconf 81' lang='lat' dir='ltr'><strong>eam</strong></span> <span class='ocrx_word' id='word_1_244' title='bbox 1278 3667 1317 3708; x_wconf 85' lang='lat' dir='ltr'><strong>re·</strong></span> 
     </span>
     <span class='ocr_line' id='line_1_31' title="bbox 305 3747 1316 3837; baseline -0.004 -25"><span class='ocrx_word' id='word_1_245' title='bbox 305 3755 459 3837; x_wconf 87' lang='lat' dir='ltr'><strong>pudient,</strong></span> <span class='ocrx_word' id='word_1_246' title='bbox 484 3764 516 3812; x_wconf 89' lang='lat' dir='ltr'><strong>et</strong></span> <span class='ocrx_word' id='word_1_247' title='bbox 531 3753 695 3812; x_wconf 82' lang='lat' dir='ltr'><strong>immittere</strong></span> <span class='ocrx_word' id='word_1_248' title='bbox 710 3753 783 3814; x_wconf 83' lang='lat' dir='ltr'><strong>alias</strong></span> <span class='ocrx_word' id='word_1_249' title='bbox 798 3773 814 3814; x_wconf 89' lang='lat' dir='ltr'><strong>a</strong></span> <span class='ocrx_word' id='word_1_250' title='bbox 830 3753 934 3815; x_wconf 83' lang='lat' dir='ltr'><strong>nostro</strong></span> <span class='ocrx_word' id='word_1_251' title='bbox 950 3751 1176 3836; x_wconf 75' lang='lat' dir='ltr'><strong>inequentetur.</strong></span> <span class='ocrx_word' id='word_1_252' title='bbox 1211 3747 1316 3816; x_wconf 79' lang='lat' dir='ltr'><strong>Confer</strong></span> 
     </span>
     <span class='ocr_line' id='line_1_32' title="bbox 304 3848 1315 3936; baseline -0.003 -21"><span class='ocrx_word' id='word_1_253' title='bbox 304 3867 425 3936; x_wconf 85' lang='lat' dir='ltr'><strong>praeter</strong></span> <span class='ocrx_word' id='word_1_254' title='bbox 441 3855 507 3914; x_wconf 87' lang='lat' dir='ltr'><strong>loca</strong></span> <span class='ocrx_word' id='word_1_255' title='bbox 523 3869 771 3916; x_wconf 81' lang='lat' dir='ltr'><strong>commemorato</strong></span> <span class='ocrx_word' id='word_1_256' title='bbox 793 3875 820 3926; x_wconf 88' lang='lat' dir='ltr'><strong>r,</strong></span> <span class='ocrx_word' id='word_1_257' title='bbox 837 3873 869 3934; x_wconf 90' lang='lat'><strong>9.</strong></span> <span class='ocrx_word' id='word_1_258' title='bbox 884 3855 929 3918; x_wconf 90' lang='lat' dir='ltr'><strong>in.</strong></span> <span class='ocrx_word' id='word_1_259' title='bbox 956 3871 988 3926; x_wconf 89' lang='lat'><strong>2,</strong></span> <span class='ocrx_word' id='word_1_260' title='bbox 1002 3858 1035 3926; x_wconf 84' lang='lat'><strong>6,</strong></span> <span class='ocrx_word' id='word_1_261' title='bbox 1060 3875 1088 3920; x_wconf 87' lang='grc' dir='ltr'><strong>ι.</strong></span> <span class='ocrx_word' id='word_1_262' title='bbox 1119 3873 1150 3927; x_wconf 81' lang='lat'><strong>2,</strong></span> <span class='ocrx_word' id='word_1_263' title='bbox 1168 3873 1199 3931; x_wconf 85' lang='lat'><strong>7,</strong></span> <span class='ocrx_word' id='word_1_264' title='bbox 1214 3867 1244 3932; x_wconf 85' lang='lat'><strong>5.</strong></span> <span class='ocrx_word' id='word_1_265' title='bbox 1268 3848 1315 3914; x_wconf 84' lang='lat' dir='ltr'><strong>ubi</strong></span> 
     </span>
     <span class='ocr_line' id='line_1_33' title="bbox 303 3950 1315 4038; baseline -0.006 -20"><span class='ocrx_word' id='word_1_266' title='bbox 303 3957 344 4018; x_wconf 87' lang='lat' dir='ltr'><strong>de</strong></span> <span class='ocrx_word' id='word_1_267' title='bbox 360 3959 393 4016; x_wconf 85' lang='lat' dir='ltr'><strong>vi</strong></span> <span class='ocrx_word' id='word_1_268' title='bbox 413 3957 502 4016; x_wconf 76' lang='lat' dir='ltr'><strong>voi-,io</strong></span> <span class='ocrx_word' id='word_1_269' title='bbox 515 3953 614 4034; x_wconf 82' lang='lat' dir='ltr'><strong>eliqua</strong></span> <span class='ocrx_word' id='word_1_270' title='bbox 631 3953 781 4018; x_wconf 81' lang='lat' dir='ltr'><strong>adieram.</strong></span> <span class='ocrx_word' id='word_1_271' title='bbox 832 3957 938 4038; x_wconf 85' lang='lat' dir='ltr'><strong>Quare</strong></span> <span class='ocrx_word' id='word_1_272' title='bbox 954 3959 1016 4018; x_wconf 85' lang='lat' dir='ltr'><strong>iam</strong></span> <span class='ocrx_word' id='word_1_273' title='bbox 1033 3957 1111 4020; x_wconf 91' lang='lat' dir='ltr'><strong>olim</strong></span> <span class='ocrx_word' id='word_1_274' title='bbox 1126 3971 1207 4020; x_wconf 88' lang='lat' dir='ltr'><strong>recte</strong></span> <span class='ocrx_word' id='word_1_275' title='bbox 1220 3950 1315 4034; x_wconf 82' lang='lat' dir='ltr'><strong>Sepul-</strong></span> 
     </span>
     <span class='ocr_line' id='line_1_34' title="bbox 302 4053 1314 4142; baseline -0.003 -24"><span class='ocrx_word' id='word_1_276' title='bbox 302 4058 383 4118; x_wconf 82' lang='lat' dir='ltr'><strong>veda</strong></span> <span class='ocrx_word' id='word_1_277' title='bbox 413 4058 448 4116; x_wconf 89' lang='lat' dir='ltr'><strong>in</strong></span> <span class='ocrx_word' id='word_1_278' title='bbox 474 4053 561 4136; x_wconf 85' lang='lat' dir='ltr'><strong>epill.</strong></span> <span class='ocrx_word' id='word_1_279' title='bbox 588 4069 622 4134; x_wconf 81' lang='lat'><strong>3,</strong></span> <span class='ocrx_word' id='word_1_280' title='bbox 653 4071 708 4129; x_wconf 83' lang='lat'><strong>17.</strong></span> <span class='ocrx_word' id='word_1_281' title='bbox 736 4076 806 4118; x_wconf 88' lang='lat' dir='ltr'><strong>eam</strong></span> <span class='ocrx_word' id='word_1_282' title='bbox 839 4058 1100 4122; x_wconf 86' lang='lat' dir='ltr'><strong>emendationem</strong></span> <span class='ocrx_word' id='word_1_283' title='bbox 1127 4055 1314 4142; x_wconf 82' lang='lat' dir='ltr'><strong>improbarit·</strong></span> 
     </span>
     <span class='ocr_line' id='line_1_35' title="bbox 302 4153 1313 4244; baseline 0.003 -27"><span class='ocrx_word' id='word_1_284' title='bbox 302 4158 399 4243; x_wconf 84' lang='lat' dir='ltr'><strong>Quod</strong></span> <span class='ocrx_word' id='word_1_285' title='bbox 421 4157 493 4218; x_wconf 85' lang='lat' dir='ltr'><strong>rult</strong></span> <span class='ocrx_word' id='word_1_286' title='bbox 509 4158 701 4228; x_wconf 86' lang='lat' dir='ltr'><strong>immittitur,</strong></span> <span class='ocrx_word' id='word_1_287' title='bbox 729 4159 761 4217; x_wconf 92' lang='lat' dir='ltr'><strong>id</strong></span> <span class='ocrx_word' id='word_1_288' title='bbox 782 4160 912 4239; x_wconf 88' lang='lat' dir='ltr'><strong>quidem</strong></span> <span class='ocrx_word' id='word_1_289' title='bbox 937 4181 993 4244; x_wconf 87' lang='lat' dir='ltr'><strong>per</strong></span> <span class='ocrx_word' id='word_1_290' title='bbox 1015 4161 1167 4226; x_wconf 89' lang='lat' dir='ltr'><strong>librorum</strong></span> <span class='ocrx_word' id='word_1_291' title='bbox 1188 4153 1313 4239; x_wconf 66' lang='lat' dir='ltr'><strong>exempli</strong></span> 
     </span>
    </p>
   </div>
   <div class='ocr_carea' id='block_1_6' title="bbox 0 0 1418 4936">
    <p class='ocr_par' dir='ltr' id='par_1_6' title="bbox 0 0 1418 4936">
     <span class='ocr_line' id='line_1_36' title="bbox 0 0 1418 4936; baseline 0 6"><span class='ocrx_word' id='word_1_292' title='bbox 0 0 1418 4936; x_wconf 95' lang='lat' dir='ltr'><strong> </strong></span> 
     </span>
    </p>
   </div>
  </div>
 </body>
</html>
