2810 4944
353 400 443 458 ΗΒ.
470 401 509 458 rt.
553 399 586 459 (ι
614 401 665 460 vl.
707 399 785 468 §.5-
1027 409 1091 478 435

55 588 234 657 rorrnptnr3
253 589 333 636 tum
350 577 384 636 in
403 573 532 636 recensu
552 575 700 635 locorum
716 587 748 636 et
764 593 869 636 rerum
886 573 967 636 nihil
990 595 1087 658 quarn

52 677 153 736 Sohlm
178 691 256 739 ante
275 679 487 738 Tarraconem
520 679 613 758 ponit
640 677 772 738 Plinius.
834 679 964 738 Dimitti
989 683 1087 762 igitur

46 768 133 866 [oper
163 799 234 840 non
263 779 376 860 potell.
429 781 467 840 dt
498 779 581 838 male
614 779 654 838 stc
682 799 721 840 ex
757 778 880 862 vulgari
912 778 1086 842 distinctio-

51 900 86 940 ne
109 882 141 940 in
164 895 310 942 extrema
333 895 421 963 parte
446 879 553 940 haeret
575 893 606 940 et
632 879 776 962 languet.
814 879 900 960 quod
926 897 1086 962 reparatur

49 984 153 1059 aptiori
174 981 259 1050 [erle.
287 981 318 1052 fi.
346 997 465 1042 mutata
483 979 644 1050 incistone.
668 1000 787 1042 noveru
807 977 993 1042 sententiam
1010 985 1087 1048 inde

50 1085 235 1154 exordiens,
270 1085 319 1142 uti
344 1085 451 1144 locunt
478 1082 617 1143 nostrum
648 1083 744 1143 etiem
772 1083 930 1144 intellexit
958 1083 1086 1148 Perizo-

49 1185 112 1244 nior
131 1187 171 1244 ad
194 1205 224 1252 ι.
253 1203 283 1252 e,
308 1195 339 1260 5.
393 1181 492 1244 Pollu
512 1185 624 1250 etiarn.
652 1185 734 1244 stlic
756 1185 826 1244 eloe
849 1181 922 1246 ulus
942 1185 1086 1249 offendat

51 1305 81 1343 er
99 1285 168 1346 tls.
189 1287 314 1346 Veneto
333 1284 511 1347 substituere
526 1278 643 1376 supra.
667 1285 720 1345 etit
736 1277 838 1376 snper
851 1287 967 1346 eodem
984 1287 1084 1352 modo

49 1385 120 1446 inira
144 1401 177 1466 3,
208 1409 237 1458 ι,
260 1399 293 1465 8.
315 1387 492 1450 adhibetur.
545 1386 620 1449 1²0st
642 1387 727 1458 vidi,
761 1388 805 1448 ite
829 1387 892 1448 iem
916 1389 1085 1454 dilllnxille

48 1487 211 1551 Vinctum.

116 1639 294 1722 Iberus)
344 1641 428 1726 Lipl.
466 1641 640 1726 llehrliger.
673 1637 825 1722 hyberusr
864 1641 949 1705 Gud.
990 1643 1083 1728 Prrg.

48 1743 156 1804 l'enet.
188 1743 329 1806 vindob.
350 1742 491 1816 hiberum
530 1746 577 1802 uti
602 1743 726 1803 codices
755 1745 885 1823 qoldnnr
908 1745 989 1826 apud
1020 1747 1083 1810 tul.

48 1841 129 1904 cael.
147 1845 189 1904 de
208 1844 245 1907 Β.
263 1845 300 1906 C.
323 1865 349 1914 1,
374 1848 431 1908 60.
453 1867 496 1908 ut.
525 1859 556 1906 et
572 1845 646 1904 alibi
665 1846 761 1904 etiam
784 1847 815 1904 in
836 1843 1003 1917 semilibuet
1031 1844 1084 1908 lect

47 1959 73 2004 et
91 1943 229 2005 Hiberus
247 1947 279 2004 in
297 1966 373 2006 urna
395 1947 443 2007 bis
460 1947 542 2028 apud
561 1945 687 2008 Gruter.
706 1967 736 2026 p.
757 1943 841 2024 690.
864 1968 897 2008 n.
921 1959 951 2024 5.
976 1967 1084 2008 occur·

46 2049 92 2112 rit.
129 2063 164 2108 et
195 2047 255 2106 har:
281 2043 382 2108 forma
418 2049 568 2130 probatur
600 2049 695 2108 etiarn
723 2067 740 2108 a
766 2048 867 2107 doctie
892 2049 1083 2128 quibusdem

46 2151 128 2210 tide.
185 2147 239 2210 cf.
266 2148 474 2232 Oudendorp.
499 2149 536 2208 nd
561 2149 679 2209 Lucan.
708 2163 739 2216 2.
766 2159 823 2223 50.
865 2149 1015 2212 drntreu.
1043 2151 1084 2212 ad

47 2251 149 2314 lurel.
176 2251 262 2310 Vict.
288 2251 327 2310 de
351 2253 386 2312 V.
412 2252 436 2312 1.
463 2271 488 2312 c.
513 2263 572 2328 41.
592 2265 670 2311 extr.
722 2251 844 2310 Totum
870 2271 947 2312 vero
975 2251 1084 2313 locum

48 2351 80 2412 fic
93 2351 268 2434 componit
288 2353 399 2414 venet.
415 2343 516 2442 fitpra
531 2353 639 2432 iugens
655 2341 745 2442 iufra
758 2347 908 2439 Hiberas.
947 2351 1084 2416 insertae

47 2457 216 2533 particulae
235 2451 322 2514 ceula
341 2454 478 2536 adparet.

114 2595 414 2696 Dertosam)
466 2605 550 2688 Lipl.
576 2607 674 2670 Vntic.
699 2619 731 2684 3.
763 2605 846 2670 cod.
870 2605 975 2668 Fulvii
999 2607 1085 2688 apud

48 2706 272 2776 Curnonium,
309 2706 397 2790 Prag.
419 2699 568 2798 dorsum:
612 2707 749 2768 Vindob.
770 2696 934 2797 seorsum
975 2709 1085 2772 Cibin.

47 2803 226 2900 detorsuam·
253 2809 369 2888 reliqui
384 2803 538 2901 deorsum,
563 2811 611 2868 uti
625 2810 697 2870 edd.
715 2823 838 2870 reterre
856 2803 1086 2870 cum'vaoiane

47 2925 74 2970 et
89 2911 277 2974 Olivarianr
299 2923 413 2994 gente;
442 2925 564 2972 tentum
585 2925 643 2987 52.
670 2923 727 2988 57.
751 2899 890 3000 dorsum.
944 2911 981 2970 ln
1005 2929 1086 2974 vert.

47 3015 91 3074 ed.
112 3029 173 3085 27.
202 3012 299 3072 haece
334 3003 505 3103 Detusaru‚
528 3033 612 3073 nuuc
635 3010 753 3072 dicitur
775 3001 915 3102 Tertosa.
953 3011 1088 3074 Viuetut

46 3131 75 3176 et
107 3117 187 3176 hinc
223 3111 375 3176 schottus
408 3133 481 3174 cnm
515 3115 627 3176 ceterie
659 3109 868 3194 reposuerunt
899 3103 1086 3202 Dertosam.

46 3233 251 3278 rucnrcue.
303 3214 473 3276 Turnebue
495 3213 544 3292 [io
559 3211 678 3276 advers.
699 3213 753 3274 lib.
774 3223 830 3290 24.
848 3233 875 3274 c.
895 3215 970 3294 [pu]
995 3213 1087 3298 legit:

46 3311 224 3408 Dertosam
242 3316 390 3396 attingit.
417 3335 622 3378 crnccoutve.
676 3314 717 3375 H.
735 3313 913 3396 Stephanus
929 3309 984 3400 [iu
1002 3335 1093 3396 prae·

47 3417 163 3482 latione
188 3419 230 3478 nd
255 3411 394 3502 Metam]
418 3431 450 3478 et
474 3431 547 3478 ente
570 3417 660 3476 illum
685 3415 760 3478 Atlr.
776 3415 948 3478 Turnebur
970 3415 1090 3478 Derto-

41 3511 111 3610 sam
136 3541 200 3604 pro
221 3509 366 3610 deorsum
388 3517 557 3588 substituit,
591 3517 675 3599 quod
703 3517 786 3598 apud
811 3517 1001 3578 Strabonem
1032 3513 1088 3604 [5.

47 3643 75 3702 p.
96 3645 141 3684 m.
169 3641 255 3682 110.
273 3617 293 3682 l.
315 3615 416 3708 159.]
438 3621 512 3680 luric
534 3619 606 3680 urbi
629 3613 766 3704 [ueutpe
781 3637 818 3678 ex
837 3631 920 3678 certa
936 3617 1090 3698 Xylandri

48 3715 298 3808 emendatione]
325 3715 373 3784 ἐπ’
388 3711 475 3806 αὐτῇ
491 3719 535 3804 τῆ
551 3713 698 3796 διαβάσει
719 3717 778 3782 τοῦ
792 3711 940 3806 Ἴβηρος,
967 3721 999 3778 t'u
1021 3711 1091 3810 ipso

47 3827 130 3886 Iberi
150 3827 309 3892 traiectu,
342 3825 429 3885 locut
453 3825 558 3886 detur.
617 3823 659 3882 Et
682 3839 747 3882 non
772 3821 874 3880 multo
896 3819 964 3902 poll
986 3820 1090 3881 idem:

49 3923 79 3989 ἐν.
101 3925 137 3990 δὲ
159 3923 223 3990 τοῦ
247 3919 466 4012 Ταῤῥακῶνος
490 3917 540 3988 tr}
562 3916 620 3988 τὸν
643 3917 743 4008 πόρον
763 3919 824 3984 τοῦ
846 3913 978 4008 Ἴβηρος
1002 3917 1092 3984 κατὰ

49 4029 247 4115 deperirent
279 4023 385 4090 πόλιν.
445 4026 616 4088 Turnebus
645 4025 700 4086 lib.
729 4033 785 4100 at.
809 4043 836 4086 c.
860 4033 921 4101 4¹·
958 4021 1093 4084 similem
1144 4075 1148 4086 .

48 4133 159 4196 locum
178 4131 216 4192 in
237 4127 338 4193 Galba
355 4129 504 4193 Suetonii
524 4121 575 4216 [c.
595 4121 675 4210 to.]
700 4125 868 4188 emendat:
901 4144 942 4186 ae
956 4115 1094 4214 subinde

647 4227 706 4290 Ee
735 4241 758 4294 Β
