2810 4944
285 431 376 518 'uo
611 442 854 512 ronroun
888 441 1049 500 neure

311 615 360 675 uti
383 615 501 676 multae
519 615 688 680 editionea.
739 617 847 679 Prima
869 615 922 676 dat
937 636 977 676 err
995 615 1061 683 liis,
1087 613 1134 674 uti
1156 612 1223 694 poll
1238 609 1341 672 Vedia-

312 737 389 788 nue,
416 713 539 780 Voffiue
560 731 593 781 et
611 719 719 782 ceteri.
758 717 843 779 Nota
859 715 1035 778 commistio
1053 730 1085 778 et
1105 717 1197 778 levia.

387 887 479 948 Peu
496 908 513 946 c
529 885 571 968 e)
620 885 716 950 l'aril.
742 907 771 950 t.
793 883 978 948 Vindobon.
1005 885 1095 970 Prag.
1118 887 1233 944 Peuce.
1264 881 1342 943 Edrl.

318 1008 348 1050 r.
375 1004 408 1050 tt.
434 1008 527 1068 pum
561 989 594 1052 6.
619 1003 653 1060 7.
676 1001 709 1065 8.
733 991 826 1060 Pece;
859 1005 912 1066 ¹9·
938 989 1067 1050 Peucae.
1119 985 1182 1048 Sed
1209 984 1343 1064 plerique

313 1089 438 1150 codices
456 1089 567 1160 Pence,
595 1091 643 1150 uti
665 1091 729 1150 iarn
751 1091 869 1174 legitur
890 1089 925 1150 iu
945 1089 1018 1150 edd.
1040 1101 1073 1168 3.
1096 1096 1131 1170 4.
1156 1098 1190 1164 5.
1213 1099 1245 1147 et
1266 1085 1342 1144 aliie.

314 1189 369 1252 Gr.
398 1179 521 1278 Hanni).

394 1357 598 1442 Thynias)
649 1360 712 1420 llic
737 1361 864 1444 grauius
896 1358 1042 1422 variatur.
1095 1357 1225 1440 Nempe
1250 1353 1342 1415 Varie.

312 1459 408 1523 Parii.
436 1483 462 1522 ι.
495 1479 524 1524 a.
553 1475 585 1540 3.
617 1461 726 1524 Cibin.
751 1462 924 1545 llehrliger.
950 1461 1068 1520 habent
1093 1461 1233 1541 Cynicam
1268 1451 1342 1534 Lipl.

312 1561 406 1646 Prag.
434 1562 564 1632 Ciuins;
600 1561 683 1623 Gud.
708 1564 835 1635 Cinras3
871 1564 984 1624 Venet.
1016 1562 1123 1622 Havn.
1149 1563 1266 1640 opinor
1289 1555 1342 1635 Cy·

312 1681 400 1735 ruas;
429 1663 567 1724 Vindob.
590 1663 698 1726 Cirtas.
750 1665 802 1724 sic
824 1663 896 1725 erld.
926 1683 954 1728 t.
983 1681 1013 1724 a.
1039 1665 1158 1733 cimus;
1197 1675 1229 1739 5.
1255 1669 1288 1734 4.
1311 1667 1340 1730 5.

314 1781 348 1842 9.
378 1785 431 1825 ιι.
456 1785 574 1845 cyrnos.
628 1765 815 1826 Hermolaus
837 1765 990 1824 llarbarue
1012 1783 1071 1846 pro
1099 1763 1237 1843 Cyrnus,
1263 1757 1341 1839 quod

312 1867 494 1935 invenerat.
517 1863 572 1946 (in
596 1867 646 1926 erl.
673 1863 727 1946 5.)
757 1869 907 1927 emenrlat
935 1865 1093 1946 Tiryunias
1116 1885 1156 1924 ex
1185 1861 1341 1925 Strabone,

314 1961 392 2052 [lib.
415 1983 466 2026 re.
489 1987 521 2048 p.
540 1987 583 2026 nr.
604 1977 684 2046 374.
703 1963 724 2030 i.
745 1961 849 2052 Μ]
874 1967 1070 2042 Ptolemaeo,
1095 1961 1144 2050 [5.
1170 1957 1340 2049 1.]'Plinio

311 2067 367 2127 lib.
389 2078 420 2141 5.
447 2061 493 2152 [c.
514 2077 572 2144 44.
598 2065 619 2128 s.
639 2063 720 2154 52]
749 2069 923 2148 Tiryurn'as,
956 2067 1011 2128 etsi
1034 2085 1149 2126 omnes
1177 2063 1304 2144 simplici
1323 2079 1342 2116 rt

312 2167 460 2234 elleruut.
482 2167 593 2228 Strabo
610 2171 705 2229 etiam
723 2171 756 2228 in
774 2191 794 2231 α
814 2167 958 2246 (ouria)
982 2169 1140 2228 terminat.
1184 2165 1341 2226 Desierunt

311 2280 418 2328 tamen
441 2269 509 2330 eiua
532 2270 658 2330 monito
677 2269 817 2330 obsecuti
841 2271 1001 2352 Tiryunr'as
1017 2271 1153 2334 Stenus.
1177 2271 1265 2345 (ιο.)
1290 2263 1340 2322 ca·

311 2389 414 2436 mera,
448 2369 516 2430 utu.
537 2369 623 2432 lunt.
648 2372 819 2440 Vedianas,
847 2373 988 2451 itemque
1011 2369 1190 2436 Olivariue.
1218 2379 1339 2442 uterque

312 2491 385 2530 cum
401 2467 528 2533 familia.
559 2470 730 2554 Thymnias
744 2473 858 2553 placuit
874 2474 1019 2539 Schotto.
1037 2473 1122 2550 quod
1140 2483 1247 2530 tamen
1259 2479 1339 2527 autea

311 2571 374 2654 legi
403 2573 436 2630 in
460 2573 511 2632 ed.
537 2573 639 2655 Lugd.
668 2587 771 2650 1538.
796 2585 829 2651 g.
890 2575 1020 2634 Rectiue
1046 2573 1177 2631 tandem
1206 2572 1337 2630 Vinctus,

312 2667 435 2734 Vossius
452 2686 483 2734 et
500 2675 594 2734 ceteri
611 2689 797 2756 receperunt
819 2675 967 2755 Thynias,
991 2675 1037 2732 uti
1056 2693 1094 2732 ex
1112 2673 1292 2732 Ptolemaeo
1310 2676 1338 2724 ot

311 2775 475 2855 Stephano
509 2775 681 2858 legendum
719 2778 979 2856 pronuntiaverat
1009 2774 1188 2835 Pintianns.
1242 2772 1337 2851 Quam

311 2874 484 2936 lectionem
505 2877 537 2934 in
560 2877 670 2956 primis
692 2878 857 2937 confirmat
879 2877 1003 2936 Plinius
1021 2895 1046 2936 c.
1069 2875 1089 2936 l.
1117 2875 1173 2953 qni
1197 2873 1281 2932 idem
1304 2867 1338 2924 tle

312 2977 431 3057 duplici
454 2978 603 3046 nomine,
631 2977 684 3036 etli
711 2979 855 3060 paullum
884 2980 1052 3036 immutata
1080 2973 1200 3042 forma,
1234 2969 1336 3032 refert:

312 3067 446 3166 aduersa
472 3077 646 3157 Bithyniae
681 3079 836 3159 Thynias,
873 3100 968 3160 quam
1003 3073 1127 3136 barbari
1156 3072 1338 3152 Bithyniam

310 3191 441 3240 vocant.
497 3177 659 3260 Tityrntias
686 3192 791 3240 tamen
818 3193 850 3240 et
876 3181 921 3238 ibi
947 3179 1076 3259 quidam
1105 3175 1252 3236 l'cribunt.
1301 3169 1338 3230 et

313 3277 423 3338 Graeci
445 3280 550 3358 potine
571 3280 721 3340 audiendi
745 3279 826 3340 sunt.
866 3281 938 3341 Poll
958 3279 1065 3345 multi,
1090 3279 1175 3358 quod
1194 3278 1245 3342 lit,
1269 3270 1338 3333 illu·

312 3377 539 3446 riuudiuorrnu.
565 3381 597 3439 in
617 3381 732 3460 quibua
750 3381 922 3464 liehdiger.
948 3377 1031 3460 Lips.
1054 3378 1137 3440 Gud.
1171 3379 1224 3438 Sic
1242 3369 1336 3455 postea

312 3477 419 3541 Cibin.
443 3479 581 3542 Vindolr.
596 3479 772 3554 bertuinum
800 3481 883 3543 Gurl.
902 3479 1056 3549 bicinium
1082 3477 1219 3560 liehdig.
1235 3469 1337 3554 Bylli-
1361 3477 1363 3482 ’

311 3579 406 3650 nidu3
441 3579 531 3663 Prag.
556 3579 712 3645 bicliinda.
765 3583 847 3645 Edd.
873 3596 995 3643 veteres
1021 3581 1142 3640 multae
1163 3570 1335 3638 Bituinida.

312 3695 344 3740 et
376 3681 563 3761 Bytlrinida.
616 3685 705 3744 Tum
737 3685 843 3746 Havn.
870 3684 1047 3762 proximam
1075 3678 1191 3740 urbem.
1245 3677 1336 3736 Porro

312 3771 452 3843 Vindob.
478 3783 600 3844 omittit
623 3786 713 3866 qrria.
747 3799 780 3846 et
801 3803 859 3866 pro
880 3787 958 3868 quia
979 3783 1061 3847 cod.
1085 3772 1337 3860 circumponit

313 3897 361 3954 εις
388 3883 439 3946 ed.
464 3899 494 3947 2.
517 3905 614 3966 quare
630 3885 770 3948 Bituito.

474 4064 503 4139 §.
533 4075 566 4141 3.
619 4061 766 4145 dnae)
816 4061 955 4124 Vindob.
979 4059 1151 4142 Rehdiger.
1172 4053 1244 4116 dno.
1280 4045 1336 4111 tt·

311 4159 437 4245 spiratio
462 4165 590 4224 nomini
609 4157 772 4256 Bosporus
791 4166 870 4226 olim
893 4165 1004 4224 utitate
1028 4159 1146 4222 intrusa
1171 4161 1264 4220 etiam
1287 4149 1335 4210 hic
