2836 4940
303 405 363 474 sos
601 397 842 456 oonronrr
882 397 1040 456 unctu

303 572 526 642 Ciacconiorn.
560 571 692 654 opinor,
728 573 783 653 qui
816 571 916 634 vellet
953 565 1114 659 appofita.
1167 570 1341 650 Vtriusque

304 673 398 734 verbi
418 673 555 734 inritatio
578 673 726 736 solemnis
745 671 805 742 cst.
836 675 886 733 uti
909 673 1084 736 docuerunt
1103 685 1231 754 praeter
1249 671 1341 732 Mun·

304 774 436 838 ckernm
460 773 699 836 Drakenborch.
721 775 760 834 ad
777 775 832 838 Sil.
849 775 917 836 ital.
940 785 994 854 14.
1012 787 1095 853 335.
1119 787 1154 836 ct
1176 792 1261 855 quos
1278 793 1343 834 me·

304 890 423 946 morat,
450 875 657 958 Oudendorp.
674 875 713 936 od
734 875 853 939 anan.
874 897 902 947 r.
918 875 1004 956 464.
1031 877 1117 937 idom
1133 875 1173 936 od
1193 875 1341 938 Frontio.

306 989 467 1056 3.1o‚8.
504 977 651 1039 Heinsius
673 991 706 1038 ct
726 977 901 1040 Burmann.
920 979 959 1038 od
983 977 1081 1040 ovid.
1106 977 1195 1058 epist.
1225 992 1261 1050 7,
1289 996 1341 1038 ιο.

304 1078 429 1142 Aaron.
449 1091 482 1158 3,
499 1075 532 1148 6.
549 1093 582 1154 7.
602 1091 634 1140 ct
655 1078 718 1140 olii.
756 1079 810 1141 Sic
825 1079 917 1162 Prag.
938 1099 967 1150 ι,
987 1093 1041 1158 13,
1064 1095 1121 1141 20.
1164 1075 1289 1142 Sedes.
1305 1077 1340 1138 ad

307 1197 339 1248 a.
363 1199 391 1241 ι.
407 1180 451 1240 in.
478 1189 511 1240 ct
529 1196 560 1250 2,
579 1193 611 1256 7,
628 1197 662 1258 9.
702 1179 830 1242 Lubcns
845 1192 951 1240 tamon
969 1179 1023 1241 hic
1036 1179 1197 1242 adsentior
1212 1180 1340 1243 Schloc·

304 1299 377 1342 zero
394 1294 463 1340 tum
477 1295 604 1362 propter
618 1281 753 1351 codices.
778 1296 848 1342 turn
863 1282 948 1363 qnod
967 1282 1113 1343 mutandi
1129 1283 1238 1366 gravis
1256 1277 1339 1343 cauis

303 1402 371 1444 non
392 1383 507 1444 aderat.
561 1383 662 1444 Antea
683 1401 741 1464 pro
766 1383 856 1444 litori
883 1381 967 1464 Lips.
993 1383 1078 1445 Gud.
1107 1383 1200 1467 Prag.
1231 1383 1337 1445 Cibin.

304 1481 405 1547 litore.
442 1481 516 1546 Post
531 1481 705 1579 liehdigor.
728 1484 866 1547 Vindob.
890 1485 988 1566 grais.
1012 1497 1050 1546 ut
1070 1484 1147 1546 aiibi
1169 1487 1205 1546 in
1224 1484 1338 1548 nostro.

381 1687 430 1746 In
454 1708 513 1756 css,
539 1685 647 1770 quod
662 1717 710 1732 -
719 1686 738 1770 )
787 1687 948 1752 Delmino
965 1689 1189 1752 loci'lcctione
1203 1702 1239 1751 et
1255 1685 1340 1750 senio

305 1787 489 1869 disceptatio
505 1801 592 1848 mota
615 1787 657 1850 cst
678 1789 760 1851 inter
780 1791 867 1852 viros
883 1790 1006 1853 doctos.
1058 1792 1173 1852 Dicant
1195 1793 1340 1874 primum

304 1909 343 1952 cx
358 1889 499 1950 instituto
513 1891 624 1950 ordine
638 1891 677 1950 dc
693 1891 848 1952 librorum
865 1889 1024 1974 [criptura.
1052 1893 1203 1954 Cioccon.
1221 1887 1339 1952 omiffis

304 1990 437 2052 vocibus
457 1991 489 2050 in
513 2011 551 2050 ca
576 2003 678 2051 totum
699 1992 807 2054 locum
832 1992 871 2052 stc
891 1993 1061 2055 coniiruitt
1094 1991 1257 2053 celebrata
1277 2011 1340 2054 cor·

305 2089 457 2160 minibus,
482 2091 558 2171 quia
580 2089 623 2150 ibi
635 2082 691 2180 soi
712 2093 802 2174 longe
821 2085 990 2184 occasurus
1008 2085 1169 2185 exsurgit,·
1203 2091 1291 2156 von.
1309 2106 1339 2172 5.

302 2193 336 2254 s'u
354 2181 454 2279 sosoi
469 2190 576 2270 longc,·
597 2191 686 2275 Prog.
704 2195 736 2254 iu
751 2213 847 2276 eoque
861 2193 905 2254 ibi
918 2187 993 2286 solo
1000 2217 1013 2269 ,·
1038 2195 1118 2258 Voff.
1133 2209 1167 2273 3.
1190 2193 1292 2258 Parii.
1309 2207 1339 2273 5.

303 2291 443 2354 Vindob.
460 2309 531 2352 cum
547 2292 622 2356 edd.
637 2306 709 2356 anto
725 2289 870 2358 Voffium
886 2299 1043 2358 omittunt
1062 2295 1125 2369 ibn·
1149 2311 1339 2358 retrocctum
1404 2335 1405 2340 κ

303 2397 424 2480 primus
439 2393 491 2454 ilie
514 2389 651 2466 addidit,
678 2393 842 2477 sequentes
857 2401 1072 2460 retinuerunt.
1121 2400 1211 2458 Tum
1231 2399 1336 2459 Horo.
1404 2385 1405 2390 ἵ

297 2493 369 2593 solo
392 2495 447 2580 (nt
464 2491 576 2578 Prog.)
596 2495 687 2578 iougc
703 2489 841 2588 occisus,·
866 2501 966 2562 Vatic.
983 2515 1015 2579 5.
1034 2490 1165 2589 occasus
1171 2522 1185 2571 ;
1213 2496 1336 2561 Voffius

303 2622 342 2664 ex
373 2596 558 2659 melioribus
588 2597 765 2680 depromit:
799 2599 886 2682 quod
916 2599 961 2660 ibi
985 2592 1059 2691 scio
1088 2601 1181 2681 longe
1205 2591 1336 2690 occasus

303 2704 428 2780 exurgit
434 2723 446 2772 ,·
472 2699 557 2760 idem
574 2699 662 2760 dedit
677 2701 755 2762 haut
769 2700 860 2782 longe
878 2692 1057 2792 occasurus.
1079 2721 1219 2783 eumque
1237 2701 1335 2762 secuti

304 2802 463 2868 Gronorii
491 2802 526 2862 in
556 2801 628 2864 cdd.
656 2811 715 2883 4ο.
743 2811 801 2882 ίμ.
828 2813 887 2885 42.
921 2803 990 2884 post
1015 2805 1133 2864 iterum
1166 2801 1337 2885 expulsum

303 2903 400 2970 ceffit.
440 2923 634 2965 Tzccnvcnc.
691 2905 734 2964 Et
753 2905 787 2963 in
813 2903 863 2965 hio
889 2904 996 2966 verbis
1020 2905 1141 2966 ordinis
1164 2923 1253 2966 error
1274 2903 1336 2975 cst;

302 3011 421 3070 debent
443 3005 545 3074 enirn,
571 3019 608 3064 ut
631 3021 719 3075 reor,
751 3004 791 3064 fic
813 3006 954 3086 concipi:
988 3007 1030 3065 Iu
1054 3027 1092 3064 ca
1115 3027 1172 3083 per
1197 3007 1336 3087 hyemem

292 3107 383 3202 ficut
405 3105 497 3176 alibi,
531 3096 679 3196 obsnsros
699 3105 805 3188 utiquc
825 3119 931 3168 noctes
949 3097 1049 3198 suns,
1083 3105 1203 3198 aestate
1226 3104 1335 3166 breves
1403 3149 1404 3184 .

301 3231 341 3271 oc
358 3207 497 3278 iucidac,·
529 3206 616 3288 quod
633 3197 688 3298 sol
706 3207 797 3288 longe
818 3197 985 3297 occasurus
1011 3198 1172 3298 exsurgit,
1199 3209 1255 3291 qui
1277 3226 1334 3286 per
1403 3201 1404 3251 i

300 3311 335 3372 id
355 3324 476 3389 tenipus
495 3308 558 3366 iam
573 3298 613 3398 sc
630 3307 728 3368 alsius
751 3309 877 3370 cuciacus
894 3322 954 3370 etc.
990 3327 1190 3371 rrnmnnvs.
1236 3306 1332 3401 Quod

293 3407 348 3508 sol
370 3411 458 3490 longe
478 3399 645 3499 occasurus
664 3405 735 3494 —-)
786 3411 821 3473 Si
839 3409 915 3471 haec
930 3410 1026 3472 lectio
1044 3407 1114 3470 iana
1131 3409 1189 3480 eii,
1216 3410 1249 3470 id
1273 3427 1332 3470 vo·

298 3521 360 3581 init
374 3513 585 3594 Pomponius,
612 3513 684 3592 quia
700 3509 744 3572 soi
761 3512 816 3572 din
832 3509 919 3592 sopra
941 3512 1142 3572 horizontem
1159 3510 1273 3580 exstat.
1299 3522 1332 3570 et

298 3625 396 3704 longe
424 3613 595 3678 admodum
627 3609 874 3694 septentrionem
904 3613 1010 3674 versus
1032 3611 1145 3673 abduci
1171 3613 1328 3680 videatur,

297 3724 371 3784 ideo
394 3718 505 3780 breves
528 3715 586 3776 eiic
607 3728 715 3774 noctes
735 3715 769 3774 in
789 3713 894 3774 Thule
911 3711 1020 3776 insula.
1072 3714 1134 3776 Sed
1157 3715 1264 3794 inepto
1286 3712 1328 3774 est

297 3825 374 3886 haec
397 3820 525 3882 locutio.
568 3815 654 3876 Libri
675 3815 821 3876 meliores
840 3815 962 3896 legunt,
986 3813 1072 3896 quod
1092 3801 1134 3874 ibi
1144 3805 1220 3904 solo
1237 3815 1328 3890 longe

298 3913 427 4013 occasus
448 3919 581 3998 exurgis.
634 3915 755 3978 Sctibc:
784 3913 879 4009 Quod
901 3913 944 3976 ibi
961 3907 1012 4004 sol
1031 3915 1111 3974 hauc
1129 3915 1222 3994 longe
1238 3935 1327 3976 occa·

291 4019 351 4120 sus
370 4019 505 4100 exurgit.
544 4019 614 4078 Hoc
634 4019 723 4098 pueri
744 4017 936 4098 intelligunt.
977 4015 1062 4098 Quia
1080 4013 1124 4076 iol
1144 4035 1213 4076 non
1229 4017 1327 4100 longe

299 4127 431 4194 occidit,
456 4121 560 4182 vicina
580 4119 696 4202 qnippe
710 4116 784 4180 funt
802 4129 916 4201 puncta
934 4130 1021 4179 ortuo
1038 4129 1070 4178 et
1086 4115 1227 4188 occasus,
1254 4118 1328 4180 ideo
