2788 4942
335 437 426 492 mo.
458 437 509 490 nr.
554 435 587 492 c.
616 435 640 487 1.
683 433 708 502 r.
735 450 782 490 ιο.
1036 446 1079 510 57

59 609 231 693 conspicitur
269 607 388 680 forme,
426 608 581 670 intactum
612 607 744 690 aliisque
776 607 951 671 noandum
987 610 1081 673 relin-

58 733 149 795 quere.

127 911 370 994 Varduli)
420 913 520 977 Vatic.
551 913 659 978 Cibiu.
685 911 834 976 vordniii.
874 935 1081 982 rzocuvcruu

60 1017 151 1102 Lego:
191 1015 331 1080 Varduli
352 1015 466 1076 ultimo
489 1037 574 1096 gens.
627 1019 761 1098 Semper
783 1019 871 1077 enim
895 1017 1084 1082 huiusmodi

59 1121 111 1178 fine
131 1119 277 1180 terminat
294 1117 474 1199 provinciae
493 1117 586 1184 Mela.
614 1131 651 1176 nt
669 1116 893 1198 saepedictum
914 1121 967 1182 est.
1003 1121 1084 1184 Vide

60 1219 135 1300 [upra
159 1221 211 1280 lib.
233 1235 264 1283 2.
288 1220 325 1279 ed
347 1221 400 1280 fin.
426 1239 493 1300 cop.
516 1233 548 1294 5.
574 1219 614 1280 de
641 1219 838 1282 Macedonio.
885 1241 1084 1286 ern'rrunve.

58 1323 92 1382 At
106 1341 168 1382 oon
183 1323 390 1403 cogitaverat,
415 1317 503 1402 snpra
520 1321 554 1380 in
571 1319 699 1381 recensu
718 1321 950 1382 Cantabrorum
966 1325 1086 1404 aliquot

58 1423 179 1502 populos
209 1421 331 1483 disertio
358 1423 464 1482 verbis
493 1423 682 1491 memorari,
716 1423 834 1504 ‹pribno
860 1443 933 1484 cnm
957 1427 1086 1486 Varduli

59 1525 258 1605 adponuntur.
285 1544 381 1584 onom
399 1537 506 1585 contra
524 1537 654 1606 geniem
674 1544 743 1584 eam
759 1523 818 1586 elie
836 1540 959 1586 mouet.
1003 1527 1086 1588 illud

59 1645 125 1686 vero
141 1627 258 1686 rectius
284 1625 445 1686 offendere
469 1621 581 1706 polin,
614 1627 667 1706 qui
692 1627 844 1686 Vorrinioe
868 1629 899 1687 in
920 1625 1087 1710 Hispaniae

59 1728 112 1788 fine
142 1739 261 1811 ponat,
295 1727 351 1786 ubi
381 1727 432 1786 alii
458 1747 570 1787 oroneo
596 1725 766 1788 ostendunt
797 1718 969 1818 Vascones.
1023 1729 1088 1792 Cui

59 1827 232 1889 dissentioni
258 1840 295 1888 ut
319 1829 500 1890 mederetur
534 1829 638 1909 aliquo
665 1829 765 1888 modo
795 1829 898 1890 Merca
925 1831 957 1890 io
983 1829 1088 1892 Marce

61 1929 177 2014 Hispan.
199 1951 231 2000 r.
252 1939 305 2008 14.
324 1942 357 2008 8.
379 1929 555 2014 legendum
572 1929 751 2012 proposuit:
782 1929 922 1992 Varduli
937 1953 1000 1992 noro
1012 1953 1088 2012 gens

61 2031 97 2089 od
117 2033 269 2114 Pyrenaei
289 2033 356 2112 iugi
381 2033 630 2110 promontorium
652 2033 828 2112 pertinens,
862 2032 947 2113 qzeod
968 2033 1089 2096 cloredic

60 2123 245 2222 Hispanias.
296 2133 358 2194 Sed
376 2133 419 2194 ita
439 2133 540 2194 oratio
559 2135 669 2194 minue
684 2133 765 2194 bene
782 2134 869 2202 fluit,
899 2148 932 2196 et
947 2133 1008 2216 ipio
1026 2156 1090 2197 me·

63 2235 120 2294 delo
139 2253 255 2316 parum
273 2233 315 2296 eit
333 2231 452 2297 efficax.
505 2233 610 2316 Quare
627 2235 679 2296 vel
701 2235 803 2296 Melae
823 2237 1030 2318 relinquenda
1047 2237 1090 2298 est

63 2335 128 2396 haec
144 2337 309 2404 lentenna,
337 2335 387 2396 vel
408 2337 589 2399 dicendum.
616 2339 653 2397 ad
671 2337 822 2399 Vardnloo
841 2339 936 2398 etium
955 2337 1091 2399 retuliiie

64 2436 224 2507 Vascones,
257 2438 290 2496 in
312 2437 422 2518 primis
446 2457 518 2497 euru
543 2437 678 2506 constet,
708 2431 880 2528 Oeosonenr
903 2459 975 2500 curn
1001 2439 1092 2500 Men·

64 2536 129 2600 nico
147 2539 179 2602 fl.
211 2541 268 2618 qui
285 2539 394 2598 monio
417 2539 545 2600 videtur
566 2539 624 2600 effe
646 2539 809 2623 Magrada,
844 2541 877 2602 in
902 2539 1094 2602 vasconibus

66 2642 264 2702 enumeratio
281 2639 477 2708 Ptolemaeo,
501 2640 554 2700 eni
573 2641 698 2704 inCod.
713 2641 881 2710 Parifienii‚
902 2643 985 2722 quod
1003 2655 1094 2703 notat

65 2739 248 2802 Oihenartne
273 2743 306 2801 in
329 2743 444 2802 notitia
470 2741 636 2802 Vaseoniae
660 2763 727 2824 cap.
749 2759 781 2816 7.
823 2743 966 2802 Vordniie
987 2745 1093 2813 etium,

65 2861 121 2902 non
138 2843 333 2905 vasconibus
350 2841 497 2900 tribninn
517 2842 704 2912 Menioscnu
722 2845 761 2904 rie
777 2863 840 2924 quo
856 2845 987 2923 quinem
1007 2845 1094 2924 plura

64 2941 193 3004 uiseram
219 2945 289 3004 vol.
314 2959 347 3005 2.
384 2943 509 3004 Plinius
529 2947 624 3005 etiam
649 2955 682 3025 4,
708 2943 803 3024 313.ss
828 2962 883 3006 20.
911 2935 1094 3032 Oiarsonern

64 3044 82 3102 i.
96 3065 122 3108 e.
142 3044 323 3108 Oeosonem
342 3045 483 3106 Verriulio
499 3047 667 3106 adiudicat.
699 3047 788 3106 ldeur
804 3065 881 3105 vero
901 3047 984 3106 inter
1001 3047 1095 3124 Pyre·

65 3166 171 3210 oneum
193 3161 227 3209 et
249 3145 426 3208 Oeosonem
448 3167 505 3229 per
529 3167 683 3208 oceanum
703 3139 811 3237 solens
834 3159 956 3206 tontum
976 3147 1028 3208 Va
1048 3169 1096 3208 co·

65 3267 130 3309 rerem
151 3261 402 3318 commemorat,
436 3267 475 3308 ex
496 3268 559 3328 quo
578 3249 662 3309 Melo
686 3249 856 3308 commode
873 3249 924 3308 hic
946 3247 1098 3312 Vascones

64 3353 225 3428 praeterire
249 3347 384 3432 potniiie
404 3351 542 3418 videtur,
567 3370 703 3430 quornm
724 3349 816 3410 urbes
833 3347 962 3410 inerunt
985 3353 1016 3410 in
1035 3371 1099 3412 me·

66 3450 257 3514 diterreoeie.
304 3449 417 3512 Cetera
438 3449 513 3512 hino
534 3452 567 3510 in
587 3451 678 3513 MSS.
703 3449 789 3510 funt:
822 3451 960 3512 Vindob.
987 3453 1100 3530 pirinei

66 3567 94 3610 et
113 3557 269 3632 pertinen
295 3553 403 3616 Cibin.
427 3551 545 3625 cludit.
568 3553 657 3618 idem
672 3565 705 3616 et
727 3553 900 3640 liehdiger.
914 3545 1100 3648 hyspaniae,

66 3655 218 3722 utiiolet.
936 3657 940 3666 '
