2826 4936
371 471 462 530 ΗΒ.
493 475 545 530 111.
589 473 623 532 c.
652 473 703 528 m.
746 471 825 548 §.4
1061 483 1119 528 ror

150 647 187 710 ie
212 643 446 740 angustum)
494 647 546 710 Sic
567 645 715 710 Ciaccon.
738 659 772 708 et
793 665 834 708 ro
854 643 962 708 Mssu
979 641 1017 706 Δ.
1037 641 1117 708 Gro-

78 749 190 820 norii‚
216 767 256 810 ex
273 753 354 810 meis
371 748 479 828 Cibin..
506 747 589 830 Lipi.
614 749 700 810 Gud.
728 747 837 810 ann.
889 747 953 808 Pro
974 763 1010 804 eo
1029 745 1117 808 Reh-

78 851 178 933 diger.
194 863 237 920 et,
264 849 402 912 vindob.
421 852 464 922 iu,
495 849 586 934 Prag.
603 851 705 922 inter,·
735 849 849 930 reliqui
870 849 1022 910 videntur
1042 865 1117 908 con·

77 949 197 1012 senune
218 971 293 1012 eum
313 951 519 1022 editionibus,
546 971 626 1032 quae
649 969 762 1012 omnes
783 949 901 1011 habent
921 961 958 1009 ut
980 949 1019 1009 ad
1042 949 1116 1010 liei·

76 1053 242 1115 noldianas
260 1073 376 1134 neque,
410 1073 448 1115 ex
470 1053 585 1135 quibua
603 1055 639 1115 A.
657 1051 841 1114 Gronovius
861 1055 895 1112 in
915 1051 965 1112 ed.
985 1059 1045 1132 44.
1068 1069 1116 1112 re·

78 1155 163 1236 oepit
183 1155 228 1234 u,
251 1155 340 1236 quod
358 1157 453 1218 ceteri
473 1153 644 1216 servarunt.
681 1153 791 1216 Recte.
829 1155 875 1214 lta
892 1171 1009 1234 nempe
1024 1153 1068 1212 ire
1082 1161 1116 1213 et

77 1257 193 1316 adfinia
209 1257 249 1316 de
265 1257 363 1338 aquis,
384 1257 571 1318 fluminibus
589 1255 651 1316 dici
670 1253 780 1317 solent.
813 1255 885 1318 vid.
904 1253 1114 1336 Oudendorp.

77 1358 114 1418 ad
130 1357 251 1420 Lucan.
270 1356 302 1429 6.
323 1371 408 1437 572.
431 1371 464 1420 et
479 1377 558 1442 quae
573 1371 725 1420 notantur
740 1357 811 1420 Vol.
827 1373 859 1418 n.
873 1359 913 1416 ad
930 1369 961 1436 3.
979 1367 1012 1432 5,
1028 1364 1063 1432 5.

145 1547 196 1652 se
220 1550 419 1653 subinde)
482 1561 622 1625 Eaedem
662 1561 821 1622 editiones
859 1579 935 1640 quaa
966 1557 1114 1641 proxime
1222 1551 1231 1560 ’

78 1664 329 1723 eommernoravi
349 1665 490 1744 primum
504 1665 581 1726 dant
597 1653 736 1754 firbiude
750 1651 804 1752 se,
831 1659 897 1742 post
911 1651 950 1750 se
962 1649 1112 1750 subinde.

76 1763 126 1822 mi
143 1761 249 1826 Codri.
267 1763 414 1828 Ciaccon.
429 1765 541 1827 decem
557 1765 593 1826 A.
605 1763 775 1834 Gronovii,
799 1761 907 1826 Cibin.
927 1759 1010 1842 Lipi.
1027 1759 1113 1822 Reh-

78 1863 179 1948 diger.
227 1861 301 1936 aui,
327 1879 363 1927 ut
379 1867 550 1938 editiones,
573 1879 698 1926 rantum
715 1861 807 1926 Parii.
831 1879 863 1926 Ω.
885 1862 970 1924 Gud.
993 1859 1113 1944 (quem

77 1963 110 2024 in
138 1985 178 2026 ro
197 1963 322 2028 MSStia
341 1965 416 2030 ialin
436 1967 621 2029 numeravit
642 1965 680 2028 Δ.
698 1959 905 2048 Gronoviua)
934 1963 1026 2047 Prag.
1055 1962 1114 2024 Va·

80 2066 175 2128 eicao.
197 2079 229 2146 5.
251 2069 409 2129 omiuunt
426 2059 474 2161 se.
523 2069 562 2130 Sa
574 2059 712 2160 subinde
730 2067 846 2152 iegitur
869 2067 965 2126 etiarn
982 2059 1062 2124 inira
1079 2075 1113 2143 3.

78 2179 111 2244 5,
135 2179 169 2244 5.
211 2168 308 2250 Quod
330 2170 365 2230 in
387 2170 439 2232 ed.
463 2168 609 2232 Gronov.
634 2169 820 2232 Ciacconim
844 2163 945 2228 adfert
966 2177 1115 2228 curvant·

76 2259 188 2358 quase
201 2261 357 2360 subinde,
384 2285 544 2352 tamqnam
565 2272 598 2331 in
620 2271 790 2352 exemplari
809 2270 979 2331 inventum
986 2309 996 2340 ‚
1022 2265 1114 2350 quale

77 2369 158 2430 iliud
181 2367 294 2440 inerit,
321 2373 455 2458 ignoro,
479 2371 502 2433 fi
522 2387 606 2436 recte
629 2371 750 2435 retulit.

155 2570 313 2634 Cimbri
323 2573 342 2656 )
391 2575 563 2662 iiehdiger.
588 2590 667 2659 pmo
687 2577 782 2639 eriam
799 2575 898 2638 Vatia.
917 2591 947 2637 r.
968 2567 1117 2656 cymmi:

80 2671 165 2756 Lipi.
191 2673 277 2738 Gud.
301 2678 400 2740 Vaiie.
420 2691 452 2757 5.
477 2675 570 2740 Parii.
595 2679 707 2742 Vener.
734 2679 839 2740 Harn.
863 2673 980 2746 imbri.
1009 2675 1057 2734 uti
1074 2691 1115 2734 ex

79 2773 143 2836 hoc
166 2775 238 2838 ioco
258 2775 354 2840 refert
374 2780 543 2843 Boccatiua
564 2777 584 2840 i.
601 2801 635 2842 v.
661 2779 868 2841 Germanieua
886 2777 1048 2848 Oceanum
1079 2775 1115 2834 in

78 2873 165 2958 lips.
185 2890 293 2939 tamen
315 2880 354 2940 ad
375 2882 551 2967 marginem
567 2881 679 2943 endem
701 2899 799 2942 mauu
820 2891 968 2941 notatum
988 2887 1052 2938 erat
1072 2873 1116 2935 ni.

80 2975 214 3050 eimbn‘‚·
245 2979 334 3066 Prag.
360 2981 471 3044 umbri.
524 2983 608 3045 Edd.
636 3003 665 3046 r.
693 2999 724 3044 2.
751 2995 783 3060 5.
810 2989 846 3060 4.
871 2993 904 3056 5.
927 2975 1047 3051 Imbn‘,·
1080 2975 1115 3039 6·

83 3093 117 3154 7.
143 3091 178 3156 8.
207 3099 261 3143 ιο.
285 3097 317 3142 et
333 3084 498 3165 pleraeque
520 3084 634 3166 postea,
660 3085 799 3166 exceptio
819 3081 1042 3166 posterioribna
1058 3079 1116 3140 Va·

82 3180 195 3242 dianae
214 3179 359 3254 familiae.
386 3183 532 3267 Gymbri‚·
560 3203 594 3264 9.
611 3199 673 3246 eta
689 3185 817 3256 vineto,
838 3183 983 3252 Schouo,
1007 3173 1116 3243 voffio

81 3283 224 3363 reliquae
248 3283 382 3361 Cimbri,
415 3289 474 3356 uti,
499 3283 623 3368 exploia
646 3283 795 3368 scriptura
814 3283 961 3346 inebriet
978 3279 1117 3365 Cymbri,

82 3383 146 3444 iam
169 3383 249 3444 oiim
269 3401 355 3450 recte
376 3387 546 3452 voiuerant
564 3386 757 3452 Hermolaua
775 3385 932 3450 Barbarae
951 3397 984 3448 et
998 3383 1118 3448 Pintia·

81 3503 156 3548 nne.
195 3485 261 3548 Rea
281 3503 369 3554 noia.
546 3471 549 3476 ¹

163 3689 368 3775 Teutoni)
416 3691 500 3778 Lipi.
536 3693 677 3767 Teutoni,
708 3696 743 3758 in
776 3695 920 3780 margine
949 3691 1120 3762 Tauronem

82 3791 185 3855 Vatia.
214 3813 243 3855 ι.
274 3795 382 3859 Cibin.
413 3795 499 3860 Gud.
525 3796 665 3858 Tauroni
673 3838 682 3868 ‚
716 3817 790 3858 curn
814 3795 962 3858 Boceutio
981 3813 1009 3855 c.
1031 3793 1053 3852 1.
1079 3809 1120 3854 ex

81 3893 162 3955 edit.
194 3904 299 3976 1473.
319 3893 414 3980 (uam
438 3897 489 3960 ed.
513 3907 618 3978 ¹494·
642 3897 696 3959 dar
719 3893 886 3980 Tantorum)
921 3895 1010 3978 Prag.
1034 3893 1120 3953 than-

81 3995 172 4068 eoni‚·
195 3997 371 4082 liehdiger.
387 4001 573 4064 theutonici.
608 4000 655 4061 ita
670 3999 766 4062 etiam
785 3997 849 4062 iere
865 3997 988 4058 uariant
1006 3995 1121 4058 edirio-

80 4116 147 4159 nee.
199 4097 285 4160 Nam
309 4101 404 4171 aliae,
433 4101 535 4164 veluti
562 4117 593 4166 ι.
620 4119 651 4164 n.
674 4119 709 4180 9.
740 4119 795 4164 oe.
821 4117 878 4180 29.
899 4113 956 4180 30.
981 4111 1038 4178 32.
1060 4109 1120 4176 37.

79 4217 153 4262 eum
182 4199 300 4266 vineto
329 4199 449 4267 hebent
478 4201 651 4278 Tirmcouis
688 4215 722 4284 5.
750 4213 787 4285 4.
818 4211 851 4280 5.
881 4201 915 4266 6.
942 4213 975 4278 7.
1000 4211 1033 4280 8.
1063 4215 1121 4264 ro.
