2826 4936
337 417 396 534 rao
630 447 871 507 rouuoutr
914 447 1075 505 uenae

1385 567 1386 596 l

412 643 458 686 eet
482 619 550 703 eo)
600 620 742 685 Vindob.
763 645 803 684 ex
825 644 860 685 eo
881 615 986 716 course.
1020 623 1093 686 Post
1111 620 1200 685 Paris.
1219 619 1341 704 2.Prag.
1385 629 1386 632 ’

337 725 511 790 omiserunt
534 722 593 784 ille.
634 725 722 784 Tum
743 723 931 790 Vindobon.
955 725 1066 786 andem
1086 737 1162 798 αιιες
1191 722 1339 806 Rehtliger.

337 827 500 890 advehere.
552 823 742 917 Particulanr
765 839 795 888 et
817 841 891 888 aute
911 825 1030 888 rabiem
1054 827 1173 910 expulit
1193 824 1341 892 vadianus,

336 943 370 992 et
395 929 470 990 hinc
491 925 609 990 exsulat
635 929 669 986 in
695 929 767 989 edd.
794 944 851 990 ur.
876 943 935 990 22.
960 939 1017 1007 24.
1040 941 1096 1006 25.
1117 927 1299 1006 omninoque
1317 927 1342 984 iu

337 1031 501 1100 vediano,
529 1029 727 1097 Olivarianie.
754 1029 870 1110 quibue
892 1031 1048 1091 accedunt
1068 1029 1220 1100 Vinetue.
1250 1027 1342 1092 Schot·
1386 1003 1387 1020 Χ

337 1147 403 1203 tut,
431 1129 560 1194 Voll'rue
576 1143 609 1192 et
626 1131 783 1192 Gronovii
806 1133 839 1190 in
862 1131 1061 1194 editionibus
1079 1144 1138 1210 spo.
1164 1140 1222 1214 [μ.
1241 1138 1293 1210 ιμ’.
1309 1146 1343 1188 re·

337 1235 429 1296 duxit
445 1232 635 1296 Reinoldiue
657 1245 689 1290 et
710 1233 785 1294 hinc
807 1229 912 1302 sedem
935 1234 1040 1294 tenuit
1061 1235 1095 1294 in
1111 1233 1242 1313 reliquie,
1268 1247 1342 1312 quam

338 1349 371 1400 et
387 1337 432 1395 illl
455 1335 616 1402 addicunt,
642 1333 835 1415 adprobante
858 1333 924 1416 ipso
940 1353 1036 1406 nexu,
1061 1335 1183 1396 codices
1198 1348 1229 1394 et
1247 1333 1342 1414 priores
1387 1338 1388 1382 l

337 1437 483 1500 Vatliano
507 1435 675 1498 editiones.
729 1438 899 1496 luvenerat
921 1437 1019 1498 etiam
1040 1455 1113 1498 eam
1134 1435 1305 1519 particulam
1319 1433 1343 1489 iu

338 1538 440 1600 tribue
470 1537 592 1600 ulssur
617 1540 642 1598 l.
662 1535 848 1598 Gronoviue
863 1550 905 1598 ·et
926 1549 1036 1598 tuetur
1060 1537 1297 1621 Cannegieterut
1316 1531 1344 1592 ad
1387 1567 1388 1584 ι

337 1641 454 1704 Aviani
469 1637 531 1700 fab.
551 1650 607 1716 35,
629 1657 683 1700 ro.
719 1637 845 1720 Nempe
861 1652 1007 1699 moverat
1023 1639 1200 1700 Vadianum
1213 1635 1344 1697 ‹lillinctio

338 1744 372 1802 in
393 1741 499 1802 verbio
519 1741 675 1822 proximle
691 1740 796 1800 alieno
813 1740 883 1801 loco
907 1739 1021 1820 posita,
1049 1760 1127 1802 cum
1147 1755 1248 1802 tamen
1267 1735 1344 1818 polle

338 1847 404 1905 rior
426 1845 523 1902 lruiue
542 1842 730 1904 narrationis
750 1839 826 1904 inde
848 1859 866 1906 a
889 1840 1013 1908 verbiet
1050 1842 1112 1907 doe
1131 1843 1346 1926 proiectum·-
1388 1905 1389 1948 p

338 1945 469 2014 melino,
496 1943 687 2012 exordiatur.
1388 1953 1389 2008 l

414 2168 434 2207 o
457 2161 499 2207 ιιι
524 2135 846 2238 frustratoriis)
895 2147 992 2208 Hunc
1017 2145 1167 2209 ordinem
1192 2140 1345 2228 praeierunt

339 2247 462 2310 codices
492 2245 649 2328 plerique,
682 2248 717 2305 in
746 2248 862 2329 quibus
891 2251 988 2310 Vatic.
1022 2251 1140 2311 Vener.
1171 2245 1250 2330 Lipl.
1273 2245 1344 2323 Png.

338 2349 477 2432 liehdig.
494 2346 588 2410 Parii.
608 2363 640 2408 Ω.
657 2348 742 2410 Gud.
760 2347 862 2440 (astru
879 2349 931 2410 hic
947 2350 1121 2434 praetereo)
1139 2349 1218 2412 vols.
1235 2364 1264 2413 2·
1278 2355 1305 2425 4·
1319 2353 1343 2418 5·

337 2451 486 2514 Perizon.
509 2463 571 2510 tree
589 2451 613 2511 l.
629 2448 799 2520 Gronovii.
822 2455 924 2532 etqui
943 2452 1035 2534 ipsrue
1057 2466 1124 2513 erat
1143 2453 1179 2514 A.
1198 2443 1344 2512 Gronoviii

339 2574 377 2614 ex
401 2553 468 2614 aliie
492 2551 640 2613 Ciaccon.
661 2542 847 2640 frrfiratus
872 2550 960 2638 afim
1004 2551 1087 2614 vdu.
1112 2573 1142 2617 ι.
1170 2541 1345 2638 Cibin.afi1⁸

332 2646 530 2746 sustratum
557 2651 694 2713 Vindob.
713 2652 913 2736 Augustinor.
930 2668 962 2715 et
979 2654 1014 2714 in
1029 2655 1228 2716 conlatorum
1245 2646 1344 2710 filonti⁰

339 2753 435 2822 Paris.
456 2775 485 2817 r.
504 2768 537 2832 3.
559 2753 665 2818 Havn.
688 2767 721 2814 et
736 2755 773 2814 A.
793 2754 951 2817 Gronovii
967 2757 1080 2837 reliqui
1094 2775 1169 2818 cnm
1185 2755 1254 2818 edd.
1267 2751 1346 2810 etiarn

337 2857 574 2924 Reinoldianie,
597 2845 820 2944 frustratoriis
842 2853 913 2947 astu
936 2857 975 2918 ad
995 2869 1056 2935 45.
1091 2859 1125 2917 in
1149 2877 1208 2938 qua
1230 2855 1266 2916 Δ.
1284 2850 1347 2911 Gro-

338 2960 455 3022 uoviue
476 2959 621 3038 priorum
642 2957 791 3016 codicum
814 2959 959 3018 ordinem
985 2956 1107 3020 secutur
1129 2960 1186 3028 est,
1218 2971 1305 3037 quem
1322 2960 1347 3009 et

336 3059 440 3141 pollea
458 3057 606 3138 probavit
626 3058 768 3137 Kappiue
783 3070 815 3118 et
831 3059 935 3120 editor
953 3057 1237 3144 Norimbergenlu.
1271 3053 1347 3114 Idem

336 3173 445 3220 tamen
478 3159 586 3218 Vineti
618 3160 718 3219 editio
753 3159 831 3220 olim
867 3159 1042 3241 praetulille
1075 3163 1212 3222 videtur.
1260 3155 1345 3216 Porro

335 3262 374 3325 A.
394 3259 577 3320 Gronovius
600 3259 852 3329 distinctionem,
880 3263 1007 3342 quaein
1026 3261 1123 3342 priori
1144 3261 1272 3322 lectione
1291 3248 1346 3334 post

221 3413 228 3422 .
329 3353 548 3454 fmfiroturus
563 3360 751 3443 ponebatur,
770 3375 803 3422 et
818 3361 881 3422 astu
899 3365 937 3423 ad
953 3359 1111 3444 sequentia
1125 3383 1218 3423 orrum
1236 3357 1272 3418 de
1290 3351 1346 3432 plu·

336 3462 420 3530 ribus
444 3461 644 3544 proiiciebat,
677 3463 715 3522 ad
741 3463 900 3525 veriorem
925 3466 1094 3535 rationem,
1122 3473 1242 3543 recepta
1265 3457 1345 3518 etiam

335 3565 483 3648 particula
500 3575 529 3624 et
545 3577 617 3624 ante
635 3562 759 3632 rabiem,
780 3553 963 3626 revocavit(
989 3563 1068 3658 Astu
1081 3569 1167 3628 enim
1184 3571 1344 3624 connexum

336 3687 408 3728 cum
425 3658 488 3755 fro
505 3663 657 3733 [rotinus.
684 3666 732 3724 uti
755 3679 787 3725 et
807 3667 977 3728 declaravit
996 3669 1144 3749 exemplo
1168 3665 1220 3725 luo
1235 3653 1344 3724 Reinol·

335 3770 417 3836 (lina,
443 3767 560 3827 melius
583 3764 752 3826 subiectam
774 3767 1020 3847 explicationem
1042 3768 1208 3850 praecedit,
1232 3780 1286 3844 qua
1300 3755 1342 3816 ab·

335 3869 451 3936 solnta.
484 3879 637 3948 quatenus
660 3879 817 3946 raptorem
841 3867 973 3950 spectat.
1005 3870 1148 3951 apodolie
1171 3869 1208 3928 de
1228 3859 1341 3946 tigribvl

334 3971 482 4051 sequitur,
509 3969 558 4028 uti
574 3970 667 4029 eliam
685 3981 774 4030 antea
792 3968 877 4029 hunc
897 3969 1005 4030 locum
1023 3971 1193 4054 legendnm
1209 3981 1239 4026 et
1253 3960 1341 4023 dillin-

334 4071 498 4156 gueurlum
516 4069 549 4128 in
565 4083 639 4130 nota
655 4082 821 4130 monuerat
839 4071 863 4132 1.
876 4071 1072 4134 Gronovius.
1105 4071 1176 4132 Poll
1192 4063 1264 4130 Vols.
1280 4073 1339 4121 Μ·

333 4173 481 4242 Petiton.
503 4167 597 4236 Perii.
621 4191 650 4238 t.
675 4172 749 4255 (qui
764 4185 854 4240 antea
871 4165 911 4238 τὸ
929 4193 1025 4236 nuum
1045 4173 1199 4257 neglexit)
1221 4187 1249 4232 a.
1270 4153 1339 4242 Lipl.
