2832 4946
322 403 360 475 re
619 387 862 445 ronroutt
897 388 1058 445 nnete

396 585 417 626 a
449 560 599 643 litore)
649 563 744 625 Forte
767 561 826 624 has
850 580 946 624 voces
970 561 1140 644 superfluae
1161 562 1246 636 sunt;
1275 583 1339 625 nam

319 670 359 732 de
374 666 543 729 maritimis
565 665 640 749 agit.
694 665 796 726 Aliam
817 663 976 726 coloniam
993 666 1076 726 inter
1091 666 1232 728 aelluaria
1249 665 1340 728 Baetis

318 771 451 833 collocat
467 768 589 831 Plinius
609 780 640 844 3.
662 788 691 828 1.
717 763 762 854 [s.
781 759 835 851 3.]
865 785 1079 830 ctnttcontvs.
1125 769 1165 828 At
1186 767 1292 830 eadem
1308 769 1340 829 de

317 870 404 934 causa
426 867 525 931 abesse
544 883 718 950 nequeunt.
769 866 924 930 Atlsensue
947 881 1053 930 tamen
1080 869 1123 930 est
1146 870 1290 932 schottus
1312 871 1340 930 in

317 973 471 1056 superiori
490 985 577 1034 nota.
612 972 751 1032 stavero
769 970 867 1032 etiam
883 968 988 1033 noster
1008 991 1037 1042 ι,
1055 973 1089 1043 6,
1108 990 1139 1036 ι.
1171 971 1263 1035 Cirta
1280 991 1341 1052 pro

316 1076 368 1138 cut
392 1095 414 1136 a
438 1093 518 1136 ntur.

391 1275 510 1372 Asta)
562 1273 645 1358 Lips.
672 1275 755 1338 Gud.
779 1275 888 1340 Cibin.
916 1276 1035 1338 Venet.
1059 1274 1249 1339 Vintlobon.
1270 1275 1342 1338 tteh·

241 1381 247 1390 “
318 1379 569 1465 digenetetld.
597 1399 627 1441 1.
651 1376 833 1472 serafin·
867 1377 1118 1472 9.13.Basla.
1161 1381 1342 1442 Eademra·

315 1484 408 1546 ristio
430 1480 520 1565 supra
542 1496 575 1552 α,
594 1481 627 1552 6,
644 1494 680 1559 4.
702 1483 737 1540 in
755 1479 868 1574 Astigi.

394 1687 435 1748 in
463 1675 551 1776 ipso
577 1682 705 1764 mori)
755 1685 846 1768 Prag.
867 1684 975 1746 Havn.
999 1684 1032 1744 in
1053 1675 1147 1773 pnffo
1164 1686 1255 1748 mari.
1286 1681 1340 1766 lpse

315 1807 383 1852 vox
415 1788 495 1849 mori
531 1785 704 1848 Ciaccouio
737 1787 914 1848 redundare
947 1787 1128 1850 videbatur.
1189 1787 1341 1850 Pintianus

315 1889 452 1952 malebat
466 1889 568 1972 magis
583 1908 620 1948 ex
634 1887 808 1967 Pomponii
824 1887 978 1971 elegantia
993 1902 1026 1950 et
1046 1889 1171 1952 nitore:
1195 1901 1225 1950 et
1239 1890 1270 1950 in
1284 1877 1341 1978 ipso

316 1993 410 2055 mari.
445 1989 531 2050 Mihi
548 1989 679 2071 quidem
700 1987 787 2053 secus
809 1989 948 2054 videtur.

391 2193 684 2254 munimentum
726 2191 976 2275 Caepionis)
1037 2195 1076 2254 sn
1107 2207 1241 2275 utraque
1274 2207 1340 2252 vose

315 2293 506 2357 dissentiunt
529 2293 614 2355 libri.
666 2292 793 2376 Nempe
816 2294 942 2356 codices
965 2293 1084 2356 habent
1110 2306 1340 2361 monumentum,

314 2398 481 2459 ueletiam
502 2396 741 2464 monimentum,
769 2397 816 2454 uti
833 2397 906 2456 edd.
926 2397 964 2456 ad
982 2394 1149 2468 Vollum,
1178 2397 1234 2478 qui
1253 2393 1340 2476 posuit
1381 2431 1382 2444 .

316 2501 555 2568 munimentum,
588 2510 620 2558 et
642 2497 717 2556 hinc
739 2497 870 2578 reliqui,
902 2511 1024 2579 praeter
1046 2499 1273 2567 Reinoldium.
1296 2496 1340 2576 qui

267 2629 271 2644 ·
315 2601 452 2661 servavit
473 2611 717 2661 monumentum.
769 2597 952 2660 Parilienses
971 2615 1004 2662 a.
1023 2612 1056 2662 et
1073 2613 1106 2679 3.
1126 2602 1280 2662 videntur
1298 2598 1340 2656 ha·

314 2701 413 2763 buisse
443 2703 667 2762 munimentum
695 2719 770 2762 cum
795 2695 919 2776 Vossio.
973 2701 1077 2786 Magis
1107 2701 1295 2764 dissentiunt
1313 2699 1340 2758 in

315 2805 425 2874 altera,
451 2799 505 2864 etfi
526 2803 607 2862 nihil
629 2801 683 2862 hic
704 2803 779 2863 inde
799 2802 943 2862 tulerunt
959 2797 1090 2864 Vossius
1106 2817 1138 2864 et
1156 2802 1339 2864 Gronovius.

315 2903 497 2967 Nunnelius
519 2905 552 2964 in
571 2903 640 2964 MS.
659 2905 742 2963 vidit
765 2903 938 2982 Scipionis,·
970 2905 1160 2968 ciacconius
1183 2903 1342 2984 Capionirt

313 3007 418 3069 varic.
435 3003 596 3068 Pariliens.
617 3003 733 3066 Venet.
761 3005 867 3066 Havn.
891 3004 974 3086 Lips.
994 3007 1078 3068 Gud.
1100 3006 1240 3089 Rehdig.
1259 3004 1339 3084 Prag.

315 3123 348 3170 et
368 3127 463 3189 quem
487 3105 622 3186 inspexit
648 3105 828 3168 llolstenius
851 3103 940 3190 (vid.
961 3107 999 3168 ud
1021 3107 1121 3170 Ortel.
1143 3129 1176 3189 p.
1193 3119 1251 3186 [po.
1270 3099 1340 3186 46.)

316 3225 349 3272 et
370 3210 447 3269 alter
471 3207 634 3268 Ciacconii
660 3207 829 3285 Caepionis
849 3208 902 3268 vel
927 3208 1091 3286 Cepiunis,·
1124 3209 1234 3270 Cibin.
1258 3225 1340 3284 capo·

313 3311 421 3392 pionis
429 3329 441 3381 ‚·
466 3309 631 3369 Boccatiue
649 3307 668 3370 s.
685 3330 717 3371 v.
738 3307 884 3390 lspanum
906 3330 991 3372 mare
1012 3311 1161 3390 Cepionis
1178 3327 1342 3370 monumen·

314 3427 382 3476 tum
399 3401 534 3502 scopulo
554 3412 672 3490 potius.
697 3431 792 3493 quam
815 3401 936 3502 insulm
957 3409 1107 3503 postium.
1160 3414 1244 3473 Edd.
1266 3433 1291 3472 t.
1312 3425 1338 3468 2.

317 3534 352 3593 9.
373 3512 539 3590 Cepiont'r,·
575 3525 607 3590 [ς.
626 3523 660 3594 4.
681 3524 713 3588 5.
731 3513 764 3574 6.
789 3527 822 3587 7.
846 3525 879 3590 8.
903 3533 957 3575 to.
978 3515 1116 3596 reliquae
1137 3514 1289 3596 Geryonis
1307 3509 1340 3569 ad

314 3610 474 3684 Voll'urm,
493 3631 559 3694 qno
579 3613 658 3674 duce
679 3613 850 3695 Caepionis
864 3629 1048 3676 revocatum
1066 3617 1119 3677 ell.
1142 3629 1337 3676 ¹rzscuronr..

317 3717 472 3798 Capionis
492 3715 566 3776 alias
590 3715 709 3797 antiqu.
729 3731 762 3777 et
784 3717 822 3777 V.
848 3715 886 3780 C.
907 3717 976 3778 MS.
1009 3731 1045 3776 ut
1066 3712 1146 3803 [ιὸ.
1167 3711 1222 3803 2.]
1255 3711 1341 3777 Arati

315 3833 426 3900 poetae
444 3816 676 3878 monimentum.
731 3817 825 3878 Forte
842 3817 989 3895 Cepinuis
1007 3820 1043 3881 V.
1064 3818 1102 3881 C.
1138 3833 1337 3884 utaccoutrs.

315 3921 459 3999 Geryoni
482 3915 657 3998 sepulcrum
681 3937 697 3979 a
720 3918 882 3979 Gaditanis
906 3916 994 3980 suilse
1017 3919 1206 3980 exllructnnr
1226 3925 1257 3979 in
1277 3915 1339 3998 ipis

317 4021 459 4084 Gadibus
490 4021 597 4098 proclit
630 4019 838 4081 Philostratus
864 4021 896 4079 in
922 4022 987 4082 vita
1011 4023 1182 4104 Apollonii.
1212 4015 1265 4105 [5.
1293 4006 1336 4096 §.i

316 4125 422 4186 Festus
437 4139 512 4184 vero
524 4122 665 4183 Avienus
681 4139 785 4182 arcent
802 4137 958 4185 memorat
974 4125 1008 4184 in
1024 4124 1085 4185 hoc
1102 4138 1201 4184 tractu
1217 4118 1337 4184 alicubi:
