2784 4944
351 433 443 490 ΜΒ.
475 433 514 488 11.
556 431 661 492 otv.
703 431 783 502 Η·
1024 445 1087 510 8οι

1 667 2 694 ἦ
49 603 180 668 contem
208 605 327 678 habet,
363 603 416 668 sed
449 603 591 678 Cunero,
623 619 661 668 ιιι
692 617 807 688 putent
837 619 954 670 neutro
986 607 1088 672 motio

1 697 2 714 ¹
45 709 219 791 legendum
244 708 322 782 effe,
350 705 401 769 sed
422 707 540 771 Correo.
593 706 675 770 Nam
694 707 862 790 Hispaniae
883 729 938 771 nra
958 709 991 772 in
1008 709 1089 771 occi·

47 810 177 870 dentem
210 828 352 894 vergens
381 809 640 892 promontorium
670 809 765 870 habet
794 813 928 872 nornine
962 811 1090 874 Correus

1 959 2 1002 t
46 911 340 994 asiguradictum‚
372 925 411 972 ut
427 909 531 992 posiea
555 909 719 974 constabit.
752 929 853 974 torro.
906 911 1002 974 Forte
1024 911 1088 998 leg.

46 1015 74 1070 ιἰι
103 1012 228 1092 arguto
263 1011 388 1074 iliorum
424 1011 556 1072 duorum
593 1014 892 1092 promontoriorum.
944 1013 983 1076 so
1015 1031 1089 1096 pro·

47 1117 233 1192 montorio,
266 1113 354 1195 quod
378 1127 508 1195 portum
530 1111 681 1184 includit,
716 1113 803 1176 sitem
825 1113 885 1176 esse
909 1115 1088 1186 Anconem,

45 1215 155 1276 Strabo
179 1208 243 1300 [5.
266 1235 297 1297 p.
323 1235 367 1276 to.
395 1215 474 1277 166.
498 1211 516 1276 s.
545 1207 649 1302 eon]
676 1229 785 1276 ructor
807 1215 860 1278 est.
921 1217 1015 1278 Forte
1045 1217 1090 1278 ite

47 1315 254 1376 claudebatur
275 1331 387 1398 portur
403 1315 529 1376 duobus
549 1317 789 1398 promontoriis,
816 1329 851 1376 ut
869 1321 954 1399 opud
969 1317 1090 1378 Teium

48 1417 263 1478 Geraesticum
283 1431 412 1500 portum
432 1417 533 1478 cirrosi
553 1433 655 1479 narrat
674 1417 786 1482 Liviue
805 1417 859 1480 sib.
878 1433 936 1498 37.
962 1419 1011 1498 [c.
1031 1429 1089 1496 ΩΒ,

50 1517 99 1598 6.]
132 1519 370 1580 Promontoriir
393 1515 574 1578 coeuntibus
599 1519 682 1580 iuter
697 1509 737 1610 se
757 1519 807 1580 ito
833 1517 995 1580 clauditur
1017 1539 1089 1598 por·

48 1633 112 1686 tur.
138 1633 179 1680 ut
202 1621 269 1680 or'x
293 1617 375 1680 duae
386 1615 489 1710 scmus
510 1619 582 1686 iude
601 1641 701 1680 naves
721 1613 836 1710 poffurt
859 1621 954 1684 exire.
992 1619 1089 1681 Hubi·
1198 1665 1203 1676 .

46 1721 167 1782 trbator
203 1739 285 1782 uero
321 1723 450 1782 Ancona
476 1719 600 1782 duobno
634 1722 865 1804 promontoriis
898 1741 937 1783 ex
963 1719 1089 1784 diverso

50 1823 249 1884 coeuntibus
272 1834 307 1882 et
326 1821 414 1884 urbis
438 1823 560 1906 gremio
581 1835 712 1904 porturn
734 1821 917 1904 accipiebat.
959 1841 1090 1884 ‹urceo-

51 1942 134 1986 ntro.
198 1925 357 2004 Repooe:
396 1927 440 1986 At
462 1921 518 1982 isso
546 1923 580 1982 t'rt
610 1923 728 2004 ungulo
751 1921 883 1984 duorum
908 1937 1091 2004 promonto-

50 2027 164 2086 n'onurr
185 2046 228 2084 ex
253 2015 377 2114 diverso
397 2029 584 2086 coeuntium.
613 2043 793 2088 ocuorrvt.
846 2027 883 2085 ln
903 2023 1089 2090 melioribuo

50 2127 136 2186 libris
155 2129 202 2186 ito
227 2125 283 2185 hio
306 2125 394 2187 locut
412 2123 573 2185 scribitur:
605 2125 653 2218 Et
672 2125 726 2186 itta
746 2127 779 2186 r'n
800 2123 935 2214 angusto
956 2125 1089 2188 duorum

48 2228 351 2304 promontoriorum.
404 2225 609 2310 Legendum:
637 2227 725 2288 Exiu
742 2226 797 2287 isso
817 2227 849 2286 iu
865 2223 1000 2318 ougrsso
1014 2227 1090 2288 duo·

50 2349 114 2387 runt
134 2328 430 2407 promontoriorum
452 2347 492 2386 erc
506 2317 629 2418 diuerso
645 2331 820 2388 coeuntium
837 2323 966 2410 inflexu,
991 2325 1091 2390 cubiti

51 2429 187 2496 onoriue
198 2421 337 2519 sedens,
369 2441 400 2490 ec
422 2427 491 2488 ideo
511 2449 533 2490 o
554 2427 681 2490 Graecis
702 2427 791 2490 dicto
816 2429 937 2492 Ancon.
988 2431 1091 2494 Sento

52 2533 100 2590 res
114 2529 332 2613 Senogalliae¹
357 2549 452 2610 quarn
470 2541 501 2589 et
522 2528 622 2590 hicet
638 2527 717 2590 iusru
736 2541 854 2592 temere
876 2529 1091 2604 obtruserunt.

53 2633 155 2693 nussue
179 2631 269 2712 apud
293 2629 509 2712 Pomponium
531 2630 629 2692 locut.
683 2631 840 2692 inflexum
863 2647 955 2694 vocet
975 2633 1089 2704 finum,

49 2735 168 2814 inquo
191 2731 439 2794 sedetAuoonr.
485 2731 536 2792 Sic
552 2751 680 2814 quoque
701 2729 781 2793 insra
805 2731 954 2814 loquitur.
992 2733 1091 2796 Aliter

48 2835 132 2894 hunc
167 2835 284 2894 locum
314 2833 444 2916 corrigit
466 2831 653 2902 Cluverius.
687 2825 741 2918 [in
773 2833 844 2896 stol.
878 2847 943 2898 ont.
973 2853 1003 2904 t,
1030 2849 1088 2896 22.

49 2955 77 3016 p.
95 2953 187 2998 ιρι.
210 2945 247 2994 et
271 2927 366 3018 alibi]
397 2933 526 3016 insignio
549 2933 768 3019 Geogrophut‚
793 2955 906 2996 verum
922 2947 953 2998 et
969 2937 1002 2996 in
1018 2935 1090 3006 hoc,

51 3053 80 3096 et
100 3041 134 3098 in
155 3036 230 3095 aliie
253 3047 399 3094 veterum
419 3035 497 3096 socio
513 3037 659 3096 eruendis
674 3049 706 3096 et
723 3037 967 3118 interpretandis
983 3039 1090 3100 minuo

49 3137 135 3200 sesix.
177 3153 322 3196 voottvr.
385 3135 555 3198 Cluverius
576 3157 603 3198 o.
628 3137 650 3200 Ι.
685 3156 742 3217 pro
774 3149 804 3197 et
836 3137 890 3198 isso
921 3137 1089 3200 emendat:

49 3241 119 3298 irinc
140 3237 212 3304 issa,
241 3235 327 3316 quod
348 3233 433 3298 sensu
452 3257 572 3318 porum.
597 3253 650 3298 out
673 3237 756 3298 nihil
778 3239 933 3321 diecreput
949 3259 965 3302 ιι
983 3241 1091 3302 sectio·

48 3363 85 3402 ne
108 3335 280 3406 Vosstano,
308 3349 434 3396 tentum
451 3319 536 3418 ‹juod
555 3339 631 3400 hoec
648 3339 780 3421 propior
801 3341 926 3402 codicee
943 3339 1089 3422 sequitur,

49 3463 142 3522 qrure
177 3454 211 3500 et
245 3453 369 3518 recepto
402 3437 495 3502 stetit.
548 3441 641 3522 Quae
673 3455 834 3522 praeterea
866 3443 900 3500 in
928 3441 989 3503 hoc
1016 3441 1088 3504 loco

48 3539 239 3603 immutavit
272 3539 459 3611 Cluverius,
495 3539 576 3602 dabo
608 3539 698 3604 iusto.
772 3541 918 3602 Priorem
952 3543 1092 3606 Pintioni

50 3647 229 3706 sectionem
263 3641 389 3701 Cumeri
423 3645 640 3720 promontorio
670 3639 821 3702 refutarit
856 3643 1025 3706 Cluverius
1055 3647 1089 3704 itt

52 3747 113 3808 ltus.
140 3757 212 3806 ant.
246 3757 278 3808 2.
308 3759 362 3803 ιι.
389 3761 420 3822 p.
448 3757 530 3822 729.
566 3745 638 3824 quia
667 3743 745 3804 illud
771 3743 898 3826 longino
923 3764 940 3806 ι
968 3745 1089 3826 reliquo

1 3873 2 3921 ι
52 3849 142 3908 litore
167 3849 203 3904 in
220 3861 308 3902 rnrre
324 3841 431 3902 versuo
445 3841 692 3926 septentrionem
708 3859 860 3916 excurrat,
885 3845 918 3908 h.
942 3845 965 3906 r's
985 3860 1090 3908 moute

1 3935 2 3960 ¹
54 3940 190 4038 (inusto.
236 3943 335 4002 Verba
355 3941 487 4004 duorum
507 3947 792 4020 promontoriorum
814 3945 850 4030 (ι
871 3945 985 4028 quibus
1005 3963 1089 4010 recte

50 4047 217 4131 expulsum
240 4043 284 4106 ost
313 4043 457 4128 illorum)
486 4047 647 4108 offendere
674 4049 777 4128 primo
808 4047 927 4108 intuitu
951 4047 1088 4130 possunt,

49 4171 119 4214 oum
138 4163 269 4236 praeter
287 4144 430 4210 Plinium
447 4149 558 4211 strabo
583 4151 679 4212 otium
699 4159 732 4226 5.
749 4169 781 4232 p.
797 4169 842 4212 m.
866 4151 944 4214 166.
964 4147 984 4212 s.
1005 4163 1088 4228 ott.
