2826 4936
287 449 345 510 ιφ
581 435 828 494 ronronrr
868 435 1036 492 aretae

287 613 444 676 meunt
462 627 524 672 noa
545 609 691 682 inſtruam
723 629 798 670 nam
824 605 984 670 sufiiciunt
1001 609 1055 670 vei
1074 608 1194 671 modici
1217 607 1317 670 notter.

291 713 360 796 lpse
375 715 463 774 enim
481 713 520 773 stc
533 713 684 794 explicuit
704 711 743 770 ad
763 709 818 771 lib.
838 729 871 773 e.
891 731 959 794 cap.
975 727 1009 774 α.
1031 713 1156 794 iugum,
1179 711 1258 771 litut
1274 727 1318 770 et·

291 814 426 884 celsum,
452 833 517 895 quo
540 813 640 875 Melea
662 813 744 874 smua
763 813 915 894 utrinque
935 815 1157 898 praecingitur.
1197 832 1221 874 1.
1246 828 1318 870 oao-

294 935 420 980 1ortra
448 918 483 976 in
513 917 600 976 notis
628 911 856 1004 posterioribus.
927 915 1014 976 Mihi
1045 915 1123 976 haec
1155 915 1317 974 videntur:

292 1017 380 1080 Mela
395 1017 470 1078 inde
487 1017 526 1078 ab
543 1017 637 1078 initio
651 1017 747 1078 huiua
767 1017 839 1076 libri
855 1014 1014 1098 descripfit
1034 1035 1102 1078 orae
1119 1016 1252 1084 Oceani,
1273 1031 1319 1073 ex·

294 1119 380 1182 orsna
407 1140 424 1180 a
447 1119 589 1189 Baetica,
619 1119 669 1178 uti
694 1137 761 1200 cap.
782 1137 813 1182 r.
840 1117 986 1181 declarat.
1041 1119 1126 1180 Hinc
1150 1115 1321 1200 progreffm

293 1221 375 1282 ultra
402 1219 551 1300 Caspium
579 1219 681 1282 finum
710 1217 856 1290 subfistit,
887 1233 921 1280 et
941 1217 1084 1281 reversus
1113 1219 1153 1281 ad
1180 1219 1321 1280 Baeticae

293 1321 387 1384 ilium
409 1321 616 1384 constitutum
639 1323 830 1392 terminum,
861 1321 977 1382 eodem
994 1322 1124 1390 ordine,
1150 1339 1217 1401 quo
1239 1331 1323 1380 antea

295 1441 376 1492 orae,
398 1443 484 1484 nunc
498 1423 675 1486 adiacentes
691 1421 806 1484 insulae
818 1420 1024 1504 persequitur.
1055 1425 1122 1484 lam
1137 1437 1217 1482 vero
1232 1439 1324 1504 angu-

295 1523 363 1586 lum
373 1523 517 1586 Baeticae
532 1525 666 1584 minime
682 1525 735 1586 hic
750 1527 954 1594 memoravit,
975 1521 1026 1586 [ed
1042 1523 1098 1586 lih.
1111 1541 1142 1585 a.
1158 1543 1187 1586 c.
1198 1523 1233 1584 6.
1250 1533 1325 1582 extr.

294 1625 430 1690 Iunonie
452 1629 727 1708 promontorium,
761 1625 849 1706 qnod
868 1625 1002 1710 obliquo
1019 1627 1094 1709 iugo
1112 1625 1147 1686 in
1164 1624 1326 1686 Oceanum

297 1739 454 1794 excurrat,
481 1726 566 1788 unde
581 1727 802 1788 emendationi
823 1727 965 1790 colorem
980 1725 1135 1810 adspergit
1159 1728 1185 1788 1.
1205 1725 1326 1785 Grono-

297 1829 380 1891 vine.
432 1828 473 1890 dt
493 1827 606 1912 iugum
629 1827 708 1888 illud
731 1848 807 1888 curn
829 1827 865 1888 fit
890 1828 1166 1911 promontoriiin
1193 1825 1327 1893 Baetice,
1395 1853 1396 1860 ¹

297 1929 412 1990 durum
439 1926 567 1992 videtur
591 1928 668 1989 illud
698 1930 837 1990 omnino
863 1929 1009 1993 Baeticae
1038 1931 1149 2014 iugum
1176 1927 1329 2008 adpellare

296 2041 390 2112 atque
414 2029 489 2090 inde
513 2027 552 2090 fic
575 2029 704 2090 initium
728 2029 835 2092 corsua
864 2031 990 2094 ducere.
1041 2031 1169 2092 Deinde
1191 2031 1225 2089 in
1252 2045 1330 2089 νοω

296 2145 362 2192 tam
387 2145 462 2191 nota
484 2131 540 2190 vix
559 2128 691 2214 suspicio
712 2129 811 2194 factae
833 2133 1071 2211 mutationiain
1094 2131 1240 2192 librario·
1262 2149 1330 2192 con·
1398 2102 1399 2160 ¹

296 2229 372 2294 ferri
394 2230 505 2312 potest.
555 2233 702 2314 Denique
724 2233 862 2318 angulus
882 2249 993 2297 mutua
1008 2235 1129 2296 ratione
1145 2233 1276 2300 dicitnr,
1301 2241 1330 2290 et
1399 2218 1400 2254 ¹

297 2345 419 2418 praeter
449 2332 591 2394 usitatam
621 2333 886 2418 significationem
917 2335 1005 2420 (vid.
1027 2355 1057 2405 a,
1083 2353 1136 2413 ¹9·
1159 2336 1195 2397 6.
1219 2349 1255 2394 et
1277 2345 1328 2394 ια.
1400 2332 1401 2354 ¹

302 2451 332 2504 Ω.
358 2451 388 2504 e,
411 2431 466 2518 5.)
499 2435 530 2494 id
553 2435 650 2495 etiam
676 2435 825 2506 declarat,
859 2439 947 2518 qnod
971 2437 1106 2522 anguine
1128 2437 1223 2532 altera
1245 2445 1329 2517 parte

298 2533 412 2605 efficit,
438 2556 556 2617 nempe
571 2538 803 2600 extremitatem
821 2551 921 2600 terrae
940 2542 973 2600 in
991 2559 1123 2600 acumen
1138 2533 1260 2620 fastigio
1280 2532 1329 2594 suo

299 2639 454 2702 exeuntia,
507 2637 578 2698 Hoc
594 2637 688 2700 docet
709 2639 841 2724 insignit
862 2641 950 2702 locua
969 2654 1000 2718 3,
1027 2661 1081 2710 to,
1106 2651 1139 2715 5.
1170 2637 1228 2696 nbi
1257 2636 1330 2697 haec

300 2739 467 2822 leguntttrt
501 2738 638 2821 Reliqua
663 2737 706 2832 est
733 2762 789 2801 ora
817 2743 1044 2805 Mauretaniae
1067 2741 1218 2807 exterior,
1244 2749 1278 2798 et
1300 2737 1331 2794 r'rt

291 2837 393 2936 finem
408 2834 464 2932 joi
475 2830 673 2932 fustigantir
686 2831 725 2931 sa
744 2833 879 2931 Africae
902 2837 1078 2932 uotiffimns
1098 2839 1245 2920 ungarius.
1285 2835 1333 2896 lbi

299 2945 387 3004 enim
405 2954 512 3024 aperte
532 2961 602 3002 eam
622 2941 837 3004 Mauretaniae
857 2957 979 3025 partem
1001 2943 1165 3024 intelligit,
1191 2955 1272 3020 quae
1294 2936 1334 2997 ad

300 3041 466 3104 Oceanum
483 3041 591 3105 versut
614 3041 731 3104 fretum
755 3043 875 3128 fastigio
892 3043 947 3104 suo
966 3046 1089 3106 excedit
1105 3056 1137 3101 et
1158 3041 1334 3123 prominet.

301 3141 420 3226 Quodsi
438 3161 512 3202 vero
528 3144 561 3202 in
576 3145 643 3206 eiut
657 3149 854 3207 extremitate
867 3147 908 3208 est
923 3145 1192 3226 promontorium,
1215 3141 1334 3219 tmpe-

299 3241 385 3310 luBa,
410 3243 460 3302 cni
479 3243 614 3306 lunonis
630 3245 797 3307 adversum
814 3246 857 3308 est
876 3249 908 3309 in
926 3247 1061 3316 Baetica,
1087 3266 1103 3306 a
1121 3263 1185 3326 quo
1202 3242 1254 3302 hic
1268 3240 1333 3300 Bne

299 3341 399 3408 dubio
421 3343 600 3414 exorditur,
633 3347 769 3431 intelligi
802 3349 898 3410 etiam
926 3347 1021 3409 debet
1051 3349 1155 3415 locut,
1187 3343 1276 3404 unde
1297 3341 1332 3402 iu

299 3445 433 3509 Iunonie
449 3449 707 3526 promontorium
723 3447 806 3510 facto
821 3451 937 3534 angnlo
953 3463 1032 3510 terra
1046 3447 1179 3508 excedit.
1205 3441 1332 3504 Luben-

299 3545 363 3612 tiue
387 3547 512 3630 largiar,
544 3549 689 3611 excidiffe
715 3553 900 3634 particulam
931 3548 988 3618 ab,
1023 3567 1104 3630 qnae
1129 3559 1162 3608 et
1187 3543 1330 3606 excidere

300 3661 430 3732 propter
452 3647 622 3730 sequente
644 3648 734 3713 facile
755 3654 872 3734 potuit.
924 3651 1025 3714 Porro
1049 3649 1155 3712 adhue
1175 3665 1271 3728 risque
1291 3662 1329 3706 ex

302 3751 425 3814 Mssus
441 3765 525 3814 recte
541 3751 584 3814 est
602 3753 790 3834 repositum,
817 3753 871 3816 etfi
894 3751 932 3814 ab
948 3754 1044 3814 altero
1062 3749 1143 3812 nihil
1160 3745 1227 3832 ipso
1244 3741 1329 3810 sensu

300 3853 472 3938 diecrepat;
504 3871 562 3934 pro
584 3853 736 3918 hactenus
753 3855 859 3916 tamen
876 3855 1013 3935 pofitum
1034 3851 1159 3915 rariorit
1181 3848 1225 3912 est
1247 3844 1329 3910 usur.

300 3947 349 4019 Τὸ
366 3956 460 4016 etiam
483 3953 567 4018 delet
582 3953 789 4028 ciaccontun
812 3975 921 4018 vacare
940 3959 1038 4018 euim.
1078 3951 1204 4033 Nempe
1225 3945 1330 4012 retulit

299 4057 338 4121 ad
361 4057 544 4144 proximum
564 4057 714 4124 adiacent
731 4077 804 4124 curu
820 4058 957 4144 antiquie
979 4053 1184 4124 editionibut·
