2784 4944
282 440 344 506 550
588 425 832 484 routotttt
867 424 1025 482 tunm

284 595 557 666 [simmattssimam
583 600 772 682 periodum,
811 600 886 660 exin
909 597 999 662 facile
1017 598 1197 683 intelligas,
1231 595 1332 658 illum

266 704 421 775 nescire,
453 705 530 784 quid
552 703 598 762 rei
620 702 839 782 superindue.
891 701 975 762 lllutl
995 719 1074 768 vero
1097 697 1234 778 Tortroiu
1257 719 1331 780 per·

284 827 381 889 quam
409 807 573 886 ineptum,
606 823 679 864 oum
709 821 769 864 uec
792 801 949 864 Graecum
980 799 1032 873 fit,
1072 823 1132 864 nec
1160 799 1329 862 Latinum.

288 909 480 970 Tomentum
497 905 618 974 Latini,
645 905 757 965 Graeci
779 903 966 966 Tauroenta,
981 917 1115 992 vocant;
1140 919 1173 964 et
1191 902 1231 963 su:
1247 901 1331 966 033-

284 1007 339 1072 iar.
369 1004 429 1094 [de
447 1008 485 1068 Β.
504 1005 542 1068 C.
560 998 665 1091 Mu]
694 1025 823 1067 voestve
845 1007 878 1092 irs
898 1003 1073 1086 appendice
1088 1005 1180 1072 adt.
1198 1004 1239 1066 l.'
1274 999 1331 1065 To*

282 1107 355 1200 post
381 1101 629 1188 frequentiffime
663 1109 698 1167 in
728 1107 789 1168 hoc
814 1105 928 1188 scripto
956 1106 1146 1172 adverbium
1174 1105 1235 1177 ell3
1271 1103 1330 1165 fed

283 1214 379 1272 etium
403 1206 445 1274 ri
465 1223 575 1280 extro,
605 1229 669 1296 gua
694 1209 811 1270 vocula
841 1203 953 1298 pnlltm
980 1223 1142 1270 auctorem
1173 1209 1221 1266 uti
1253 1205 1329 1287 post

284 1311 438 1397 egselium
461 1329 499 1372 ex
519 1295 605 1384 suus,
632 1308 800 1391 iamiupsa
824 1305 879 1396 [ad
901 1325 933 1378 2,
953 1324 984 1380 2,
1005 1302 1060 1394 8.]
1084 1309 1328 1370 declaravimus.

283 1415 334 1477 Au
353 1433 427 1496 ergo
443 1433 607 1492 nunquam
622 1407 662 1474 τό
684 1427 774 1472 extra
789 1412 835 1471 illi
851 1413 969 1492 placuit
987 1411 1218 1472 constructione
1234 1429 1328 1491 proe-

283 1513 471 1598 positionis?
524 1515 629 1574 lnuno
650 1513 705 1574 lib.
724 1527 756 1591 5.
779 1533 806 1574 c.
830 1525 865 1588 lt.
891 1525 985 1574 extra
995 1509 1116 1603 smum,
1142 1533 1251 1574 verum
1274 1523 1327 1570 tn·

284 1638 353 1680 meu
379 1619 412 1676 iu
425 1605 520 1702 flexu
545 1616 717 1678 etiamnum
743 1613 865 1674 modico
897 1612 1000 1675 Rubri
1028 1617 1136 1676 maris.
1201 1613 1326 1674 Omnia

284 1719 410 1786 docent,
434 1711 475 1778 ro*
496 1713 568 1806 pist
590 1715 643 1774 hic
657 1714 716 1776 elle
736 1715 1014 1798 praepositionem.
1037 1745 1088 1760 —
1125 1718 1244 1776 Totam
1261 1715 1328 1774 loci

284 1819 382 1880 huius
404 1815 651 1878 controversiam
667 1817 776 1878 retulit
795 1819 829 1878 in
849 1815 1023 1878 acctrlntivo
1046 1817 1198 1886 Tauroin,
1223 1835 1328 1896 quem

284 1937 352 1980 non
367 1918 472 2000 potuit
491 1937 697 1998 concoquere,
721 1919 762 1980 lic
779 1933 815 1978 ut
830 1939 889 1980 nec
906 1919 1072 1988 Graecum,
1094 1939 1153 1980 nec
1170 1919 1326 1978 Latinum

285 2019 345 2082 elle
371 2019 568 2099 pronuntiet,
594 1998 852 2099 pronuntiatum,
880 2023 1006 2100 opinor,
1033 2019 1122 2082 idem
1145 2019 1324 2088 Holllenio,

284 2121 338 2202 qui
354 2123 391 2180 ad
410 2119 570 2180 Ortelium
597 2116 650 2204 [p.
673 2115 774 2205 186.]
800 2121 838 2181 stc
858 2135 1040 2183 notaverat:
1075 2123 1158 2202 apud
1180 2121 1328 2202 Pompo·

283 2222 376 2282 nium
404 2221 522 2280 Melam
549 2235 694 2302 corrupta
721 2221 798 2282 haec
822 2242 888 2283 vox
918 2225 951 2284 in
982 2223 1125 2293 otanon,
1165 2221 1220 2282 ubi
1248 2223 1325 2284 MS.
1362 2243 1367 2253 ·

284 2321 438 2384 Losorion.
501 2322 562 2381 Sed
590 2321 760 2405 legendum
795 2324 878 2384 houd
905 2323 1002 2384 dubie
1028 2324 1235 2392 Taureutum,
1268 2323 1328 2383 vel

284 2425 394 2508 potius
415 2421 530 2482 Graeca
550 2419 741 2484 formatione
768 2423 909 2486 Taurois.
962 2423 1095 2488 cautam
1118 2425 1225 2506 prodit
1247 2423 1327 2484 Vos-

283 2523 382 2587 lius.“
421 2525 538 2603 inquo
564 2516 726 2610 [Voffius]
750 2527 867 2601 imitari
882 2526 1131 2597 voluitlllelam,
1154 2525 1202 2603 [u.
1219 2535 1254 2604 4,
1269 2529 1326 2606 8.]

284 2626 394 2689 Extra
410 2623 589 2704 Sipontum,
616 2625 682 2694 vel,
698 2637 734 2686 uc
752 2627 843 2687 Graii
860 2625 975 2698 dixere,
1002 2609 1108 2705 Sipus,
1135 2629 1189 2708 qui
1211 2640 1325 2686 tamen

283 2727 368 2808 apud
402 2725 540 2792 Graecos
569 2725 709 2810 agnoseit
737 2727 851 2808 Onnes.
878 2761 928 2776 —
980 2729 1043 2790 Sed
1069 2749 1107 2788 an
1140 2727 1250 2790 Caesar
1277 2727 1326 2788 est

284 2826 444 2890 Graecus?
496 2825 572 2888 Nun
590 2827 700 2888 Graeci
715 2815 824 2912 megin,
845 2849 941 2910 ‚quam
958 2829 1073 2896 Latini,
1096 2829 1136 2889 fic
1151 2842 1324 2898 vocarunt,

282 2931 401 3010 quippe
423 2928 538 3010 quibus
551 2930 650 2990 multa
667 2929 782 2990 Graeca
797 2933 896 3014 magis
913 2931 1114 3012 placuerunt,
1140 2951 1234 3010 quern
1257 2927 1322 2992 lua.

282 3033 369 3092 Talis
390 3029 433 3090 est
455 3027 519 3110 ipse
542 3029 645 3091 noller
667 3031 875 3112 Pomponius.
926 3033 1003 3100 Sed¹
1018 3051 1113 3111 quom
1136 3033 1324 3092 Tauroenta

282 3145 417 3202 vocant,
444 3149 514 3192 enm
531 3132 716 3206 nonetiem
736 3146 859 3212 queunt
881 3151 1002 3202 vocare,
1015 3133 1190 3202 Touroirri,
1225 3133 1323 3193 Patet

283 3233 442 3315 analogia,
473 3231 622 3302 Taurois,
652 3231 846 3304 Tauroeuta,
879 3233 1095 3304 Tauroirr,·ut
1110 3233 1242 3304 Simois,
1270 3233 1323 3294 st-

283 3344 426 3402 nsoeutn,
461 3344 498 3391 ut
522 3333 687 3414 aliquoties
711 3335 796 3418 ep'nd
820 3335 1007 3417 Virgilium,
1039 3355 1184 3418 proquo
1211 3347 1322 3396 tamen

283 3434 413 3496 Servius
430 3433 506 3494 dicit
523 3435 556 3493 in
571 3436 714 3517 genitivo
732 3436 846 3496 Simois
859 3436 897 3496 ad
914 3435 969 3496 lib.
989 3455 1017 3498 1.
1036 3437 1115 3498 tien.
1136 3434 1215 3498 veri.
1238 3447 1319 3514 304.

284 3533 341 3596 etsi
364 3533 416 3594 ille
436 3535 512 3594 citet
529 3525 738 3618 virgilianum
754 3523 931 3608 Simoentis,
950 3538 1043 3618 ,quod
1060 3557 1160 3617 quum
1177 3551 1320 3599 occurrat

283 3631 364 3696 vers.
385 3635 471 3697 630.
491 3634 537 3694 ibi
553 3648 658 3696 temen
674 3637 752 3698 dicit
766 3639 849 3698 circo
862 3632 1002 3725 fluvium
1019 3639 1147 3700 Simoin.
1174 3640 1208 3700 Si
1221 3639 1319 3704 ,habe-

282 3755 391 3796 remus
407 3737 441 3795 in
458 3735 578 3798 Latinis
594 3737 695 3818 aliqua
711 3738 751 3799 de
765 3739 944 3810 Selinunte,
964 3758 1031 3816 non
1048 3738 1187 3822 ambigo,
1211 3740 1321 3817 similia

285 3850 448 3918 repertum
472 3837 510 3896 iri
530 3831 703 3912 Σελινόεις,
733 3834 900 3915 Σελινοῦς.
942 3843 997 3904 vu
1018 3839 1171 3902 ridicula‘l
1208 3841 1320 3921 Scylax

286 3933 338 4026 [p.
364 3952 423 4016 53.
443 3933 565 4024 Huni]
593 3933 765 4002 Σολόεσαν
792 3933 911 4028 ἄκραν,
944 3962 1042 4024 quae,
1076 3955 1113 4002 ut
1138 3954 1171 4002 et
1195 3945 1322 4003 notavit

284 4037 421 4110 Vossius,
444 4038 603 4118 Hesychio
619 4042 734 4102 dicitur
754 4037 951 4118 Σολουντὶς,
979 4043 1163 4106 Ptolemaeo
1187 4037 1245 4131 [4,
1261 4039 1318 4132 6.]

284 4136 469 4206 Σολοεντία
496 4133 601 4232 ἄκρα,
635 4155 800 4208 ettamen
828 4143 954 4210 Voffius
977 4146 1013 4208 in
1040 4147 1144 4230 prime
1169 4145 1321 4232 lanugine
