2792 4940
4 79 9 216 l

6 452 12 533 Ι
361 469 449 526 utu
479 473 516 527 u.
560 473 592 528 c.
621 471 659 526 tt.
702 469 779 548 t9.
1033 489 1092 554 ¹³9

61 641 164 721 rliquid
190 642 415 724 propinquum
439 643 553 714 lotere;
593 643 669 706 intle
701 655 737 704 tu
769 643 895 708 excitari
927 633 1090 712 debueret.

63 745 147 824 Quod
165 747 244 823 quie
266 745 375 804 noluit
394 741 536 814 Volliut,
562 759 601 805 ut
624 741 762 827 semper,
788 747 905 809 idcirco
925 767 1012 810 uuue
1036 769 1089 812 ve·

62 865 121 902 tum
144 865 186 905 en
209 845 291 914 tibi,
326 846 373 905 mi
396 845 526 914 Lector.
559 864 657 926 quum
680 845 766 908 Melo
786 847 909 911 dederit
925 861 956 910 et
977 861 1093 930 portur

62 941 210 1031 liu'rpeu3
255 946 346 1008 Eion
368 943 460 1016 urbs,
490 947 652 1008 Acanthos
672 959 732 1010 etc.
797 949 882 1012 llaec
903 953 993 1012 euim
1015 951 1091 1014 urbe

62 1041 147 1108 'ilitbr
180 1047 224 1106 ab
255 1047 409 1109 omnibut
438 1048 565 1110 Groeeit
597 1047 769 1112 ostentatur
800 1052 838 1110 ed
871 1053 1089 1132 strymonem.

62 1147 150 1216 llaec,
177 1167 286 1228 quum
310 1151 420 1232 ignota
439 1148 529 1218 esset,
555 1149 646 1212 vitiet
666 1147 828 1212 manifeste
850 1151 925 1214 binc
946 1153 1090 1216 exstitisse

63 1251 127 1307 illud
150 1263 252 1310 vetut
274 1249 450 1328 capntilon.
490 1269 514 1312 r.
542 1267 736 1312 onottovtvt
760 1253 792 1312 iu
812 1265 890 1314 rrotn
910 1253 1087 1346 ptfieriori.

62 1351 101 1410 lle
120 1351 267 1430 Stagiris
288 1363 380 1411 antee
397 1352 520 1411 dictum
542 1351 594 1414 eli.
657 1351 728 1413 Nee
749 1350 864 1424 insuit.
897 1355 983 1436 quod
1005 1369 1090 1418 reete

62 1453 177 1511 nunuit
202 1452 260 1512 hie
285 1451 474 1514 ciacconius
496 1453 602 1514 locutu
624 1451 735 1526 behet,
769 1471 843 1515 eum
870 1455 904 1516 itt
926 1455 1090 1520 straboni·

61 1557 206 1630 producto
231 1553 308 1614 loco
331 1549 361 1616 ἐν
383 1537 421 1638 ἦ,
447 1553 505 1614 nist
525 1555 558 1614 iu
578 1551 640 1635 ipse
655 1554 706 1614 illa
721 1553 800 1616 nrbe
816 1553 949 1616 insulam
968 1555 1089 1628 sintriae,

61 1656 89 1710 nl
110 1653 355 1716 Cherronesum
374 1653 483 1716 relerri
503 1654 631 1726 debeat,
666 1656 755 1718 cuiue
777 1657 936 1737 praecedit
954 1659 1088 1722 mentio.

58 1757 84 1813 ii
99 1757 306 1839 Stagiroruru
328 1757 503 1817 numenio
526 1755 575 1818 hie
597 1759 706 1826 lateat,
738 1757 846 1818 malim
865 1759 968 1842 legere
990 1761 1092 1822 turris

60 1855 235 1936 Stagirm
263 1869 302 1916 ut
318 1870 441 1918 tentum
456 1859 555 1940 aliqua
571 1856 656 1919 nrbit
668 1859 834 1926 memoria.
853 1856 974 1922 serente
992 1881 1089 1934 nexu.

59 1979 110 2016 nee
129 1959 265 2042 longine
291 1977 309 2018 tt
330 1957 505 2021 Codicibtu
525 1959 687 2021 aberrante
710 1958 867 2020 vocabulo
888 1961 993 2024 exiiet.
1049 1963 1090 2024 dt

57 2077 125 2116 tum
142 2061 174 2118 in
193 2073 312 2120 neutro
335 2061 413 2119 turri
434 2079 489 2120 cur
503 2059 676 2122 celebretur
690 2059 776 2122 eousa
793 2060 917 2142 prodet.
943 2063 1091 2124 lubenter

58 2160 201 2218 codicum
236 2161 367 2222 iudiciit
397 2161 598 2244 propioribus
630 2159 808 2242 adquiesco.
864 2163 967 2234 Eion.
1000 2163 1090 2245 quod

59 2259 84 2318 l.
104 2258 290 2322 Gronovius
309 2263 462 2330 coniecit.
496 2262 555 2322 litu
576 2263 707 2344 quidem
727 2263 896 2333 convenit.
935 2277 967 2326 et
989 2285 1089 2347 prope

59 2361 261 2438 Strymonem
285 2353 416 2443 ponilur
430 2364 468 2424 ub
485 2364 649 2424 Herodoto
669 2377 701 2434 7,
725 2375 783 2440 25.
809 2363 959 2443 Tltuoyd.
975 2375 1009 2442 4.
1027 2380 1088 2442 50.

61 2461 193 2542 aliisque.
249 2463 347 2524 Plura
371 2465 411 2524 do
434 2467 491 2525 situ
511 2465 631 2525 debunt
653 2463 822 2526 Berkelitu
850 2477 883 2526 et
907 2465 1090 2528 llolsieniue

62 2563 94 2619 td
118 2565 342 2646 Stephanum,
375 2565 428 2626 iile
453 2585 485 2647 p.
515 2577 597 2644 578.
628 2563 680 2626 hic
708 2585 740 2647 p.
772 2573 852 2641 tna.
886 2566 925 2626 id
952 2587 1091 2648 quorum

60 2663 289 2744 disputationes
303 2668 440 2745 pertinet
458 2667 594 2728 Diodor.
608 2667 669 2728 Sic.
692 2685 745 2734 tr.
764 2681 795 2729 2.
824 2665 878 2746 qui
899 2666 981 2728 Atho
997 2687 1090 2728 mon·

60 2777 118 2824 tem
139 2769 173 2826 in
200 2765 397 2829 Chersoneso
416 2769 506 2838 locat,
533 2767 587 2828 etst
606 2767 656 2827 illa
678 2786 695 2827 t
715 2761 875 2836 'lutetiae
902 2785 982 2847 quoe
998 2787 1090 2830 voce·

60 2877 112 2932 tur.
140 2865 356 2936 Cherroneso.
382 2868 425 2929 est
447 2865 577 2930 diversa.
627 2869 668 2928 At
683 2881 715 2928 et
737 2867 797 2929 boc
816 2867 942 2952 longine
959 2867 1091 2932 discedit

59 2986 73 3024 a
95 2968 193 3030 libris.
258 2967 359 3030 Malui
382 2971 478 3054 igitur
496 2971 634 3030 retinere
654 2981 783 3048 portur.
817 2963 957 3054 Κάπρου
980 2964 1089 3058 λιμὴν,

60 3071 141 3146 quod
158 3069 294 3142 suadent
307 3071 452 3132 melioret
468 3071 590 3132 oudinet
606 3083 637 3130 et
653 3067 755 3130 lilelte
771 3067 826 3130 usu
845 3069 1007 3150 probatur,
1033 3073 1090 3152 qui

62 3169 96 3228 tic
118 3171 243 3231 lntinie
261 3169 375 3234 Graeca
398 3171 549 3233 subiicere
573 3169 661 3234 solet.
711 3171 764 3234 ste
788 3183 821 3248 3,
847 3181 880 3248 8,
907 3189 937 3234 t.
963 3169 1089 3234 rubrum

61 3291 141 3332 mare
163 3301 219 3316 -
245 3267 381 3358 ἐρυθρὰν
404 3267 579 3336 θάλασσαν
606 3269 791 3352 adpellant,-
824 3285 857 3341 ι,
886 3289 915 3342 t,
940 3283 973 3352 3.
1000 3268 1090 3360 surus

60 3363 228 3463 portuosus
255 3387 287 3434 et
315 3375 383 3436 ideo
411 3368 512 3448 καλὸς
538 3365 634 3460 λιμὴν
664 3371 862 3453 adpellatur‚·
915 3393 944 3444 t,
975 3385 1028 3451 ¹8·
1055 3387 1089 3452 5.

66 3474 138 3534 Tum
152 3475 252 3566 jiuus
271 3475 366 3547 alter,
395 3471 537 3560 Ἀχαιῶν
559 3469 666 3562 λιμὴν.
720 3471 860 3544 Accedit.
887 3473 972 3553 quod
993 3468 1089 3558 λιμὴν

62 3578 155 3637 etiam
177 3573 298 3638 inillis
320 3578 414 3647 lucie,
439 3589 478 3638 ut
492 3576 544 3638 bic
566 3577 600 3636 iu
618 3573 710 3638 MSS.
732 3573 923 3657 quibusdam
945 3569 1001 3638 ltus
1021 3573 1091 3638 stri·

61 3675 153 3740 bitur.
208 3677 310 3758 Atque
331 3682 364 3740 id
386 3679 520 3762 praeivit
539 3678 682 3742 vinctu.

132 3883 164 3945 A
173 3902 221 3942 cn
232 3883 355 3944 rttlrot
364 3881 384 3964 )
416 3879 524 3944 Cibin.
540 3881 717 3954 nelwntott
737 3877 874 3966 lielnlig.
891 3877 1092 3952 acltantltosr

64 3981 151 4068 l'rtg.
174 3984 349 4056 nchoneos‚·
383 3981 466 4046 Gud.
488 3997 630 4046 utuntur.
675 3981 759 4046 Edd.
788 4001 817 4044 ι.
846 3995 879 4044 Ω.
905 3997 940 4060 9.
960 3997 1014 4044 tt.
1034 3991 1090 4055 13.

66 4081 218 4146 l'adionue
231 4084 426 4166 posteriores,
453 4097 510 4165 50.
530 4097 588 4163 32.
609 4097 668 4161 37.
688 4082 871 4156 Aebutium
895 4081 974 4144 uliae
989 4083 1091 4142 Acau-

67 4187 141 4260 tlros,
165 4187 255 4270 quod
272 4199 357 4252 recte
373 4185 478 4259 hebet,
504 4199 536 4248 et
552 4185 709 4250 Veditnut
723 4183 756 4246 in
771 4184 873 4268 prime
889 4181 1029 4246 dederet.
1131 4271 1135 4280 1
