2880 4940
285 429 347 500 294
582 421 820 482 roueoun
863 421 1026 478 natan

289 597 425 680 piuntur
440 595 472 656 in
488 596 637 658 omuibus
652 595 761 668 ferme.
788 617 866 680 quae
883 597 950 659 uidi
970 593 1222 678 exemplaribuet
1253 593 1336 656 Tum

91 701 97 738 ⁸
284 688 401 790 sylva.
435 719 515 780 quae
535 697 661 760 ebenum
682 700 853 784 odoresque
874 711 1020 781 generat.
1046 712 1077 760 et
1099 717 1195 758 manu
1209 687 1337 786 faetus

293 801 400 861 amnis
429 799 559 881 ideoque
584 793 782 889 referendus,
815 799 901 885 quoii
922 821 962 860 ex
987 799 1058 860 Nili
1087 800 1178 861 alveo
1200 799 1338 879 dioryge

295 901 455 964 adductus
476 913 569 962 extra
581 899 709 994 fluum,
741 923 848 965 verum
871 895 991 990 inflexu
1019 913 1124 962 tamen
1146 902 1246 960 etiam
1269 921 1336 960 non

294 1003 428 1066 modico.
466 1001 569 1064 Rubri
583 1005 681 1066 maris
700 1026 776 1086 pers
793 1001 896 1096 bestiis
912 994 1040 1094 infesta.
1065 1001 1193 1085 ideoque
1208 991 1337 1091 deferta

294 1103 354 1196 est,
379 1117 503 1184 partem
524 1106 687 1167 Pauebaei
704 1103 857 1166 habitant
873 1121 933 1167 etc.
975 1105 1037 1165 Alii
1053 1105 1179 1184 antiqui
1200 1103 1275 1163 libri
1296 1102 1337 1163 irc

295 1206 432 1266 habente
463 1219 665 1270 veruntamen
697 1201 817 1295 inflexu
849 1207 944 1268 etiam
967 1225 1042 1269 uon.
1093 1205 1242 1267 Omnino
1265 1203 1337 1264 ieri·

295 1305 459 1370 bendum:
494 1307 580 1390 qreod
599 1329 640 1370 eea
653 1309 727 1370 Niii
741 1309 829 1370 alveo
851 1307 979 1390 dioryge
999 1305 1170 1369 adductus.
1222 1306 1337 1368 Exere

288 1405 417 1502 fluum.
441 1423 645 1471 veruntamen
660 1413 692 1472 in
698 1403 793 1500 flexu
813 1411 984 1470 etiamnum
1007 1407 1130 1469 modico
1144 1405 1252 1469 Rubri
1271 1429 1336 1468 ma·

297 1513 357 1581 ris,
391 1531 470 1588 pars
502 1507 607 1602 bestiis
640 1505 760 1604 infesta
795 1507 925 1594 ideoque
956 1500 1079 1602 deserta
1105 1507 1169 1602 essf
1210 1523 1336 1588 partem

297 1611 467 1674 Panchaei
484 1611 646 1677 habitant.
696 1615 787 1674 Duos
806 1614 900 1674 marie
915 1613 1017 1674 Rubri
1039 1613 1139 1682 [inus.
1172 1611 1337 1673 Particum

296 1727 467 1796 nempe-et
484 1713 654 1776 Arabicum
678 1711 843 1795 descripiit.
896 1712 1040 1797 Egreffue
1064 1714 1127 1773 iarn
1142 1713 1249 1774 finum
1265 1715 1338 1776 Ara-

296 1813 424 1882 bicum‚
451 1817 577 1876 tertiam
593 1815 696 1878 Rubri
717 1815 810 1876 marie
830 1815 1015 1897 portionem
1034 1811 1207 1900 subiungit,
1234 1816 1338 1877 finum

298 1913 415 1978 iciiieet
438 1915 657 1990 Barbaricum,
690 1930 723 1979 et
741 1917 896 1998 quidquid
920 1915 1124 1995 Moiiyiicum
1145 1933 1338 1998 promunto-

297 2019 382 2078 rium
399 2029 431 2078 et
451 2017 625 2080 Ceraunios
645 2018 736 2084 saltur
758 2019 931 2080 interiacet.
984 2017 1091 2080 Huiue
1112 2017 1197 2080 [inne
1217 2020 1338 2082 accolae

296 2115 371 2179 iacit
389 2117 571 2181 Panchaeos
592 2135 623 2181 et
637 2121 826 2204 Pygmaeae.
856 2137 998 2182 voesrve.
1048 2119 1203 2199 Exposita
1217 2119 1291 2183 satie
1307 2136 1338 2183 et

296 2219 503 2301 probabiliter
519 2221 559 2282 de
575 2221 625 2284 his
640 2221 803 2294 disseruit,
830 2233 867 2283 ut
881 2221 920 2284 ad
936 2217 1036 2304 ipsam
1055 2220 1235 2284 lectionem
1258 2223 1338 2286 nihii

295 2339 379 2406 opu·
402 2321 437 2384 fit
459 2323 585 2388 addere.

374 2547 507 2589 verum
532 2529 573 2590 in
591 2519 719 2620 flexu
735 2557 785 2573 -
795 2525 814 2611 )
863 2527 982 2614 Magna
997 2528 1100 2590 inhac
1113 2542 1205 2611 parte
1220 2550 1236 2591 a
1250 2529 1334 2592 tibris

300 2627 451 2690 obiicitur
479 2632 626 2692 lectionis
654 2633 797 2692 varietas.
833 2632 884 2692 De
904 2631 1035 2715 singulie
1056 2634 1264 2693 monendum
1287 2631 1337 2695 eit

298 2729 489 2793 Heniiciriua
508 2734 609 2810 (34.)
631 2733 736 2792 omisit
755 2753 881 2806 verum‚·
906 2733 998 2816 l'rag.
1023 2731 1128 2793 Havn.
1153 2731 1341 2824 habentes}

297 2853 392 2904 verae
418 2833 565 2896 Ciaccon.
588 2854 695 2894 verum
715 2827 832 2916 irfiexv
852 2834 1045 2907 etiamnum‚·
1078 2829 1206 2896 Voffiua
1220 2855 1262 2897 ex
1279 2834 1341 2896 suia

298 2933 418 2995 adfert:
452 2947 661 2996 verumtamen
684 2929 803 3022 injiexu
822 2935 917 2995 etiam
936 2955 1018 3007 non,·
1049 2935 1076 2998 1.
1093 2934 1284 2999 Gronovius
1301 2956 1344 2998 ex

300 3037 428 3097 duobue
457 3055 563 3096 verum
593 3031 711 3123 irfiexu
742 3049 847 3097 tanren
877 3037 1049 3096 etiamnum
1079 3037 1203 3098 modico
1233 3037 1345 3100 Rubri

298 3137 407 3206 maris.
430 3151 463 3196 et
479 3157 517 3197 ex
531 3137 663 3198 Manioi·
681 3157 786 3198 verum
801 3139 836 3198 in
849 3131 969 3222 flexum
984 3150 1111 3211 tamen,·
1134 3139 1171 3201 Δ.
1188 3139 1345 3204 Gronov.

298 3259 337 3301 ex
354 3237 560 3318 quibusdam:
586 3259 692 3300 verum
709 3231 826 3325 inflexu
844 3251 961 3308 tamen,
984 3253 1017 3299 et
1030 3259 1069 3300 ex
1080 3239 1161 3302 Voii.
1177 3261 1209 3304 1.
1226 3263 1346 3303 verun-

298 3353 404 3400 tamen
435 3333 553 3422 infiexn
582 3341 677 3400 etiam
701 3360 764 3400 non
784 3337 889 3400 Rubri
909 3341 1025 3412 maris,·
1061 3360 1100 3402 ex
1121 3344 1203 3403 meio
1226 3343 1342 3408 Cibin.

296 3443 442 3524 proximo
460 3439 498 3500 ari
521 3440 602 3503 voit.
626 3453 863 3520 verumptamen
885 3441 917 3501 in
937 3435 1025 3524 flexu
1046 3443 1141 3502 etiam
1164 3463 1229 3504 nan
1251 3444 1344 3506 rubri

296 3545 415 3614 maris,·
449 3543 546 3604 Vatia.
575 3563 605 3604 r.
626 3563 733 3604 verum
754 3545 786 3602 in
797 3535 891 3629 flexu
914 3554 1021 3602 rarnen
1040 3545 1137 3604 etiam
1160 3565 1226 3605 nou
1249 3544 1343 3607 rubri

297 3646 413 3715 nimiu
443 3644 542 3705 Varie.
563 3657 595 3721 5.
614 3645 708 3703 etiam
732 3663 795 3704 non
817 3643 939 3702 modico
956 3663 980 3706 r.
1004 3665 1045 3705 m.
1081 3644 1269 3707 l‘arifieniea
1293 3649 1342 3714 in,-

207 3736 209 3742 ’
287 3741 398 3836 flexu,
426 3743 476 3806 red
504 3743 597 3806 Parii.
621 3764 648 3806 r.
674 3747 767 3804 etiam
788 3764 851 3804 non
874 3740 972 3814 rubri,
1005 3761 1039 3808 2.
1062 3757 1093 3805 et
1115 3767 1180 3806 eron
1200 3747 1338 3820 modico,

299 3863 332 3922 3.
357 3861 462 3907 tamen
479 3858 510 3906 et
526 3865 590 3906 uon
611 3843 696 3905 rubri
703 3865 715 3915 ,·
750 3847 861 3906 Venet.
882 3838 1000 3933 inflexu
1022 3858 1129 3907 tamen
1150 3849 1249 3909 etiam
1270 3871 1336 3911 non

294 3949 418 4008 modico
434 3945 518 4006 rubri
533 3951 648 4019 maris,·
681 3947 787 4007 Havn.
808 3965 882 4006 vera
900 3940 1019 4032 irfiexu
1035 3959 1141 4008 tamen
1155 3951 1256 4010 etiam
1269 3972 1335 4012 uon

294 4049 436 4118 moabiam·
475 4048 612 4110 Vindob.
636 4041 753 4135 inflexu
779 4060 885 4108 tamen
914 4047 1008 4106 etiam
1032 4069 1096 4108 uon
1118 4047 1207 4111 rubri
1228 4055 1336 4124 maris,

253 4193 259 4204 .
292 4153 343 4210 mi
367 4151 453 4212 Gud.
478 4149 651 4236 Rehdiger.
682 4149 859 4233 Lipsieniia.
910 4149 1083 4214 Editionee
1107 4149 1205 4214 haec:
1245 4175 1274 4217 r.
1302 4169 1338 4218 a.
