2788 4942
382 471 472 528 aru.
505 473 558 526 ιιι.
602 471 635 527 c.
657 473 680 526 1.
723 471 747 540 t.
771 481 801 546 4.
1074 485 1111 546 15

72 637 125 730 [in
148 661 206 706 ora
230 645 335 708 merit.
360 665 393 708 v.
419 641 526 734 263.]
563 645 715 728 Geryonis
740 637 861 732 [vulgo
887 643 933 704 ibi
961 657 995 706 et
1015 645 1113 708 hodie

77 743 246 834 Gerontis]
273 769 336 809 arur
355 746 397 840 est
419 749 557 820 eminns;
582 769 717 830 namque
733 769 773 806 etr
792 767 829 806 ea
848 747 994 827 Ger-yona
1014 769 1113 828 arran·

72 846 146 906 dam
161 863 385 930 nuncupatam
402 851 590 930 accepimns.
641 850 690 910 Ex
707 849 769 910 hoc
791 849 862 910 loco
884 849 1111 930 proculdubio
1187 867 1191 884 ·

71 965 266 1012 correctores
288 951 500 1032 depravarunt
528 951 617 1012 hunc
635 949 824 1033 Pomponii.
876 949 971 1014 Prius
990 951 1111 1036 legeba-

70 1061 137 1110 tur:
176 1051 346 1130 (lemonia,
381 1073 449 1114 non
477 1051 639 1135 Geryonis.
690 1051 755 1116 Pro
782 1053 1006 1112 monimentum
1035 1075 1111 1116 vero

72 1153 308 1226 munimentum,
334 1155 390 1216 nili
413 1153 512 1226 fallor,
539 1156 657 1216 rectior
677 1153 802 1238 legeris.
839 1151 971 1215 Certum
992 1153 1035 1216 eil
1059 1173 1112 1215 ve-

69 1273 131 1312 ram
148 1255 233 1316 benc
253 1255 314 1318 elle
331 1257 522 1327 lectionem,
551 1270 584 1318 et
601 1277 618 1319 ιι
633 1253 797 1338 Caepione
814 1257 927 1315 turrim
949 1255 1001 1316 hic
1023 1253 1112 1318 inilie

71 1355 274 1428 exstractam,
306 1377 374 1419 non
398 1357 594 1436 eGeryone.
649 1357 778 1441 Colligo
800 1355 861 1418 hoc
883 1375 922 1418 err
944 1357 1110 1428 Strabone.

70 1459 154 1519 cuiue
171 1457 274 1520 verba
290 1459 366 1521 haec
384 1457 455 1520 lunt
477 1459 533 1522 lib.
555 1473 587 1538 3.
615 1453 666 1544 [p.
687 1461 746 1538 96.
761 1457 784 1521 i.
804 1452 905 1544 ι4ο.]
933 1453 999 1520 lini
1016 1455 1032 1522 ὁ
1050 1457 1111 1524 τοῦ

69 1557 254 1632 Καιπίωνος
293 1550 416 1646 πύργος
448 1557 575 1648 ἵδρυται
614 1553 663 1622 itti
701 1557 822 1646 πέτρας
860 1552 1111 1648 ἂμφικλύστου.

69 1659 149 1723 Male
175 1663 283 1746 vulgo
309 1661 499 1736 Καπίωνος,
536 1663 622 1744 quorl
659 1681 825 1746 perperam
858 1663 1021 1746 corrigunt
1050 1663 1113 1724 viri

71 1761 160 1824 docti.
203 1765 365 1848 Quemvis
383 1779 492 1826 autem
515 1765 610 1824 multi
628 1759 747 1824 inerint
761 1763 949 1844 Caepiones,
973 1763 1113 1824 dubitari

70 1875 171 1926 temen
195 1885 266 1926 non
290 1865 407 1948 potest.
438 1869 517 1948 quin
544 1868 585 1934 is,
616 1867 671 1946 qni
689 1865 1113 1928 munimentumfivePha·

72 1983 137 2024 nnn
156 1967 249 2028 inam
267 1967 427 2036 exstruxit,
456 1965 551 2030 inerit
567 1967 712 2050 Quintus
728 1967 882 2028 Servilint
903 1965 1032 2049 Caepio.
1056 1969 1111 2048 qui

71 2066 106 2127 tle
133 2069 291 2130 Lnlitanie
318 2069 548 2152 triumpharit,
585 2081 684 2130 notun
713 2069 842 2148 quidem
874 2067 935 2130 hoc
966 2072 1111 2140 nomine,

72 2165 149 2232 iurto
166 2185 278 2232 tamen
295 2185 327 2231 et
344 2169 498 2252 supplicio
518 2171 615 2256 longe
635 2169 785 2230 nobilior.
837 2168 1037 2232 Exllructnm
1059 2192 1112 2232 eu·

71 2281 130 2330 tern
153 2273 192 2333 ab
216 2273 274 2332 illo
295 2271 359 2332 hoc
384 2287 634 2334 monumentum
658 2269 746 2332 iuiile
771 2271 932 2340 existimo,
966 2273 1003 2336 ad
1027 2273 1112 2334 inhi-

73 2371 204 2434 bendam
238 2373 458 2434 Lusitanorum
487 2375 667 2455 piraticam
705 2391 744 2434 eo
776 2375 863 2434 enim
892 2391 1036 2456 tempore
1064 2376 1111 2436 in·

73 2471 180 2536 iellalle
201 2475 306 2537 clallee
323 2475 499 2544 Romanae.
526 2495 560 2535 ac
577 2473 652 2536 ollio
668 2475 773 2536 Baetie
790 2473 959 2544 obsedille,
987 2489 1111 2538 vereret

75 2576 217 2636 testantur
238 2575 394 2638 hiiloriae.
447 2577 552 2660 Vulgo
570 2577 659 2638 locne
676 2577 729 2636 ille
746 2577 920 2657 appellatur
941 2576 1110 2655 lllripimta,

74 2687 230 2760 nmquam
248 2677 270 2738 li
291 2697 307 2738 e
326 2679 476 2760 Scipione
490 2677 528 2738 irc
545 2679 714 2739 diceretur.
755 2677 823 2740 Nec
841 2697 950 2738 recens
965 2677 1008 2738 eil
1027 2676 1109 2739 illud

75 2780 276 2842 vocabulum.
326 2779 379 2840 Sic
410 2781 473 2840 ἱιιιιι
500 2779 578 2840 οΙὶιιι
605 2777 794 2840 existimavit
820 2780 994 2840 lornantles
1022 2779 1110 2840 haud

75 2877 161 2963 longe
188 2901 205 2941 a
233 2881 409 2962 principio:
464 2877 625 2975 Quamvis
658 2879 802 2940 nonnulli
834 2893 864 2938 et
897 2881 951 2940 illa
982 2883 1110 2960 gentina

79 2979 227 3042 Gallieiae
259 2995 289 3042 et
317 2977 506 3072 Lusitaniae
530 2983 751 3062 promunturia
781 2983 813 3040 in
848 2979 966 3042 Oceani
999 2973 1109 3073 insulis

76 3096 210 3158 ponant,
244 3085 430 3165 inquorum
452 3104 517 3142 una
537 3083 686 3161 templum
711 3081 873 3152 Herculis,
902 3083 935 3142 in
956 3083 1023 3143 ulia
1046 3106 1108 3144 mn·

76 3197 250 3244 numentum
276 3184 381 3243 aditur
398 3175 593 3274 conspicitur
617 3184 784 3262 Scipionis.
847 3183 952 3246 Verbo
974 3187 1108 3265 quidem
1185 3245 1192 3260 ,

77 3283 174 3366 inepta
196 3299 230 3348 et
249 3285 381 3346 barbaro
403 3281 544 3367 scriptori
563 3287 808 3355 convenientia,
834 3299 989 3356 attamen,
1021 3289 1108 3349 unde

76 3382 120 3452 irl,
142 3388 230 3468 qnod
252 3387 319 3447 dixi
335 3384 495 3448 manifeile
511 3387 619 3470 colligi
641 3387 758 3468 poteil;
784 3405 818 3446 ac
840 3387 917 3447 illutl
938 3401 1106 3468 praeterea,

78 3483 175 3547 locum
191 3489 285 3550 iilum
302 3491 363 3549 iam
381 3504 457 3549 tnnc
475 3489 735 3570 promuntorium
755 3486 854 3558 inille.
879 3511 945 3550 non
962 3489 1105 3552 insulam.

80 3605 211 3651 votetve.
275 3590 426 3671 Geryonis
452 3607 573 3651 nomen
600 3593 655 3650 vix
679 3591 808 3650 vitletnr
831 3611 870 3651 ert
896 3593 1020 3652 Avieno
1044 3591 1106 3652 ltuc

78 3691 252 3751 translatum
277 3691 354 3760 elle,
394 3711 467 3751 curn
501 3711 614 3753 omnes
640 3693 713 3752 libri
739 3693 783 3752 ibi
809 3691 915 3774 legant
949 3693 1105 3764 Gerontis,

80 3795 156 3867 quod
179 3795 250 3874 qnia
273 3793 431 3854 vetustum
448 3791 596 3854 Graeciae
620 3815 739 3854 nomen
764 3808 857 3854 vocat
881 3793 1039 3863 Avienus,
1073 3807 1106 3856 et

82 3889 200 3956 inierint
223 3895 316 3976 paulo
342 3915 374 3954 v.
396 3903 478 3976 304.
520 3894 667 3954 Gerontis
681 3917 743 3954 arx
760 3897 875 3955 iterum
897 3909 1104 3964 memoretur,

82 3993 211 4055 vindicat
231 4009 314 4056 recte
333 3996 567 4056 Wernedorline
590 4009 621 4056 et
640 3997 680 4058 tle
697 3996 935 4078 Arganthonio‚
970 3991 1103 4056 Tarteffi

82 4109 160 4176 rege,
189 4099 277 4158 cuiae
300 4095 439 4157 senectui
461 4099 653 4166 celebratur,
680 4099 822 4176 explicet.
875 4098 922 4156 Ex
940 4097 1104 4160 Strabonis

81 4191 202 4262 lectione
218 4195 421 4263 Caiaubonue
441 4201 475 4260 io
492 4199 598 4264 nostro
619 4201 774 4282 Capionis
792 4199 919 4264 videtur
936 4197 1102 4282 praeferre.
