2784 4944
313 413 403 470 nra.
431 415 468 468 n.
520 413 624 474 etv.
666 413 799 486 tnti-
1015 427 1078 496 ³²⁹

74 586 208 648 mentione
240 587 274 650 in
305 587 495 671 quibasdam
529 587 727 652 editionibus
762 601 871 652 motae
909 589 1078 654 Pintianue

75 689 152 748 Graia
165 689 196 749 in
214 689 338 752 Gallica
360 693 508 754 mutavit.
545 693 618 754 Vid.
640 691 678 752 ad
697 691 795 752 Plinii
817 693 927 754 locum
944 693 1079 754 Haedui·

71 811 129 858 nete,
151 793 202 872 qni
218 793 315 854 etiem
332 811 468 854 numum
487 789 603 864 adfert,
638 796 671 854 in
690 795 783 856 enine
802 813 863 854 une
885 809 971 876 perte
987 789 1077 858 lini.

72 893 96 949 in
113 891 319 980 neritinae
338 895 467 978 legitur.
520 893 696 976 Nunquam
718 896 806 957 enim
827 895 972 958 Senones
996 897 1079 960 hena

73 992 155 1052 ltdiee
169 1007 288 1076 partem
305 995 497 1080 adtigeram,
523 1009 554 1056 et
574 1011 768 1078 necttpatttnt
788 1009 820 1058 et
839 993 1080 1079 frequentarunt

19 1087 20 1108 ³
73 1093 167 1162 lintei,
186 1097 274 1156 unde
291 1099 386 1158 etiem
400 1099 528 1178 Magna
546 1097 567 1159 i.
585 1099 695 1160 Maior
710 1098 844 1160 Graecia
858 1099 1010 1180 adpellata
1024 1099 1078 1163 eit.

72 1195 125 1255 tit.
147 1196 278 1259 lustinus
303 1217 358 1268 ao,
389 1219 418 1262 ι.
436 1211 468 1260 et
487 1215 520 1262 a.
545 1211 578 1260 et
601 1219 680 1282 qnae
702 1199 748 1260 ibi
767 1213 929 1262 notentur.
972 1199 1081 1263 Meza-

72 1295 193 1358 chinred
215 1299 281 1362 tab.
308 1300 433 1362 Hereel.
463 1321 495 1384 p.
524 1311 581 1380 54.
612 1315 682 1362 not.
707 1313 766 1377 50.
798 1317 955 1384 praeterea
977 1315 1080 1385 putat,

19 1399 20 1402 ’
74 1397 164 1458 iidem
188 1401 247 1461 hec
275 1421 356 1463 voce
383 1401 484 1462 Graia
506 1401 668 1472 indicasse,
700 1401 795 1462 loletn
818 1403 899 1463 inerte
919 1401 975 1464 luo
1002 1417 1080 1466 tern-

19 1491 21 1570 l
72 1516 129 1578 fere
148 1501 363 1564 Graeciemum
389 1503 538 1572 tenuiile,
566 1519 682 1566 ceteras
699 1503 762 1564 live
778 1525 943 1586 nunqnam
964 1500 1083 1590 'Elin-

72 1596 135 1671 n'ine
152 1600 258 1674 inille,
288 1603 350 1664 five
372 1619 482 1665 tunae
504 1605 677 1668 Graecitete
700 1601 862 1678 deieciffe;
891 1627 1081 1688 quemquem

19 1695 20 1774 ξ
71 1698 126 1761 late
137 1703 292 1766 arbitraria
309 1706 473 1768 videntne.
511 1707 616 1768 ltnrno
634 1707 707 1768 ideo
723 1705 839 1768 iactum
855 1729 871 1768 e
890 1707 972 1768 Melet
992 1709 1082 1770 vide·

19 1787 21 1850 l
73 1815 120 1872 tur,
154 1821 190 1866 ut
213 1809 305 1889 prius
331 1825 451 1868 nomen
478 1807 649 1878 indicaret,
681 1809 733 1870 etti
764 1805 902 1871 luccellit
929 1809 1082 1871 Letinnm

70 1906 141 1964 Anxa
170 1905 344 1968 secundnm
377 1907 460 1970 Plin.
484 1929 511 1970 e.
534 1909 555 1974 1.
608 1911 659 1971 De
692 1913 945 1972 commutatione
978 1912 1081 1974 litere·

70 2023 122 2064 rttnt
136 2006 161 2069 C
174 2023 205 2070 et
223 2009 255 2072 G
271 2007 341 2072 fatie
364 2007 469 2072 crebre
485 2011 605 2072 dictum
624 2011 666 2073 eit
681 2011 859 2092 aliquoties.
893 2013 963 2075 Vid.
985 2013 1023 2074 etl
1052 2033 1080 2086 t,

75 2107 113 2176 16,
135 2124 164 2170 2.
190 2107 360 2194 (Cnidus)
412 2113 501 2172 ltlem
522 2113 556 2174 in
574 2113 725 2174 Thraciae
743 2113 890 2196 callipoli
912 2113 1082 2176 ostendunt

70 2205 123 2267 libri
142 2214 221 2292 apud
251 2213 325 2275 Liv.
356 2227 412 2292 31,
447 2213 501 2284 16,
531 2215 564 2278 e.
599 2215 633 2274 in
656 2213 757 2275 nolite
785 2215 868 2296 apud
898 2215 982 2278 Plin.
1008 2235 1035 2278 c.
1058 2217 1081 2279 1.

68 2309 148 2390 itque
164 2313 247 2375 hena
262 2312 445 2396 scripturam
465 2335 520 2396 per
545 2313 574 2378 C
596 2329 702 2376 tuetur
716 2316 814 2376 etiem
835 2316 995 2397 preemiile
1018 2337 1082 2380 vox

73 2409 162 2474 erata.
197 2416 297 2498 Quod
316 2417 420 2498 pluree
440 2435 506 2476 nen
522 2429 713 2488 memorent,
739 2419 808 2479 eine
822 2417 944 2478 caulem
964 2419 1083 2480 indicet

69 2509 158 2574 Strabo
179 2515 213 2580 (ι.
234 2537 268 2598 p.
292 2537 338 2578 m.
368 2525 449 2598 194.
473 2515 493 2578 i.
523 2529 605 2594 281.
643 2517 700 2578 nbi
733 2515 854 2590 scribit,
894 2533 935 2598 15
965 2521 998 2580 in
1022 2519 1084 2582 hoe

70 2623 148 2673 tractu
175 2615 266 2680 inille
289 2617 401 2687 nrbee,
438 2639 519 2698 qnae
550 2635 656 2681 temen
681 2617 736 2680 ino
762 2633 924 2700 ternpore,
962 2634 1085 2704 praeter

70 2713 221 2778 Tarentum
240 2731 273 2780 et
288 2719 515 2790 Brundusium,
547 2739 658 2782 omnes
679 2721 718 2780 ad
740 2721 966 2803 oppitlulorutn
982 2725 1086 2782 tenui·

69 2825 161 2888 tatem,
187 2819 331 2882 cladibue
352 2821 509 2890 adflictae,
536 2821 723 2884 deciderint.
774 2824 824 2884 De
845 2821 974 2884 Hadria
997 2823 1085 2904 quod

68 2915 138 2988 dedi,
163 2933 196 2982 et
215 2921 271 2982 hic
292 2922 446 2984 exhibent
465 2921 556 2986 MSS.
578 2923 675 3004 aliqui
694 2935 727 2984 et
746 2923 820 2987 edd.
847 2943 875 2984 t.
901 2943 934 3008 9.
962 2923 1085 2984 dietum

69 3013 139 3098 lepte
163 3038 196 3084 et
219 3023 309 3085 alibi.
361 3023 480 3085 Verba:
517 3023 593 3086 linc
619 3045 715 3106 nsque
744 3023 875 3086 Hadria
907 3023 1021 3086 desunt
1051 3027 1085 3087 in

68 3117 185 3186 tineob.
223 3123 376 3186 Hadriae
395 3125 457 3186 irae
474 3145 569 3210 usqne
586 3125 619 3186 ia
635 3121 730 3188 Parii.
749 3139 783 3206 5.
820 3123 917 3190 Ctule
939 3139 1036 3210 petet.

220 3327 253 3406 §.
280 3337 314 3406 8.
357 3327 389 3388 F
393 3348 486 3389 rens
505 3357 556 3374 —
567 3327 587 3411 )
630 3327 715 3390 (ind.
738 3327 832 3414 Preg.
848 3320 944 3419 forts.
969 3331 1009 3393 de
1027 3351 1088 3414 qua

69 3429 304 3490 commutatione
326 3429 366 3491 ed
391 3450 419 3502 ι,
446 3449 458 3490 ι
467 3441 500 3510 5,
523 3443 558 3510 5.
610 3431 695 3492 Hinc
715 3449 794 3494 vero
820 3451 887 3516 eep.
913 3435 971 3512 56.
1001 3453 1089 3496 exor-

69 3525 139 3588 tlitur
160 3533 308 3594 Vinettte.

128 3733 166 3794 in
197 3731 281 3796 duo
312 3733 501 3818 quidem)
549 3733 691 3799 Vindob.
719 3755 786 3798 nnn
820 3733 917 3798 habet
947 3735 1091 3820 quidem

71 3827 154 3898 Vatia.
170 3850 205 3914 5.
229 3849 263 3898 et
286 3835 378 3921 Preg.
394 3827 443 3927 se.
495 3837 558 3898 Pro
575 3828 698 3927 scindit
720 3837 888 3900 Pintiantte
910 3840 981 3900 vult
1005 3831 1092 3932 scin-

73 3931 160 4006 ditur,
194 3957 313 4020 nempe
336 3937 449 4000 omillo
464 3928 520 4028 fe,
553 3941 602 3998 uti
623 3939 709 3998 hunc
732 3939 840 3998 lncnrn
864 3937 975 4002 edient.
1028 3943 1092 4002 Pro

73 4033 201 4099 admittit
224 4037 310 4123 Lipl.
333 4039 441 4103 Cibin.
465 4039 550 4102 (iuti.
573 4039 709 4124 Rehdig.
733 4039 872 4103 vinnon.
898 4041 979 4104 forte
996 4043 1093 4102 etiem

74 4134 172 4202 l'enet.
204 4141 313 4204 Hera.
338 4137 469 4233 admifit
495 4161 570 4203 eum
596 4141 669 4202 eniel.
695 4141 848 4204 omnibus
873 4144 913 4206 ed
941 4141 1092 4212 Velitum,
