2784 4944
321 409 384 478 3¹4
620 398 864 457 romaouu
898 399 1058 456 menan

321 575 392 638 Ital.
414 572 512 637 Tom.
530 584 564 652 3.
585 569 622 636 Ρ.
643 587 677 654 3.
698 593 731 654 p.
754 573 830 651 13.)
863 571 932 636 Nec
949 573 1102 656 componi
1117 571 1200 636 facile
1214 570 1334 656 poliunt,
1360 583 1361 590 ¹

321 697 400 759 quae
427 673 650 744 subiiciuntur,
683 675 848 736 maritima
874 687 906 736 et
931 673 1067 748 hohern,-
1107 677 1206 736 immo
1236 673 1332 755 populi

319 797 441 839 nornen
457 777 658 858 desideratur,
684 778 738 858 qui
756 774 866 838 seriem
887 775 1033 839 recenlua
1055 771 1142 860 sripra
1158 776 1226 840 lacti
1244 787 1335 834 nectat

320 893 353 942 et
380 879 438 940 srtu
466 880 646 941 conveniat.
705 879 736 939 le
762 891 870 939 autem
902 879 1074 940 commode
1099 880 1174 940 latet
1197 879 1228 938 in
1249 875 1334 936 verbo

319 982 445 1064 primo,
477 979 531 1042 etfl
550 981 636 1046 varie
653 981 784 1050 vitiato,
814 991 906 1062 atque
923 980 1002 1042 adeo
1020 981 1054 1040 in
1071 981 1175 1062 alique
1190 975 1337 1042 Ciacconii

320 1082 430 1144 codice
456 1083 582 1168 integro
607 1083 738 1142 nomine
765 1081 922 1162 expressus
956 1083 1081 1166 legitur.
1143 1082 1227 1144 idem
1252 1080 1336 1139 etiam

319 1185 447 1268 egregie
466 1184 585 1264 reliqua
606 1183 752 1264 expedit,
786 1195 818 1242 et
838 1178 880 1246 ro*
903 1184 1064 1244 irroritima
1080 1183 1117 1244 ad
1137 1202 1241 1246 vorem
1256 1179 1337 1240 ratio·

319 1304 395 1346 nem
422 1299 569 1358 revocat;
607 1303 702 1366 quare
730 1299 762 1346 et
793 1302 867 1344 eum
895 1285 989 1346 unire
1014 1283 1206 1366 sequendum
1227 1296 1257 1343 et
1277 1279 1336 1340 red·

320 1387 463 1448 dendnm
485 1386 606 1467 putavi.
645 1381 695 1449 To*
714 1385 792 1448 vilia
813 1399 941 1447 enatum
957 1405 996 1447 ex
1019 1388 1081 1448 fine
1097 1388 1185 1448 vocia
1201 1381 1339 1446 frentani

319 1501 352 1549 et
367 1489 460 1549 initio
477 1483 643 1568 sequentia.
671 1485 748 1548 facta
765 1489 970 1569 corruptione
985 1500 1017 1549 et
1038 1488 1115 1550 hinc
1132 1487 1337 1571 copulatione;

316 1583 358 1652 ro*
379 1591 441 1649 iam
460 1589 619 1650 Gronorii
634 1587 783 1672 languere
798 1589 937 1652 videtur.
987 1590 1078 1652 Idem
1093 1601 1199 1651 tamen
1218 1589 1249 1646 in
1264 1584 1338 1645 notis

317 1689 409 1753 MSS:
430 1691 525 1774 legit:
560 1701 592 1751 et
602 1691 752 1751 Matrini
773 1703 804 1750 et
826 1691 938 1752 Aterni
961 1719 1011 1733 —
1062 1693 1125 1754 Sed
1147 1691 1193 1753 uti
1216 1687 1338 1770 populus

318 1791 370 1852 hic
391 1809 448 1874 per
468 1785 692 1875 progrellronia
716 1789 824 1852 leriern
846 1805 879 1852 et
902 1789 1073 1853 sententiae
1091 1812 1213 1854 nexum
1234 1787 1338 1850 defide-

315 1905 419 1962 ratur,
459 1893 498 1952 src
521 1905 552 1954 et
572 1891 655 1985 [fiio
678 1893 718 1954 de
738 1911 805 1954 uno
833 1893 968 1954 flumine
990 1885 1107 1956 Aterno
1133 1895 1240 1954 minus
1264 1901 1338 1950 recte

315 1993 451 2076 intelligi
477 1993 515 2054 lic
536 1993 677 2074 poliunt,
710 2013 783 2055 cum
806 1994 882 2055 adlit
906 1995 1056 2066 alterurn,
1095 1997 1182 2076 quod
1208 1996 1241 2054 in
1262 1991 1340 2051 librir

315 2095 430 2156 emicet
451 2109 483 2154 et
510 2094 575 2176 ipso
599 2095 656 2154 litu
680 2111 842 2180 congruat.
904 2095 987 2156 Nam
1011 2095 1152 2176 Pintiani
1180 2093 1339 2157 Maritima

314 2196 399 2256 nulla
420 2195 463 2255 est
484 2193 625 2257 absolute
647 2197 747 2268 dicta;
784 2197 941 2258 Samnites
961 2199 1087 2260 Schotti
1106 2217 1168 2262 uec
1188 2217 1244 2278 per
1263 2193 1342 2255 eodi-

315 2315 388 2357 cum
409 2297 525 2356 indicia
546 2317 606 2358 nec
627 2299 661 2357 in
685 2295 809 2358 diverso
828 2299 884 2358 situ
908 2299 1007 2381 recipi
1031 2299 1159 2381 poliunt
1173 2311 1206 2360 et
1222 2297 1258 2357 ad
1282 2311 1339 2354 ma·

313 2399 439 2460 ritimoa
460 2395 585 2468 referri,
621 2417 695 2459 curn
717 2399 866 2460 interiora
890 2399 958 2461 loca
981 2403 1161 2472 tenuerint,
1196 2416 1287 2480 quare
1311 2407 1339 2454 et

314 2499 393 2562 olim
413 2500 522 2561 reiecit
540 2499 712 2562 Cluverius
735 2501 770 2560 irr
788 2501 855 2561 ital.
873 2513 938 2564 ant.
957 2519 989 2573 o,
1011 2515 1044 2578 5.
1067 2523 1098 2584 p.
1117 2505 1204 2581 609.
1255 2497 1339 2559 Prius

239 2629 243 2640 ·
311 2603 409 2663 etiam
431 2596 586 2662 deVolsri
607 2601 830 2664 emendatione
852 2604 955 2672 valet,
986 2621 1082 2684 quam
1103 2601 1232 2666 molesta
1255 2614 1342 2678 opera

313 2699 464 2764 refutavit
484 2703 510 2763 Ι.
534 2703 732 2766 Gronovius.
783 2703 849 2767 Cur
869 2701 986 2764 habent
1009 2705 1161 2767 Schottue
1184 2706 1340 2764 intonent

311 2806 501 2874 mutaverit,
534 2803 610 2864 iusta
633 2803 721 2865 caula
743 2823 808 2866 non
832 2806 970 2888 adparet.
1035 2810 1173 2866 Aternus
1198 2801 1342 2887 probatur

189 2985 197 2994 μ
311 2925 328 2966 a
345 2893 498 2968 Strabone
514 2905 568 2967 lib.
587 2918 619 2982 5.
635 2927 667 2987 p.
687 2925 730 2967 m.
750 2905 829 2982 167.
843 2927 874 2987 p.
889 2919 970 2984 241.
997 2907 1104 2967 Plinio
1122 2919 1154 2986 3,
1176 2921 1233 2980 17.
1250 2900 1271 2965 l.
1291 2914 1340 2960 12.

310 3019 343 3068 et
367 3007 434 3068 aliia
455 3007 654 3088 quibuarlam.
706 3007 768 3069 Pro
789 3025 829 3069 eo
852 3007 989 3068 Etemus
1011 3007 1150 3069 [cribrant
1167 3009 1266 3068 etiarn
1282 3001 1339 3062 tab.

310 3107 494 3191 Peutinger,
519 3121 553 3184 5.
576 3107 614 3169 B.
650 3121 684 3170 et
702 3107 827 3170 Boccat.
845 3109 884 3170 de
901 3107 1027 3170 flumin.
1044 3107 1076 3170 h.
1093 3129 1126 3172 v.
1164 3122 1200 3171 et
1223 3104 1341 3170 Ademo

311 3207 429 3293 Geogr.
452 3193 598 3272 lle'venn.
614 3219 649 3288 4,
675 3223 733 3285 31.
770 3221 803 3288 5,
831 3231 860 3271 t.
895 3209 935 3271 de
955 3211 1083 3272 civitate
1103 3209 1257 3291 quidem,
1285 3203 1340 3271 sed,

310 3309 385 3370 teste
401 3309 554 3372 Strabone
577 3331 604 3386 c.
626 3311 648 3373 l.
670 3311 796 3382 eodem,
821 3329 883 3393 quo
904 3310 1032 3381 fluvius,
1059 3313 1207 3374 nomine.
1252 3305 1344 3370 Deni-

309 3430 372 3492 que
391 3429 450 3491 pro
468 3433 507 3472 ac
521 3414 633 3474 Aterni
651 3413 725 3473 dedi
741 3425 772 3474 et
787 3413 907 3480 Aterni,
938 3431 1006 3473 non
1027 3411 1141 3484 lolum,
1166 3411 1245 3494 quia
1262 3407 1342 3469 Mela

308 3533 348 3572 uc
379 3511 526 3593 sequente
561 3513 664 3575 vocali
699 3512 817 3574 curiose
849 3514 982 3584 vitavit,
1008 3510 1072 3573 'uti
1096 3526 1129 3576 et
1164 3509 1344 3575 observavit

308 3615 431 3676 Ernesti
451 3616 483 3673 in
501 3618 585 3675 notis
608 3616 646 3674 ad
667 3617 868 3696 prooemium
887 3613 1007 3684 Melae,
1034 3629 1066 3676 et
1087 3635 1126 3677 ex
1147 3615 1219 3676 aliis
1239 3625 1343 3675 aucto·

307 3716 394 3778 ribus
410 3716 461 3776 aiii
483 3717 545 3775 viri
559 3717 663 3787 docti,
697 3719 737 3778 de
758 3717 875 3798 quoad
897 3733 927 3786 e,
951 3729 983 3794 3,
1014 3735 1067 3778 ro.
1096 3729 1130 3778 et
1149 3717 1190 3777 ad
1210 3718 1344 3791 Eutrop.

310 3828 344 3894 8,
371 3831 426 3895 13.
445 3815 465 3878 l.
484 3819 517 3881 6.
558 3816 609 3878 led
631 3831 665 3879 et
693 3825 823 3900 propter
847 3819 985 3889 codices,
1018 3817 1074 3899 qui
1098 3818 1150 3879 vel
1176 3819 1342 3880 omittunt,

307 3921 359 3982 rel
375 3937 434 4002 pro
450 3919 592 3980 fluminis
608 3917 728 3980 rliverla
748 3917 895 4000 scriptura
913 3919 950 3980 ab
970 3921 1062 3981 initio
1076 3920 1225 3980 nominis
1242 3918 1295 3980 vel
1308 3935 1345 3974 ac

307 4023 414 4083 velet
440 4020 602 4082 exhibent.
650 4019 801 4082 Ceterum
827 4021 860 4080 in
882 4022 1024 4105 margine
1047 4023 1143 4082 uniue
1165 4019 1240 4082 MS.
1264 4019 1344 4078 Vati·

307 4125 377 4185 cani
401 4122 512 4185 eadem
534 4141 630 4183 manu
657 4119 847 4205 adscriptum
876 4136 958 4184 erat:
995 4122 1087 4186 Male
1111 4122 1163 4182 irie
1197 4112 1347 4212 describis
