2810 4944
344 438 431 496 tra.
461 438 499 492 rr.
543 437 666 494 c.v11.
708 433 734 504 t·
757 445 788 503 a
1025 441 1088 513 tot

71 611 150 682 nnis.
174 629 257 694 quor
279 609 333 674 suo
350 623 443 696 auget
461 569 664 682 Gerounion,
690 607 869 690 Syriaeque.
908 609 995 670 Turn
1013 609 1088 672 Vin·

71 715 172 776 dolon.
196 717 279 775 inter
296 711 396 804 strias
422 714 626 796 ciliciamque.
688 713 726 772 ln
749 711 819 774 aliie
841 725 987 792 receptur
1009 711 1087 774 ordo

71 813 201 884 serretur.
228 816 283 877 etsr
297 819 330 876 in
349 816 476 900 lingulis
492 835 530 876 ex
545 833 634 876 more
652 811 722 874 sunt
738 816 888 894 corrupti.
915 813 962 872 uti
978 811 1087 876 Cibin.

73 913 228 996 Cylicianr,·
261 917 431 1001 Residiger.
462 917 616 999 Gyliciam
645 915 840 997 Scyriasque.
894 913 984 998 Prag.
1012 915 1088 976 (ἱίὶί-

71 1019 138 1076 ciam
145 1009 328 1108 furiamque
341 1020 525 1100 porrigitur,
543 1037 600 1100 pro
616 1017 808 1098 Syriamque.
843 1017 883 1077 Et
903 1015 1089 1095 sicquidem

71 1117 172 1182 usuro.
224 1123 275 1182 An
298 1123 331 1182 in
353 1119 459 1202 priscis
483 1119 665 1182 rumoribus
686 1119 793 1200 Syriae
814 1120 847 1178 in
870 1117 981 1198 plurali
1002 1135 1090 1200 repe·

72 1221 162 1288 riatur.
183 1223 310 1304 ignoro.
345 1221 537 1284 Posteriores
557 1221 701 1304 exempla
718 1218 961 1288 subministrant,
985 1220 1089 1280 veluti

72 1322 166 1383 Sextus
185 1321 292 1384 Rufus
309 1343 377 1407 cup.
399 1345 453 1386 ro.
477 1335 531 1401 rip.
547 1337 578 1384 et
600 1324 655 1386 ro.
705 1323 791 1382 Turn
810 1341 887 1381 vero
902 1321 1027 1390 dicitur,
1051 1333 1089 1382 ut

71 1421 247 1493 Britanniae.
275 1423 452 1506 Hispaniae,
478 1425 609 1493 Galliac,
635 1439 667 1484 et
684 1423 745 1483 dici
767 1421 859 1504 posin
876 1433 1006 1502 propter
1020 1423 1089 1485 eiua

71 1523 201 1586 iuuarint
222 1541 346 1610 parter,
372 1547 448 1608 quae
466 1525 577 1608 spectat
594 1525 735 1608 Cypros,
760 1523 1020 1604 descriptionem.
1048 1527 1088 1586 do

72 1625 170 1702 quilnn
184 1629 222 1688 ad
247 1649 276 1698 ι,
297 1647 352 1692 ιι.
369 1633 415 1690 in.
467 1626 647 1689 Auscultavi
669 1639 774 1686 temen
797 1627 884 1686 libris
901 1625 1089 1688 melioribus

72 1725 190 1807 dedique
207 1730 344 1812 Syriam.
395 1729 509 1810 Neque
526 1731 614 1788 enirn
635 1729 681 1788 illi
698 1725 798 1789 solum
814 1727 852 1786 ab
868 1725 925 1786 nin
941 1739 1089 1789 veterum

70 1843 215 1890 auctorum
241 1831 452 1908 adiuventur,
490 1829 540 1892 scd
567 1843 599 1892 ct
626 1829 725 1892 Plinii
761 1829 945 1888 auctoritate
971 1831 1089 1899 valent,

71 1929 112 2006 qui
131 1931 245 1992 idelam
270 1929 391 1992 secutur
414 1933 469 1992 lib.
490 1945 523 2006 5.
540 1943 599 2008 35.
616 1929 635 1994 s.
657 1945 714 2006 ἧι.
739 1931 780 1990 ita
806 1927 926 1990 scribit:
965 1927 1090 2014 Cyprus

72 2028 107 2086 ad
123 2045 221 2093 artum
242 2025 448 2124 occasumque
472 2033 602 2096 Ciliciae
621 2045 651 2094 at
673 2031 782 2114 Syriae
803 2027 935 2094 obiecta.

130 2255 289 2297 novem
322 2236 498 2320 regua)
548 2233 850 2304 Codd.Circconii‚
885 2233 968 2318 Lips.
995 2237 1086 2322 Prrg.

75 2329 162 2398 Cibin.
189 2338 275 2400 Gud.
306 2339 476 2422 Rehdiger.
510 2337 622 2400 Vener.
655 2337 760 2398 Havn.
786 2338 926 2418 itemque
953 2339 1026 2400 edd.
1056 2358 1087 2402 ι.

75 2447 99 2493 2.
121 2455 148 2518 3·
170 2451 203 2520 4.
227 2451 263 2515 5.
287 2441 320 2502 6.
343 2459 376 2518 7.
403 2453 437 2517 ὅ.
463 2457 498 2520 9.
525 2461 582 2503 to.
612 2457 667 2502 ιι.
699 2449 915 2516 12.13.1lu.
947 2455 1003 2516 19.
1029 2457 1089 2520 pro

74 2553 163 2598 trucem
189 2537 395 2621 subpeditent
420 2563 541 2604 norrun.
591 2541 637 2600 ita
658 2539 753 2600 etiam
776 2559 886 2600 eramen
916 2543 1003 2619 regui
1027 2540 1091 2624 legi

74 2638 181 2700 ruebat
197 2639 305 2704 Surita
320 2643 357 2702 ari
374 2643 528 2704 Antonini
548 2643 754 2708 itinerarium.
781 2659 878 2720 quern
897 2641 1012 2701 merito
1031 2641 1091 2699 iru-

75 2741 201 2813 probrvit
228 2743 453 2826 wesselingius
474 2765 504 2825 p.
530 2745 613 2819 526.
636 2745 673 2802 ad
696 2762 722 2803 c.
747 2742 768 2802 l.
820 2743 979 2802 vadianus
1005 2755 1090 2802 recto

75 2837 144 2902 dedit
165 2865 294 2914 novem.
327 2857 359 2904 et
382 2845 459 2906 hinc
481 2845 544 2906 alii.
596 2843 823 2906 Adsentiuntur
841 2843 998 2912 Vaticani,
1031 2861 1091 2903 nec

76 2937 232 3024 discrepant
255 2945 438 3008 Parisrcnsee
463 2961 494 3008 et
519 2945 659 3007 Vindob.
695 2945 873 3024 exquibus
897 2957 981 3004 certe
1003 2943 1091 3004 nulla

75 3037 214 3109 diversitas
233 3061 340 3108 notata
356 3061 432 3110 erat.
484 3049 626 3110 Vaticani
644 3067 717 3108 cum
735 3047 842 3106 Havn.
862 3047 1008 3126 proxime
1033 3043 1090 3104 snr-

74 3143 126 3220 gui
143 3145 195 3207 sno
214 3147 370 3210 vocabulo
387 3147 560 3210 subiiciunt
571 3146 641 3238 fic.
671 3167 728 3232 pro
749 3166 813 3228 quo
830 3147 971 3208 Venetus
993 3145 1090 3206 habet

69 3235 116 3326 fil·
159 3249 254 3310 Forte
280 3249 424 3311 lilrrariue
445 3249 643 3331 adscripscrat
662 3246 731 3338 fic,
760 3261 796 3308 ut
819 3247 953 3308 verbnm
978 3267 1089 3307 novem

75 3347 157 3426 magis
177 3349 290 3412 diserte
309 3351 472 3432 probaret,
496 3353 593 3432 idque
610 3351 713 3432 postea
733 3351 767 3409 in
784 3347 886 3430 ipsum
903 3363 1090 3410 contextum

75 3447 141 3508 nale
164 3453 315 3536 migravit
343 3455 441 3513 etiam
466 3451 630 3514 consecuta
661 3451 729 3532 post
754 3453 969 3532 corruptione.
1023 3447 1091 3531 ipsa

76 3563 163 3609 autern
185 3571 251 3614 vox
272 3573 382 3614 nauem
403 3567 435 3614 et
458 3551 544 3614 sensu
564 3567 596 3614 et
612 3573 698 3614 nexu
716 3571 782 3612 non
802 3549 903 3612 sulum
928 3551 1090 3632 probatur,

76 3643 116 3706 sed
129 3665 158 3711 et
169 3652 270 3716 Plinii
291 3654 471 3716 testimonio
488 3657 582 3716 sidem
597 3656 749 3736 adquirit,
775 3655 893 3734 quippe
910 3655 964 3732 qni
981 3663 1013 3729 5.
1030 3663 1089 3728 55.

77 3745 93 3806 s·
110 3763 160 3826 5¹.
202 3757 346 3836 Cyprum
367 3757 530 3836 quondam
544 3775 665 3818 novem
680 3773 852 3839 regnorum
868 3751 972 3814 sedem
986 3767 1089 3822 vocat,

77 3854 145 3926 quod
160 3855 305 3935 quorsum
323 3857 440 3928 vescet,
467 3859 528 3919 alio
548 3857 621 3919 loco
636 3855 860 3918 ‹seclarandum
876 3855 947 3916 erit.
999 3854 1090 3915 l'ree·

78 3958 144 4012 terea
167 3977 242 4020 rero
265 3960 299 4018 in
326 3959 413 4020 libris
434 3960 563 4020 vitiatae
592 3971 759 4020 occurrunt
789 3974 885 4016 vocer
916 3955 1089 4036 sequenter.

78 4047 109 4110 lu
135 4055 210 4138 Lips.
236 4061 363 4140 regnia;
399 4059 571 4144 Rehdiger.
595 4061 702 4142 reguir
737 4059 862 4142 gravior
886 4071 1031 4138 peccatur
1052 4075 1091 4116 ex

78 4167 149 4218 more
163 4161 195 4220 ia
210 4161 300 4247 l'rag.
325 4163 380 4244 qui
399 4163 452 4222 dat
469 4161 593 4242 llcglia.
644 4161 728 4224 Edd.
750 4159 839 4241 supra
863 4160 1015 4220 indicatae
1039 4177 1090 4220 ex·
