<?xml version="1.0" encoding="UTF-8"?>
<!DOCTYPE html PUBLIC "-//W3C//DTD XHTML 1.0 Transitional//EN"
    "http://www.w3.org/TR/xhtml1/DTD/xhtml1-transitional.dtd">
<html xmlns="http://www.w3.org/1999/xhtml" xml:lang="en" lang="en">
 <head>
  <title>
</title>
<meta http-equiv="Content-Type" content="text/html;charset=utf-8" />
  <meta name='ocr-system' content='tesseract 3.04.00' />
  <meta name='ocr-capabilities' content='ocr_page ocr_carea ocr_par ocr_line ocrx_word'/>
</head>
<body>
  <div class='ocr_page' id='page_1' title='image "./pomponiimelaede05melagoog_0786.png"; bbox 0 0 2826 4936; ppageno 0'>
   <div class='ocr_carea' id='block_1_1' title="bbox 293 345 1121 468">
    <p class='ocr_par' dir='ltr' id='par_1_1' title="bbox 293 345 1121 468">
     <span class='ocr_line' id='line_1_1' title="bbox 293 345 1121 468; baseline -0.002 -16"><span class='ocrx_word' id='word_1_1' title='bbox 293 403 351 468; x_wconf 65' lang='grc' dir='ltr'><strong>ιω</strong></span> <span class='ocrx_word' id='word_1_2' title='bbox 586 393 832 452; x_wconf 76' lang='lat' dir='ltr'><strong>rouronu</strong></span> <span class='ocrx_word' id='word_1_3' title='bbox 871 393 1032 451; x_wconf 76' lang='lat' dir='ltr'><strong>nauta</strong></span> <span class='ocrx_word' id='word_1_4' title='bbox 1111 345 1121 351; x_wconf 78' lang='lat'><strong>.</strong></span> 
     </span>
    </p>
   </div>
   <div class='ocr_carea' id='block_1_2' title="bbox 278 557 1297 657">
    <p class='ocr_par' dir='ltr' id='par_1_2' title="bbox 278 557 1297 657">
     <span class='ocr_line' id='line_1_2' title="bbox 278 557 1297 657; baseline -0.001 -31"><span class='ocrx_word' id='word_1_5' title='bbox 278 561 405 652; x_wconf 73' lang='lat' dir='ltr'><strong>fluam.</strong></span> <span class='ocrx_word' id='word_1_6' title='bbox 442 583 644 628; x_wconf 77' lang='lat' dir='ltr'><strong>arnrrauve.</strong></span> <span class='ocrx_word' id='word_1_7' title='bbox 696 565 777 629; x_wconf 88' lang='lat' dir='ltr'><strong>Voll.</strong></span> <span class='ocrx_word' id='word_1_8' title='bbox 799 585 829 630; x_wconf 88' lang='lat' dir='ltr'><strong>t.</strong></span> <span class='ocrx_word' id='word_1_9' title='bbox 843 557 979 657; x_wconf 75' lang='lat' dir='ltr'><strong>ferulis,</strong></span> <span class='ocrx_word' id='word_1_10' title='bbox 1004 567 1166 650; x_wconf 87' lang='lat' dir='ltr'><strong>quomodo</strong></span> <span class='ocrx_word' id='word_1_11' title='bbox 1184 566 1297 628; x_wconf 76' lang='lat' dir='ltr'><strong>Vinetue</strong></span> 
     </span>
    </p>
   </div>
   <div class='ocr_carea' id='block_1_3' title="bbox 289 667 1300 1260">
    <p class='ocr_par' dir='ltr' id='par_1_3' title="bbox 289 667 1300 1260">
     <span class='ocr_line' id='line_1_3' title="bbox 289 667 1298 753; baseline -0.007 -21"><span class='ocrx_word' id='word_1_12' title='bbox 289 669 409 738; x_wconf 83' lang='lat' dir='ltr'><strong>edidit,</strong></span> <span class='ocrx_word' id='word_1_13' title='bbox 434 682 468 728; x_wconf 84' lang='lat' dir='ltr'><strong>et</strong></span> <span class='ocrx_word' id='word_1_14' title='bbox 485 667 735 750; x_wconf 81' lang='lat' dir='ltr'><strong>Oudendorpiue</strong></span> <span class='ocrx_word' id='word_1_15' title='bbox 757 669 929 753; x_wconf 72' lang='lat' dir='ltr'><strong>legendum</strong></span> <span class='ocrx_word' id='word_1_16' title='bbox 953 671 1101 734; x_wconf 86' lang='lat' dir='ltr'><strong>coniecit.</strong></span> <span class='ocrx_word' id='word_1_17' title='bbox 1149 670 1198 732; x_wconf 84' lang='lat' dir='ltr'><strong>Sic</strong></span> <span class='ocrx_word' id='word_1_18' title='bbox 1217 667 1298 728; x_wconf 82' lang='lat' dir='ltr'><strong>etiam</strong></span> 
     </span>
     <span class='ocr_line' id='line_1_4' title="bbox 289 759 1298 861; baseline -0.006 -29"><span class='ocrx_word' id='word_1_19' title='bbox 289 770 390 852; x_wconf 74' lang='lat' dir='ltr'><strong>capite</strong></span> <span class='ocrx_word' id='word_1_20' title='bbox 412 766 496 850; x_wconf 81' lang='lat' dir='ltr'><strong>sequ.</strong></span> <span class='ocrx_word' id='word_1_21' title='bbox 529 768 558 828; x_wconf 91' lang='lat' dir='ltr'><em>T</em></span> <span class='ocrx_word' id='word_1_22' title='bbox 555 789 606 830; x_wconf 88' lang='lat' dir='ltr'><strong>am</strong></span> <span class='ocrx_word' id='word_1_23' title='bbox 627 771 753 853; x_wconf 77' lang='lat' dir='ltr'><em>pinquis</em></span> <span class='ocrx_word' id='word_1_24' title='bbox 771 767 887 832; x_wconf 80' lang='lat' dir='ltr'><strong>alicubi</strong></span> <span class='ocrx_word' id='word_1_25' title='bbox 902 781 935 832; x_wconf 80' lang='lat' dir='ltr'><strong>et</strong></span> <span class='ocrx_word' id='word_1_26' title='bbox 956 784 1023 831; x_wconf 85' lang='lat' dir='ltr'><strong>tam</strong></span> <span class='ocrx_word' id='word_1_27' title='bbox 1038 763 1162 860; x_wconf 82' lang='lat' dir='ltr'><strong>feracis</strong></span> <span class='ocrx_word' id='word_1_28' title='bbox 1173 759 1247 861; x_wconf 83' lang='lat' dir='ltr'><strong>soli,</strong></span> <span class='ocrx_word' id='word_1_29' title='bbox 1269 778 1298 826; x_wconf 85' lang='lat' dir='ltr'><strong>at</strong></span> 
     </span>
     <span class='ocr_line' id='line_1_5' title="bbox 291 861 1299 960; baseline -0.008 -26"><span class='ocrx_word' id='word_1_30' title='bbox 291 873 324 934; x_wconf 87' lang='lat' dir='ltr'><strong>t&#39;n</strong></span> <span class='ocrx_word' id='word_1_31' title='bbox 345 891 379 931; x_wconf 85' lang='lat' dir='ltr'><strong>eo</strong></span> <span class='ocrx_word' id='word_1_32' title='bbox 401 870 491 930; x_wconf 86' lang='lat' dir='ltr'><strong>mella</strong></span> <span class='ocrx_word' id='word_1_33' title='bbox 505 861 682 960; x_wconf 78' lang='lat' dir='ltr'><em>frondibus</em></span> <span class='ocrx_word' id='word_1_34' title='bbox 704 865 858 958; x_wconf 73' lang='lat' dir='ltr'><strong>defluant.</strong></span> <span class='ocrx_word' id='word_1_35' title='bbox 893 891 925 932; x_wconf 80' lang='lat' dir='ltr'><strong>a.</strong></span> <span class='ocrx_word' id='word_1_36' title='bbox 944 891 1152 934; x_wconf 78' lang='lat' dir='ltr'><strong>oaouortvs.</strong></span> <span class='ocrx_word' id='word_1_37' title='bbox 1200 868 1299 932; x_wconf 75' lang='lat' dir='ltr'><strong>ditiori</strong></span> 
     </span>
     <span class='ocr_line' id='line_1_6' title="bbox 289 969 1298 1040; baseline -0.008 -4"><span class='ocrx_word' id='word_1_38' title='bbox 289 987 323 1036; x_wconf 86' lang='lat' dir='ltr'><strong>et</strong></span> <span class='ocrx_word' id='word_1_39' title='bbox 339 972 538 1032; x_wconf 79' lang='lat' dir='ltr'><strong>coraciuniori</strong></span> <span class='ocrx_word' id='word_1_40' title='bbox 556 991 639 1032; x_wconf 82' lang='lat' dir='ltr'><strong>nexu</strong></span> <span class='ocrx_word' id='word_1_41' title='bbox 660 971 735 1032; x_wconf 85' lang='lat' dir='ltr'><strong>haec</strong></span> <span class='ocrx_word' id='word_1_42' title='bbox 751 969 851 1034; x_wconf 82' lang='lat' dir='ltr'><strong>forma</strong></span> <span class='ocrx_word' id='word_1_43' title='bbox 872 975 1087 1034; x_wconf 81' lang='lat' dir='ltr'>narrationem</span> <span class='ocrx_word' id='word_1_44' title='bbox 1109 972 1251 1040; x_wconf 84' lang='lat' dir='ltr'><strong>continet,</strong></span> <span class='ocrx_word' id='word_1_45' title='bbox 1273 982 1298 1030; x_wconf 87' lang='lat' dir='ltr'><strong>et</strong></span> 
     </span>
     <span class='ocr_line' id='line_1_7' title="bbox 290 1071 1300 1158; baseline -0.003 -26"><span class='ocrx_word' id='word_1_46' title='bbox 290 1073 458 1158; x_wconf 76' lang='lat' dir='ltr'><strong>placidiori</strong></span> <span class='ocrx_word' id='word_1_47' title='bbox 474 1071 562 1134; x_wconf 84' lang='lat' dir='ltr'><strong>curlo</strong></span> <span class='ocrx_word' id='word_1_48' title='bbox 578 1073 703 1142; x_wconf 81' lang='lat' dir='ltr'><strong>labitur,</strong></span> <span class='ocrx_word' id='word_1_49' title='bbox 719 1093 822 1154; x_wconf 84' lang='lat' dir='ltr'><strong>quam,</strong></span> <span class='ocrx_word' id='word_1_50' title='bbox 838 1093 911 1134; x_wconf 86' lang='lat' dir='ltr'><strong>eum</strong></span> <span class='ocrx_word' id='word_1_51' title='bbox 927 1075 1029 1136; x_wconf 81' lang='lat' dir='ltr'>codex</span> <span class='ocrx_word' id='word_1_52' title='bbox 1045 1076 1183 1157; x_wconf 79' lang='lat' dir='ltr'><strong>optimus</strong></span> <span class='ocrx_word' id='word_1_53' title='bbox 1196 1083 1300 1153; x_wconf 81' lang='lat' dir='ltr'><strong>praeeat</strong></span> 
     </span>
     <span class='ocr_line' id='line_1_8' title="bbox 290 1173 1297 1260; baseline -0.005 -24"><span class='ocrx_word' id='word_1_54' title='bbox 290 1177 461 1256; x_wconf 88' lang='lat' dir='ltr'><strong>Vinetique</strong></span> <span class='ocrx_word' id='word_1_55' title='bbox 476 1176 658 1256; x_wconf 83' lang='lat' dir='ltr'><strong>exemplum</strong></span> <span class='ocrx_word' id='word_1_56' title='bbox 679 1173 835 1244; x_wconf 79' lang='lat' dir='ltr'><strong>sustineat,</strong></span> <span class='ocrx_word' id='word_1_57' title='bbox 860 1193 927 1236; x_wconf 91' lang='lat' dir='ltr'><strong>non</strong></span> <span class='ocrx_word' id='word_1_58' title='bbox 945 1188 1068 1238; x_wconf 82' lang='lat' dir='ltr'><strong>temere</strong></span> <span class='ocrx_word' id='word_1_59' title='bbox 1089 1173 1209 1260; x_wconf 88' lang='lat' dir='ltr'><strong>probari</strong></span> <span class='ocrx_word' id='word_1_60' title='bbox 1224 1183 1297 1255; x_wconf 85' lang='lat' dir='ltr'><strong>puto.</strong></span> 
     </span>
    </p>
   </div>
   <div class='ocr_carea' id='block_1_4' title="bbox 291 1267 1373 1459">
    <p class='ocr_par' dir='ltr' id='par_1_4' title="bbox 291 1267 1373 1459">
     <span class='ocr_line' id='line_1_9' title="bbox 291 1267 1373 1368; baseline -0.01 -28"><span class='ocrx_word' id='word_1_61' title='bbox 291 1277 345 1340; x_wconf 83' lang='lat' dir='ltr'><strong>sic</strong></span> <span class='ocrx_word' id='word_1_62' title='bbox 365 1273 429 1338; x_wconf 79' lang='lat' dir='ltr'><strong>lere</strong></span> <span class='ocrx_word' id='word_1_63' title='bbox 451 1297 480 1345; x_wconf 80' lang='lat' dir='ltr'><strong>a.</strong></span> <span class='ocrx_word' id='word_1_64' title='bbox 498 1291 530 1350; x_wconf 85' lang='lat'><strong>7.</strong></span> <span class='ocrx_word' id='word_1_65' title='bbox 554 1295 608 1356; x_wconf 83' lang='lat'><strong>19.</strong></span> <span class='ocrx_word' id='word_1_66' title='bbox 632 1278 671 1338; x_wconf 88' lang='lat' dir='ltr'><strong>de</strong></span> <span class='ocrx_word' id='word_1_67' title='bbox 687 1277 845 1339; x_wconf 78' lang='lat' dir='ltr'><strong>Sardinia:</strong></span> <span class='ocrx_word' id='word_1_68' title='bbox 862 1267 990 1367; x_wconf 81' lang='lat' dir='ltr'><strong>fertilis</strong></span> <span class='ocrx_word' id='word_1_69' title='bbox 1004 1291 1038 1338; x_wconf 81' lang='lat' dir='ltr'><strong>et</strong></span> <span class='ocrx_word' id='word_1_70' title='bbox 1051 1269 1119 1368; x_wconf 79' lang='lat' dir='ltr'><strong>soli</strong></span> <span class='ocrx_word' id='word_1_71' title='bbox 1131 1297 1219 1360; x_wconf 84' lang='lat' dir='ltr'><strong>quarn</strong></span> <span class='ocrx_word' id='word_1_72' title='bbox 1237 1271 1298 1333; x_wconf 79' lang='lat' dir='ltr'><strong>coeli</strong></span> <span class='ocrx_word' id='word_1_73' title='bbox 1372 1349 1373 1360; x_wconf 68' lang='lat'><strong>.</strong></span> 
     </span>
     <span class='ocr_line' id='line_1_10' title="bbox 292 1365 1373 1459; baseline -0.008 -19"><span class='ocrx_word' id='word_1_74' title='bbox 292 1377 435 1440; x_wconf 64' lang='lat' dir='ltr'><strong>nachoris.</strong></span> <span class='ocrx_word' id='word_1_75' title='bbox 480 1379 671 1438; x_wconf 82' lang='lat' dir='ltr'><strong>Remoratur</strong></span> <span class='ocrx_word' id='word_1_76' title='bbox 685 1391 790 1440; x_wconf 88' lang='lat' dir='ltr'><strong>tamen</strong></span> <span class='ocrx_word' id='word_1_77' title='bbox 805 1379 866 1447; x_wconf 82' lang='lat' dir='ltr'><strong>laic,</strong></span> <span class='ocrx_word' id='word_1_78' title='bbox 892 1391 1016 1459; x_wconf 87' lang='lat' dir='ltr'><strong>praeter</strong></span> <span class='ocrx_word' id='word_1_79' title='bbox 1034 1380 1112 1440; x_wconf 81' lang='lat' dir='ltr'><strong>aliua</strong></span> <span class='ocrx_word' id='word_1_80' title='bbox 1128 1378 1250 1444; x_wconf 76' lang='lat' dir='ltr'><strong>codices,</strong></span> <span class='ocrx_word' id='word_1_81' title='bbox 1272 1374 1300 1432; x_wconf 90' lang='lat' dir='ltr'><strong>iu</strong></span> <span class='ocrx_word' id='word_1_82' title='bbox 1372 1365 1373 1392; x_wconf 62' lang='lat'>¹</span> 
     </span>
    </p>
   </div>
   <div class='ocr_carea' id='block_1_5' title="bbox 292 1473 1302 1868">
    <p class='ocr_par' dir='ltr' id='par_1_5' title="bbox 292 1473 1302 1868">
     <span class='ocr_line' id='line_1_11' title="bbox 292 1473 1301 1564; baseline -0.008 -24"><span class='ocrx_word' id='word_1_83' title='bbox 292 1479 404 1564; x_wconf 83' lang='lat' dir='ltr'><strong>primia</strong></span> <span class='ocrx_word' id='word_1_84' title='bbox 420 1479 526 1541; x_wconf 86' lang='lat' dir='ltr'><strong>Cibiu.</strong></span> <span class='ocrx_word' id='word_1_85' title='bbox 553 1483 604 1560; x_wconf 89' lang='lat' dir='ltr'><strong>qui</strong></span> <span class='ocrx_word' id='word_1_86' title='bbox 631 1481 787 1563; x_wconf 76' lang='lat' dir='ltr'><strong>vulgatam</strong></span> <span class='ocrx_word' id='word_1_87' title='bbox 810 1477 962 1560; x_wconf 81' lang='lat' dir='ltr'><strong>praefert,</strong></span> <span class='ocrx_word' id='word_1_88' title='bbox 995 1495 1068 1540; x_wconf 89' lang='lat' dir='ltr'><strong>tum</strong></span> <span class='ocrx_word' id='word_1_89' title='bbox 1091 1479 1175 1561; x_wconf 90' lang='lat' dir='ltr'><strong>quod</strong></span> <span class='ocrx_word' id='word_1_90' title='bbox 1194 1496 1253 1538; x_wconf 86' lang='lat' dir='ltr'><strong>nou</strong></span> <span class='ocrx_word' id='word_1_91' title='bbox 1271 1473 1301 1533; x_wconf 86' lang='lat' dir='ltr'><strong>ad</strong></span> 
     </span>
     <span class='ocr_line' id='line_1_12' title="bbox 292 1578 1302 1660; baseline -0.008 -16"><span class='ocrx_word' id='word_1_92' title='bbox 292 1582 457 1660; x_wconf 84' lang='lat' dir='ltr'><strong>Erythiam</strong></span> <span class='ocrx_word' id='word_1_93' title='bbox 475 1580 569 1642; x_wconf 85' lang='lat' dir='ltr'><strong>lolam</strong></span> <span class='ocrx_word' id='word_1_94' title='bbox 588 1581 663 1642; x_wconf 89' lang='lat' dir='ltr'><strong>haec</strong></span> <span class='ocrx_word' id='word_1_95' title='bbox 682 1581 776 1642; x_wconf 80' lang='lat' dir='ltr'><strong>verba</strong></span> <span class='ocrx_word' id='word_1_96' title='bbox 792 1578 979 1648; x_wconf 78' lang='lat' dir='ltr'><strong>referuntur.</strong></span> <span class='ocrx_word' id='word_1_97' title='bbox 1006 1579 1061 1642; x_wconf 87' lang='lat' dir='ltr'><strong>led</strong></span> <span class='ocrx_word' id='word_1_98' title='bbox 1081 1597 1114 1642; x_wconf 85' lang='lat' dir='ltr'><strong>et</strong></span> <span class='ocrx_word' id='word_1_99' title='bbox 1131 1580 1167 1642; x_wconf 82' lang='lat' dir='ltr'><strong>ad</strong></span> <span class='ocrx_word' id='word_1_100' title='bbox 1188 1579 1302 1657; x_wconf 80' lang='lat' dir='ltr'><strong>reliquae</strong></span> 
     </span>
     <span class='ocr_line' id='line_1_13' title="bbox 296 1679 1301 1766; baseline -0.006 -24"><span class='ocrx_word' id='word_1_101' title='bbox 296 1683 358 1744; x_wconf 83' lang='lat' dir='ltr'><strong>fine</strong></span> <span class='ocrx_word' id='word_1_102' title='bbox 379 1685 471 1744; x_wconf 81' lang='lat' dir='ltr'><strong>certia</strong></span> <span class='ocrx_word' id='word_1_103' title='bbox 490 1682 675 1742; x_wconf 78' lang='lat' dir='ltr'><strong>norninilrue</strong></span> <span class='ocrx_word' id='word_1_104' title='bbox 697 1681 821 1744; x_wconf 84' lang='lat' dir='ltr'><strong>iululae.</strong></span> <span class='ocrx_word' id='word_1_105' title='bbox 860 1681 952 1742; x_wconf 90' lang='lat' dir='ltr'><strong>Nihil</strong></span> <span class='ocrx_word' id='word_1_106' title='bbox 973 1683 1075 1766; x_wconf 85' lang='lat' dir='ltr'><strong>igitur</strong></span> <span class='ocrx_word' id='word_1_107' title='bbox 1089 1682 1216 1742; x_wconf 83' lang='lat' dir='ltr'><strong>mutavi.</strong></span> <span class='ocrx_word' id='word_1_108' title='bbox 1248 1679 1301 1740; x_wconf 81' lang='lat' dir='ltr'><strong>l&#39;ro</strong></span> 
     </span>
     <span class='ocr_line' id='line_1_14' title="bbox 293 1782 1167 1868; baseline -0.002 -22"><span class='ocrx_word' id='word_1_109' title='bbox 293 1783 372 1846; x_wconf 79' lang='lat' dir='ltr'><strong>adeo</strong></span> <span class='ocrx_word' id='word_1_110' title='bbox 388 1783 560 1868; x_wconf 81' lang='lat' dir='ltr'><strong>llehdiger.</strong></span> <span class='ocrx_word' id='word_1_111' title='bbox 579 1783 665 1855; x_wconf 63' lang='lat' dir='ltr'><strong>taen</strong></span> <span class='ocrx_word' id='word_1_112' title='bbox 690 1795 760 1844; x_wconf 85' lang='lat' dir='ltr'><strong>tum</strong></span> <span class='ocrx_word' id='word_1_113' title='bbox 776 1783 826 1845; x_wconf 89' lang='lat' dir='ltr'><strong>ed.</strong></span> <span class='ocrx_word' id='word_1_114' title='bbox 847 1793 905 1865; x_wconf 87' lang='lat'><strong>34.</strong></span> <span class='ocrx_word' id='word_1_115' title='bbox 929 1782 1167 1846; x_wconf 83' lang='lat' dir='ltr'><strong>renovantibus.</strong></span> 
     </span>
    </p>
   </div>
   <div class='ocr_carea' id='block_1_6' title="bbox 292 1977 1373 2265">
    <p class='ocr_par' dir='ltr' id='par_1_6' title="bbox 292 1977 1373 2265">
     <span class='ocr_line' id='line_1_15' title="bbox 366 1977 1373 2068; baseline -0.002 -23"><span class='ocrx_word' id='word_1_116' title='bbox 366 1981 598 2065; x_wconf 86' lang='lat' dir='ltr'><strong>minimum)</strong></span> <span class='ocrx_word' id='word_1_117' title='bbox 649 1983 785 2046; x_wconf 74' lang='lat' dir='ltr'><strong>Codices</strong></span> <span class='ocrx_word' id='word_1_118' title='bbox 815 1985 881 2046; x_wconf 86' lang='lat' dir='ltr'><strong>mei</strong></span> <span class='ocrx_word' id='word_1_119' title='bbox 906 2005 1039 2057; x_wconf 87' lang='lat' dir='ltr'><strong>umnee‚</strong></span> <span class='ocrx_word' id='word_1_120' title='bbox 1073 1985 1208 2068; x_wconf 78' lang='lat' dir='ltr'><strong>exceptio</strong></span> <span class='ocrx_word' id='word_1_121' title='bbox 1234 1977 1301 2043; x_wconf 78' lang='lat' dir='ltr'><strong>torte</strong></span> <span class='ocrx_word' id='word_1_122' title='bbox 1372 1995 1373 2022; x_wconf 76' lang='lat'><em>³</em></span> 
     </span>
     <span class='ocr_line' id='line_1_16' title="bbox 292 2085 1373 2168; baseline -0.001 -19"><span class='ocrx_word' id='word_1_123' title='bbox 292 2085 521 2155; x_wconf 80' lang='lat' dir='ltr'><strong>Paridenfibue,</strong></span> <span class='ocrx_word' id='word_1_124' title='bbox 539 2085 669 2156; x_wconf 85' lang='lat' dir='ltr'><strong>minime,</strong></span> <span class='ocrx_word' id='word_1_125' title='bbox 688 2087 735 2144; x_wconf 90' lang='lat' dir='ltr'><strong>uti</strong></span> <span class='ocrx_word' id='word_1_126' title='bbox 752 2085 824 2147; x_wconf 89' lang='lat' dir='ltr'><strong>edd.</strong></span> <span class='ocrx_word' id='word_1_127' title='bbox 839 2087 987 2168; x_wconf 77' lang='lat' dir='ltr'><strong>antiquae</strong></span> <span class='ocrx_word' id='word_1_128' title='bbox 1006 2109 1037 2150; x_wconf 86' lang='lat'><strong>1.</strong></span> <span class='ocrx_word' id='word_1_129' title='bbox 1060 2105 1091 2149; x_wconf 78' lang='lat' dir='ltr'><strong>a.</strong></span> <span class='ocrx_word' id='word_1_130' title='bbox 1111 2101 1144 2167; x_wconf 85' lang='lat'><strong>3.</strong></span> <span class='ocrx_word' id='word_1_131' title='bbox 1160 2095 1194 2164; x_wconf 79' lang='grc'><strong>4.</strong></span> <span class='ocrx_word' id='word_1_132' title='bbox 1210 2095 1239 2161; x_wconf 85' lang='grc'><strong>5.</strong></span> <span class='ocrx_word' id='word_1_133' title='bbox 1258 2101 1300 2141; x_wconf 82' lang='lat'><strong>¹¹·</strong></span> <span class='ocrx_word' id='word_1_134' title='bbox 1372 2127 1373 2164; x_wconf 56' lang='lat'>;</span> 
     </span>
     <span class='ocr_line' id='line_1_17' title="bbox 295 2186 1373 2265; baseline -0.004 -19"><span class='ocrx_word' id='word_1_135' title='bbox 295 2203 348 2248; x_wconf 79' lang='lat' dir='ltr'><strong>aa.</strong></span> <span class='ocrx_word' id='word_1_136' title='bbox 373 2194 426 2265; x_wconf 80' lang='lat'><strong>14.</strong></span> <span class='ocrx_word' id='word_1_137' title='bbox 452 2206 462 2246; x_wconf 89' lang='lat' dir='ltr'><strong>t</strong></span> <span class='ocrx_word' id='word_1_138' title='bbox 471 2203 505 2262; x_wconf 86' lang='lat'><strong>9.</strong></span> <span class='ocrx_word' id='word_1_139' title='bbox 524 2197 642 2246; x_wconf 88' lang='lat' dir='ltr'><strong>ceterae</strong></span> <span class='ocrx_word' id='word_1_140' title='bbox 658 2187 829 2256; x_wconf 85' lang='lat' dir='ltr'><strong>minimum,</strong></span> <span class='ocrx_word' id='word_1_141' title='bbox 849 2189 899 2247; x_wconf 88' lang='lat' dir='ltr'><strong>uti</strong></span> <span class='ocrx_word' id='word_1_142' title='bbox 913 2201 997 2250; x_wconf 87' lang='lat' dir='ltr'><strong>recte</strong></span> <span class='ocrx_word' id='word_1_143' title='bbox 1011 2203 1045 2250; x_wconf 89' lang='lat' dir='ltr'><strong>et</strong></span> <span class='ocrx_word' id='word_1_144' title='bbox 1060 2209 1100 2250; x_wconf 87' lang='lat' dir='ltr'><strong>ex</strong></span> <span class='ocrx_word' id='word_1_145' title='bbox 1116 2186 1200 2250; x_wconf 84' lang='lat' dir='ltr'><strong>lenlu</strong></span> <span class='ocrx_word' id='word_1_146' title='bbox 1214 2202 1300 2246; x_wconf 87' lang='lat' dir='ltr'><strong>emen·</strong></span> <span class='ocrx_word' id='word_1_147' title='bbox 1372 2239 1373 2254; x_wconf 63' lang='grc'>,</span> 
     </span>
    </p>
   </div>
   <div class='ocr_carea' id='block_1_7' title="bbox 276 2285 1300 3791">
    <p class='ocr_par' dir='ltr' id='par_1_7' title="bbox 276 2285 1300 3791">
     <span class='ocr_line' id='line_1_18' title="bbox 288 2285 1300 2352; baseline -0.006 -4"><span class='ocrx_word' id='word_1_148' title='bbox 288 2289 416 2348; x_wconf 84' lang='lat' dir='ltr'><strong>daverat</strong></span> <span class='ocrx_word' id='word_1_149' title='bbox 450 2286 639 2346; x_wconf 80' lang='lat' dir='ltr'>Hermolaus</span> <span class='ocrx_word' id='word_1_150' title='bbox 677 2285 839 2348; x_wconf 80' lang='lat' dir='ltr'><strong>Barbarus.</strong></span> <span class='ocrx_word' id='word_1_151' title='bbox 903 2289 1097 2352; x_wconf 86' lang='lat' dir='ltr'><strong>Proximum</strong></span> <span class='ocrx_word' id='word_1_152' title='bbox 1130 2286 1300 2351; x_wconf 85' lang='lat' dir='ltr'><strong>vocabulum</strong></span> 
     </span>
     <span class='ocr_line' id='line_1_19' title="bbox 288 2385 1299 2470; baseline -0.001 -22"><span class='ocrx_word' id='word_1_153' title='bbox 288 2387 387 2470; x_wconf 83' lang='lat' dir='ltr'><strong>magia</strong></span> <span class='ocrx_word' id='word_1_154' title='bbox 409 2387 536 2470; x_wconf 82' lang='lat' dir='ltr'><strong>agitant.</strong></span> <span class='ocrx_word' id='word_1_155' title='bbox 589 2385 735 2450; x_wconf 85' lang='lat' dir='ltr'><strong>Ciaccon.</strong></span> <span class='ocrx_word' id='word_1_156' title='bbox 770 2408 883 2450; x_wconf 80' lang='lat' dir='ltr'><strong>omues</strong></span> <span class='ocrx_word' id='word_1_157' title='bbox 917 2392 955 2452; x_wconf 78' lang='lat' dir='ltr'><strong>A.</strong></span> <span class='ocrx_word' id='word_1_158' title='bbox 984 2391 1146 2454; x_wconf 74' lang='lat' dir='ltr'><strong>Gronooii</strong></span> <span class='ocrx_word' id='word_1_159' title='bbox 1170 2411 1207 2451; x_wconf 85' lang='lat' dir='ltr'><strong>ex</strong></span> <span class='ocrx_word' id='word_1_160' title='bbox 1235 2385 1299 2446; x_wconf 74' lang='lat' dir='ltr'><strong>mail</strong></span> 
     </span>
     <span class='ocr_line' id='line_1_20' title="bbox 287 2485 1297 2576; baseline -0.005 -27"><span class='ocrx_word' id='word_1_161' title='bbox 287 2489 445 2556; x_wconf 86' lang='lat' dir='ltr'><strong>Vaticani,</strong></span> <span class='ocrx_word' id='word_1_162' title='bbox 477 2485 569 2548; x_wconf 83' lang='lat' dir='ltr'><strong>Parii.</strong></span> <span class='ocrx_word' id='word_1_163' title='bbox 588 2501 619 2566; x_wconf 83' lang='lat'><strong>3.</strong></span> <span class='ocrx_word' id='word_1_164' title='bbox 644 2487 725 2570; x_wconf 88' lang='lat' dir='ltr'><strong>Lipl.</strong></span> <span class='ocrx_word' id='word_1_165' title='bbox 754 2489 858 2552; x_wconf 87' lang='lat' dir='ltr'><strong>Havn.</strong></span> <span class='ocrx_word' id='word_1_166' title='bbox 885 2492 1025 2554; x_wconf 88' lang='lat' dir='ltr'><strong>Vindob.</strong></span> <span class='ocrx_word' id='word_1_167' title='bbox 1051 2493 1189 2576; x_wconf 82' lang='lat' dir='ltr'><strong>Rehdlg.</strong></span> <span class='ocrx_word' id='word_1_168' title='bbox 1210 2487 1297 2552; x_wconf 85' lang='lat' dir='ltr'><strong>Cibiu.</strong></span> 
     </span>
     <span class='ocr_line' id='line_1_21' title="bbox 288 2589 1298 2670; baseline -0.002 -20"><span class='ocrx_word' id='word_1_169' title='bbox 288 2589 463 2660; x_wconf 68' lang='lat' dir='ltr'><strong>interdurn</strong></span> <span class='ocrx_word' id='word_1_170' title='bbox 489 2591 603 2670; x_wconf 84' lang='lat' dir='ltr'><strong>reliqui</strong></span> <span class='ocrx_word' id='word_1_171' title='bbox 621 2609 693 2650; x_wconf 89' lang='lat' dir='ltr'><strong>cum</strong></span> <span class='ocrx_word' id='word_1_172' title='bbox 714 2591 911 2654; x_wconf 72' lang='lat' dir='ltr'><strong>editionibus</strong></span> <span class='ocrx_word' id='word_1_173' title='bbox 926 2591 987 2655; x_wconf 84' lang='lat' dir='ltr'><strong>luia</strong></span> <span class='ocrx_word' id='word_1_174' title='bbox 1005 2592 1187 2656; x_wconf 84' lang='lat' dir='ltr'><strong>conleulille</strong></span> <span class='ocrx_word' id='word_1_175' title='bbox 1206 2589 1298 2652; x_wconf 85' lang='lat' dir='ltr'><strong>videu-</strong></span> 
     </span>
     <span class='ocr_line' id='line_1_22' title="bbox 286 2680 1298 2774; baseline -0.004 -22"><span class='ocrx_word' id='word_1_176' title='bbox 286 2705 348 2752; x_wconf 87' lang='lat' dir='ltr'><strong>tut.</strong></span> <span class='ocrx_word' id='word_1_177' title='bbox 387 2689 512 2770; x_wconf 81' lang='lat' dir='ltr'>Nempe</span> <span class='ocrx_word' id='word_1_178' title='bbox 536 2709 564 2752; x_wconf 88' lang='lat' dir='ltr'><strong>t.</strong></span> <span class='ocrx_word' id='word_1_179' title='bbox 585 2704 617 2750; x_wconf 77' lang='lat' dir='ltr'><strong>a.</strong></span> <span class='ocrx_word' id='word_1_180' title='bbox 639 2703 672 2767; x_wconf 97' lang='lat'><strong>3.</strong></span> <span class='ocrx_word' id='word_1_181' title='bbox 688 2700 723 2768; x_wconf 91' lang='lat'><strong>4.</strong></span> <span class='ocrx_word' id='word_1_182' title='bbox 742 2680 774 2766; x_wconf 95' lang='lat'><em>5</em></span> <span class='ocrx_word' id='word_1_183' title='bbox 794 2710 828 2770; x_wconf 87' lang='lat'><strong>9.</strong></span> <span class='ocrx_word' id='word_1_184' title='bbox 849 2711 904 2756; x_wconf 83' lang='lat' dir='ltr'><strong>tt.</strong></span> <span class='ocrx_word' id='word_1_185' title='bbox 927 2711 981 2758; x_wconf 81' lang='lat'><strong>12.</strong></span> <span class='ocrx_word' id='word_1_186' title='bbox 1005 2705 1061 2772; x_wconf 84' lang='lat'><strong>14.</strong></span> <span class='ocrx_word' id='word_1_187' title='bbox 1083 2713 1138 2774; x_wconf 81' lang='lat'><strong>19.</strong></span> <span class='ocrx_word' id='word_1_188' title='bbox 1160 2696 1249 2762; x_wconf 60' lang='lat' dir='ltr'><strong>intem</strong></span> <span class='ocrx_word' id='word_1_189' title='bbox 1271 2687 1298 2750; x_wconf 78' lang='lat'><strong>6.</strong></span> 
     </span>
     <span class='ocr_line' id='line_1_23' title="bbox 287 2791 1299 2874; baseline -0.002 -24"><span class='ocrx_word' id='word_1_190' title='bbox 287 2809 321 2874; x_wconf 88' lang='lat'><strong>7.</strong></span> <span class='ocrx_word' id='word_1_191' title='bbox 340 2804 374 2869; x_wconf 81' lang='lat'><strong>3.</strong></span> <span class='ocrx_word' id='word_1_192' title='bbox 400 2811 452 2852; x_wconf 87' lang='grc' dir='ltr'><strong>ιο.</strong></span> <span class='ocrx_word' id='word_1_193' title='bbox 481 2805 534 2869; x_wconf 88' lang='lat'><strong>13.</strong></span> <span class='ocrx_word' id='word_1_194' title='bbox 565 2791 618 2853; x_wconf 77' lang='lat'><strong>16.</strong></span> <span class='ocrx_word' id='word_1_195' title='bbox 644 2803 698 2867; x_wconf 83' lang='lat'><strong>¹8·</strong></span> <span class='ocrx_word' id='word_1_196' title='bbox 724 2807 782 2853; x_wconf 76' lang='lat' dir='ltr'><strong>aa.</strong></span> <span class='ocrx_word' id='word_1_197' title='bbox 807 2801 864 2873; x_wconf 80' lang='lat'><strong>24.</strong></span> <span class='ocrx_word' id='word_1_198' title='bbox 890 2805 947 2870; x_wconf 86' lang='lat'><strong>25.</strong></span> <span class='ocrx_word' id='word_1_199' title='bbox 968 2796 1142 2866; x_wconf 62' lang='lat' dir='ltr'><strong>verdiana,</strong></span> <span class='ocrx_word' id='word_1_200' title='bbox 1170 2791 1299 2855; x_wconf 83' lang='lat' dir='ltr'><strong>Oliran&#39;a·</strong></span> 
     </span>
     <span class='ocr_line' id='line_1_24' title="bbox 287 2887 1298 2977; baseline 0.003 -23"><span class='ocrx_word' id='word_1_201' title='bbox 287 2914 356 2963; x_wconf 86' lang='lat' dir='ltr'><strong>nae.</strong></span> <span class='ocrx_word' id='word_1_202' title='bbox 377 2893 541 2962; x_wconf 75' lang='lat' dir='ltr'><strong>schottus,</strong></span> <span class='ocrx_word' id='word_1_203' title='bbox 565 2887 698 2962; x_wconf 80' lang='lat' dir='ltr'><strong>Vollrue,</strong></span> <span class='ocrx_word' id='word_1_204' title='bbox 724 2893 883 2954; x_wconf 83' lang='lat' dir='ltr'><strong>Gronovii</strong></span> <span class='ocrx_word' id='word_1_205' title='bbox 901 2897 933 2954; x_wconf 90' lang='lat' dir='ltr'><strong>in</strong></span> <span class='ocrx_word' id='word_1_206' title='bbox 950 2906 1009 2977; x_wconf 80' lang='lat'><strong>40.</strong></span> <span class='ocrx_word' id='word_1_207' title='bbox 1026 2909 1089 2974; x_wconf 86' lang='lat'><strong>41.</strong></span> <span class='ocrx_word' id='word_1_208' title='bbox 1104 2907 1163 2976; x_wconf 68' lang='lat'><strong>4⁹·</strong></span> <span class='ocrx_word' id='word_1_209' title='bbox 1178 2893 1298 2957; x_wconf 73' lang='lat' dir='ltr'><strong>dicerint</strong></span> 
     </span>
     <span class='ocr_line' id='line_1_25' title="bbox 291 2991 1298 3076; baseline -0.003 -22"><span class='ocrx_word' id='word_1_210' title='bbox 291 3009 345 3072; x_wconf 79' lang='lat'><strong>13.</strong></span> <span class='ocrx_word' id='word_1_211' title='bbox 370 3009 424 3069; x_wconf 87' lang='lat'><strong>17.</strong></span> <span class='ocrx_word' id='word_1_212' title='bbox 453 3008 511 3056; x_wconf 80' lang='lat' dir='ltr'><strong>ao.</strong></span> <span class='ocrx_word' id='word_1_213' title='bbox 536 3007 594 3073; x_wconf 76' lang='lat'><strong>23.</strong></span> <span class='ocrx_word' id='word_1_214' title='bbox 620 2995 766 3067; x_wconf 75' lang='lat' dir='ltr'><strong>vinetus,</strong></span> <span class='ocrx_word' id='word_1_215' title='bbox 791 2995 859 3076; x_wconf 84' lang='lat' dir='ltr'><strong>poll</strong></span> <span class='ocrx_word' id='word_1_216' title='bbox 874 3015 946 3056; x_wconf 80' lang='lat' dir='ltr'><strong>cunt</strong></span> <span class='ocrx_word' id='word_1_217' title='bbox 966 2998 1141 3059; x_wconf 83' lang='lat' dir='ltr'><strong>lleinoldio</strong></span> <span class='ocrx_word' id='word_1_218' title='bbox 1165 3007 1221 3074; x_wconf 86' lang='lat'><strong>44.</strong></span> <span class='ocrx_word' id='word_1_219' title='bbox 1241 2991 1298 3052; x_wconf 87' lang='lat' dir='ltr'><strong>reli·</strong></span> 
     </span>
     <span class='ocr_line' id='line_1_26' title="bbox 284 3093 1298 3176; baseline -0.002 -22"><span class='ocrx_word' id='word_1_220' title='bbox 284 3113 362 3176; x_wconf 88' lang='lat' dir='ltr'><strong>qnae</strong></span> <span class='ocrx_word' id='word_1_221' title='bbox 379 3093 544 3154; x_wconf 73' lang='lat' dir='ltr'><strong>interdum.</strong></span> <span class='ocrx_word' id='word_1_222' title='bbox 578 3095 709 3156; x_wconf 71' lang='lat' dir='ltr'><strong>sirtarim</strong></span> <span class='ocrx_word' id='word_1_223' title='bbox 726 3097 948 3158; x_wconf 80' lang='lat' dir='ltr'><strong>emendaverat</strong></span> <span class='ocrx_word' id='word_1_224' title='bbox 965 3097 1171 3169; x_wconf 82' lang='lat' dir='ltr'><strong>Hermolaue;</strong></span> <span class='ocrx_word' id='word_1_225' title='bbox 1196 3115 1231 3158; x_wconf 84' lang='lat' dir='ltr'><strong>ex</strong></span> <span class='ocrx_word' id='word_1_226' title='bbox 1244 3111 1298 3154; x_wconf 87' lang='lat' dir='ltr'><strong>rue·</strong></span> 
     </span>
     <span class='ocr_line' id='line_1_27' title="bbox 285 3194 1297 3279; baseline 0.008 -25"><span class='ocrx_word' id='word_1_227' title='bbox 285 3194 417 3256; x_wconf 81' lang='lat' dir='ltr'><strong>lioribue</strong></span> <span class='ocrx_word' id='word_1_228' title='bbox 431 3210 463 3254; x_wconf 85' lang='lat' dir='ltr'><strong>et</strong></span> <span class='ocrx_word' id='word_1_229' title='bbox 479 3194 634 3275; x_wconf 80' lang='lat' dir='ltr'><strong>plerisque</strong></span> <span class='ocrx_word' id='word_1_230' title='bbox 645 3197 765 3259; x_wconf 85' lang='lat' dir='ltr'><strong>MSSlia</strong></span> <span class='ocrx_word' id='word_1_231' title='bbox 779 3199 896 3258; x_wconf 83' lang='lat' dir='ltr'><strong>rectius</strong></span> <span class='ocrx_word' id='word_1_232' title='bbox 910 3199 1083 3279; x_wconf 76' lang='lat' dir='ltr'><strong>repositum</strong></span> <span class='ocrx_word' id='word_1_233' title='bbox 1095 3199 1138 3262; x_wconf 85' lang='lat' dir='ltr'><strong>est</strong></span> <span class='ocrx_word' id='word_1_234' title='bbox 1151 3195 1297 3262; x_wconf 75' lang='lat' dir='ltr'><strong>interdum.</strong></span> 
     </span>
     <span class='ocr_line' id='line_1_28' title="bbox 283 3295 1299 3383; baseline -0.002 -26"><span class='ocrx_word' id='word_1_235' title='bbox 283 3297 337 3358; x_wconf 82' lang='lat' dir='ltr'><strong>etst</strong></span> <span class='ocrx_word' id='word_1_236' title='bbox 364 3296 485 3355; x_wconf 77' lang='lat' dir='ltr'><strong>interint</strong></span> <span class='ocrx_word' id='word_1_237' title='bbox 507 3295 588 3375; x_wconf 80' lang='lat' dir='ltr'><strong>apud</strong></span> <span class='ocrx_word' id='word_1_238' title='bbox 612 3296 867 3379; x_wconf 83' lang='lat' dir='ltr'><strong>Quinctilianum</strong></span> <span class='ocrx_word' id='word_1_239' title='bbox 887 3301 1029 3381; x_wconf 75' lang='lat' dir='ltr'><strong>aliosque</strong></span> <span class='ocrx_word' id='word_1_240' title='bbox 1050 3301 1119 3383; x_wconf 86' lang='lat' dir='ltr'><strong>poll</strong></span> <span class='ocrx_word' id='word_1_241' title='bbox 1140 3296 1299 3383; x_wconf 78' lang='lat' dir='ltr'><strong>Augustum</strong></span> 
     </span>
     <span class='ocr_line' id='line_1_29' title="bbox 285 3387 1299 3486; baseline -0.001 -28"><span class='ocrx_word' id='word_1_242' title='bbox 285 3411 428 3459; x_wconf 81' lang='lat' dir='ltr'><strong>auctores</strong></span> <span class='ocrx_word' id='word_1_243' title='bbox 452 3392 562 3478; x_wconf 79' lang='lat' dir='ltr'><strong>passam</strong></span> <span class='ocrx_word' id='word_1_244' title='bbox 586 3397 701 3458; x_wconf 77' lang='lat' dir='ltr'><strong>eodeni</strong></span> <span class='ocrx_word' id='word_1_245' title='bbox 729 3397 817 3460; x_wconf 88' lang='lat' dir='ltr'><strong>lenlu</strong></span> <span class='ocrx_word' id='word_1_246' title='bbox 839 3397 1065 3481; x_wconf 78' lang='lat' dir='ltr'><strong>frequentatur.</strong></span> <span class='ocrx_word' id='word_1_247' title='bbox 1118 3403 1179 3463; x_wconf 88' lang='lat' dir='ltr'><strong>Pro</strong></span> <span class='ocrx_word' id='word_1_248' title='bbox 1209 3387 1299 3486; x_wconf 69' lang='lat' dir='ltr'><strong>miffar</strong></span> 
     </span>
     <span class='ocr_line' id='line_1_30' title="bbox 284 3487 1297 3590; baseline -0.003 -29"><span class='ocrx_word' id='word_1_249' title='bbox 284 3499 456 3581; x_wconf 81' lang='lat' dir='ltr'><strong>Rehdiger.</strong></span> <span class='ocrx_word' id='word_1_250' title='bbox 478 3499 573 3559; x_wconf 90' lang='lat' dir='ltr'><strong>Vatic.</strong></span> <span class='ocrx_word' id='word_1_251' title='bbox 589 3516 619 3560; x_wconf 90' lang='lat'><strong>1.</strong></span> <span class='ocrx_word' id='word_1_252' title='bbox 638 3489 773 3590; x_wconf 62' lang='lat' dir='ltr'><strong>manfr-53</strong></span> <span class='ocrx_word' id='word_1_253' title='bbox 801 3502 938 3564; x_wconf 84' lang='lat' dir='ltr'><strong>vindob.</strong></span> <span class='ocrx_word' id='word_1_254' title='bbox 958 3504 1053 3563; x_wconf 81' lang='lat' dir='ltr'><strong>etiarn</strong></span> <span class='ocrx_word' id='word_1_255' title='bbox 1074 3503 1177 3584; x_wconf 77' lang='lat' dir='ltr'><strong>plures</strong></span> <span class='ocrx_word' id='word_1_256' title='bbox 1197 3487 1297 3586; x_wconf 76' lang='lat' dir='ltr'><strong>ramses</strong></span> 
     </span>
     <span class='ocr_line' id='line_1_31' title="bbox 276 3591 1297 3691; baseline -0.004 -30"><span class='ocrx_word' id='word_1_257' title='bbox 276 3592 435 3691; x_wconf 61' lang='lat' dir='ltr'><strong>factunm</strong></span> <span class='ocrx_word' id='word_1_258' title='bbox 481 3597 588 3660; x_wconf 89' lang='lat' dir='ltr'><strong>Cibin.</strong></span> <span class='ocrx_word' id='word_1_259' title='bbox 611 3591 729 3688; x_wconf 83' lang='lat' dir='ltr'><strong>serant</strong></span> <span class='ocrx_word' id='word_1_260' title='bbox 750 3593 882 3691; x_wconf 73' lang='lat' dir='ltr'><strong>rorenses;</strong></span> <span class='ocrx_word' id='word_1_261' title='bbox 923 3605 1022 3665; x_wconf 89' lang='lat' dir='ltr'><strong>Vatic.</strong></span> <span class='ocrx_word' id='word_1_262' title='bbox 1040 3617 1073 3682; x_wconf 84' lang='lat'><strong>3.</strong></span> <span class='ocrx_word' id='word_1_263' title='bbox 1091 3623 1185 3686; x_wconf 83' lang='lat' dir='ltr'><strong>quom</strong></span> <span class='ocrx_word' id='word_1_264' title='bbox 1207 3599 1297 3680; x_wconf 76' lang='lat' dir='ltr'><strong>plum</strong></span> 
     </span>
     <span class='ocr_line' id='line_1_32' title="bbox 285 3691 1253 3791; baseline -0.004 -27"><span class='ocrx_word' id='word_1_265' title='bbox 285 3693 389 3791; x_wconf 75' lang='lat' dir='ltr'><strong>maffia</strong></span> <span class='ocrx_word' id='word_1_266' title='bbox 407 3691 530 3790; x_wconf 82' lang='lat' dir='ltr'><strong>ferant.</strong></span> <span class='ocrx_word' id='word_1_267' title='bbox 566 3699 638 3762; x_wconf 85' lang='lat' dir='ltr'><strong>Poll</strong></span> <span class='ocrx_word' id='word_1_268' title='bbox 654 3701 825 3785; x_wconf 83' lang='lat' dir='ltr'><strong>llehdiger.</strong></span> <span class='ocrx_word' id='word_1_269' title='bbox 847 3701 998 3766; x_wconf 83' lang='lat' dir='ltr'><strong>Celtlticis</strong></span> <span class='ocrx_word' id='word_1_270' title='bbox 1013 3718 1045 3767; x_wconf 87' lang='lat' dir='ltr'><strong>et</strong></span> <span class='ocrx_word' id='word_1_271' title='bbox 1063 3701 1253 3766; x_wconf 76' lang='lat' dir='ltr'><strong>habundant.</strong></span> 
     </span>
    </p>
   </div>
   <div class='ocr_carea' id='block_1_8' title="bbox 284 3893 1295 4198">
    <p class='ocr_par' dir='ltr' id='par_1_8' title="bbox 284 3893 1295 4198">
     <span class='ocr_line' id='line_1_33' title="bbox 363 3893 1295 3998; baseline 0.002 -32"><span class='ocrx_word' id='word_1_272' title='bbox 363 3893 672 3994; x_wconf 79' lang='lat' dir='ltr'><strong>Cassiteridas)</strong></span> <span class='ocrx_word' id='word_1_273' title='bbox 721 3901 815 3966; x_wconf 80' lang='lat' dir='ltr'><strong>Paris.</strong></span> <span class='ocrx_word' id='word_1_274' title='bbox 844 3917 876 3983; x_wconf 93' lang='lat'><strong>3.</strong></span> <span class='ocrx_word' id='word_1_275' title='bbox 915 3905 1056 3969; x_wconf 81' lang='lat' dir='ltr'><strong>vindob.</strong></span> <span class='ocrx_word' id='word_1_276' title='bbox 1089 3897 1295 3998; x_wconf 71' lang='lat' dir='ltr'><strong>Caffidericlest</strong></span> 
     </span>
     <span class='ocr_line' id='line_1_34' title="bbox 284 3999 1293 4096; baseline -0.004 -28"><span class='ocrx_word' id='word_1_277' title='bbox 284 4003 376 4068; x_wconf 83' lang='lat' dir='ltr'><strong>Parii.</strong></span> <span class='ocrx_word' id='word_1_278' title='bbox 400 4029 427 4067; x_wconf 94' lang='grc' dir='ltr'><strong>ι.</strong></span> <span class='ocrx_word' id='word_1_279' title='bbox 451 4003 549 4064; x_wconf 86' lang='lat' dir='ltr'><strong>Vatic.</strong></span> <span class='ocrx_word' id='word_1_280' title='bbox 563 4017 594 4080; x_wconf 88' lang='lat'><strong>3.</strong></span> <span class='ocrx_word' id='word_1_281' title='bbox 613 4004 701 4088; x_wconf 85' lang='lat' dir='ltr'><strong>Prag.</strong></span> <span class='ocrx_word' id='word_1_282' title='bbox 719 4000 949 4096; x_wconf 78' lang='lat' dir='ltr'><strong>Caffiderldas3</strong></span> <span class='ocrx_word' id='word_1_283' title='bbox 975 4007 1067 4070; x_wconf 79' lang='lat' dir='ltr'><strong>Paris.</strong></span> <span class='ocrx_word' id='word_1_284' title='bbox 1081 4023 1113 4070; x_wconf 82' lang='lat' dir='ltr'><strong>a.</strong></span> <span class='ocrx_word' id='word_1_285' title='bbox 1129 4005 1207 4090; x_wconf 86' lang='lat' dir='ltr'><strong>Lipl.</strong></span> <span class='ocrx_word' id='word_1_286' title='bbox 1222 3999 1293 4064; x_wconf 81' lang='lat' dir='ltr'><strong>Gud·</strong></span> 
     </span>
     <span class='ocr_line' id='line_1_35' title="bbox 288 4101 1292 4198; baseline -0.009 -29"><span class='ocrx_word' id='word_1_287' title='bbox 288 4105 508 4198; x_wconf 79' lang='lat' dir='ltr'><strong>Cafiden&#39;das;</strong></span> <span class='ocrx_word' id='word_1_288' title='bbox 543 4105 649 4166; x_wconf 88' lang='lat' dir='ltr'><strong>Cibin.</strong></span> <span class='ocrx_word' id='word_1_289' title='bbox 676 4101 903 4196; x_wconf 80' lang='lat' dir='ltr'><strong>caffitlaeridos;</strong></span> <span class='ocrx_word' id='word_1_290' title='bbox 930 4109 1028 4170; x_wconf 81' lang='lat' dir='ltr'><strong>Vatic.</strong></span> <span class='ocrx_word' id='word_1_291' title='bbox 1052 4131 1079 4173; x_wconf 79' lang='lat' dir='ltr'><strong>a.</strong></span> <span class='ocrx_word' id='word_1_292' title='bbox 1102 4111 1178 4170; x_wconf 79' lang='lat' dir='ltr'><strong>Van.</strong></span> <span class='ocrx_word' id='word_1_293' title='bbox 1200 4105 1292 4165; x_wconf 71' lang='lat' dir='ltr'><strong>Haeo.</strong></span> 
     </span>
    </p>
   </div>
   <div class='ocr_carea' id='block_1_9' title="bbox 0 0 1418 4936">
    <p class='ocr_par' dir='ltr' id='par_1_9' title="bbox 0 0 1418 4936">
     <span class='ocr_line' id='line_1_36' title="bbox 0 0 1418 4936; baseline 0 0"><span class='ocrx_word' id='word_1_294' title='bbox 0 0 1418 4936; x_wconf 95' lang='lat' dir='ltr'><strong> </strong></span> 
     </span>
    </p>
   </div>
  </div>
 </body>
</html>
