2788 4942
353 475 443 534 Ltn.
474 479 525 532 111.
570 477 603 534 C.
632 479 669 532 11.
711 477 736 548 i.
760 491 790 550 5.
1049 487 1092 553 75

61 649 109 712 hic
129 650 162 710 in
185 651 272 712 litera
295 671 311 710 e
331 647 547 721 consentiant,
575 669 656 732 qnae
671 647 760 712 facile
780 649 814 710 in
836 669 909 712 eex
924 647 1092 733 scriptum

64 753 310 836 langobardicae
330 751 471 814 confinio
490 751 619 814 transire
639 751 757 834 potest,
784 765 816 813 et
833 753 982 833 exemplo
1003 751 1093 812 tebn-

64 853 107 916 lee
129 855 271 936 adparet,
306 873 342 915 ea
368 855 479 935 utique
505 853 626 914 dimitti
651 871 718 914 nnn
741 852 854 934 potest.
905 853 992 915 Hinc
1014 871 1092 914 veto

65 953 263 1016 Elimberrum
285 955 429 1037 proxime
447 955 569 1016 accedit
586 956 623 1016 ad
642 955 855 1026 Antoninum,
876 973 915 1016 nx
931 973 997 1036 quo
1012 955 1092 1016 adeo

65 1057 94 1118 id
115 1058 274 1128 excitavit,
300 1055 505 1140 Weiieiingio
527 1053 642 1124 nescio,
669 1056 868 1125 ciacconius,
893 1069 927 1116 et
947 1057 984 1116 ed
1003 1055 1093 1116 tabu·

64 1159 136 1228 lam,
163 1159 197 1218 in
214 1179 275 1240 qua
288 1159 405 1219 lineola
424 1155 595 1219 trantverie
617 1157 772 1241 exstingui
790 1153 878 1218 facile
898 1157 1021 1238 potuit,
1057 1169 1094 1218 nt

65 1263 94 1319 in
110 1260 197 1322 libris
219 1281 249 1322 m
265 1273 298 1323 et
314 1279 366 1320 um
383 1261 470 1322 varie
490 1260 595 1322 iactari
617 1257 730 1322 solent.
765 1257 850 1322 Dedi
874 1259 973 1344 igitur
993 1257 1093 1320 Elim·

63 1357 186 1424 bermm.

222 1567 253 1646 §.
280 1577 313 1643 5.
368 1563 599 1646 Garumna)
655 1563 738 1648 Lipi.
765 1563 970 1635 (totumne,-
1008 1561 1094 1626 nun.

65 1665 148 1752 Preg.
172 1665 366 1730 Vindobon.
393 1669 558 1738 Gentnnn,
586 1669 626 1729 de
646 1687 712 1748 qno
734 1665 831 1748 supet.
883 1667 971 1726 Tum
986 1663 1095 1728 Cibin.

67 1762 219 1860 dilapsus,
248 1769 300 1829 alii
322 1783 407 1832 tecte
428 1759 586 1860 delapsus.
625 1769 697 1830 Pon
715 1768 800 1830 (ind.
820 1763 968 1830 imbemo.
1010 1764 1096 1826 Hinc

67 1869 141 1952 Lipi.
156 1861 270 1962 solitis
288 1867 434 1944 nivibus:
458 1871 550 1956 Preg.
562 1861 684 1962 solutis
702 1865 842 1930 nubibus.

135 2075 186 2136 At
213 2069 307 2156 uit)
356 2073 440 2136 Edd.
464 2087 522 2153 30.
547 2087 605 2154 32.
630 2075 696 2135 Ant
720 2069 782 2136 ubi.
823 2073 911 2134 Tum
932 2069 1096 2148 vatins.

68 2171 151 2258 Pteg.
174 2173 366 2237 vindobon.
390 2172 576 2268 estuantis.
619 2175 656 2236 ln
682 2172 765 2256 [equ.
787 2173 866 2234 haec
888 2171 1096 2234 obiiciantur.

69 2273 200 2360 Rehdig.
217 2275 326 2337 iisdem
346 2289 446 2348 retro,·
471 2275 562 2360 Prag.
585 2274 765 2359 hisdemque
781 2271 980 2336 tentantibus
997 2283 1098 2344 retro:

71 2475 297 2560 aliquantulum
324 2477 463 2560 plenior,·
489 2477 596 2542 Cibin.
629 2479 750 2540 omittit
776 2477 888 2539 verba:
922 2487 953 2536 et
976 2483 1098 2558 quanto

73 2579 166 2659 magis
190 2613 242 2628 -
265 2601 321 2642 nec
342 2581 483 2651 maiora:
520 2577 605 2662 Lipi.
629 2579 802 2664 Rehdiger.
819 2577 919 2640 verbo
933 2571 984 2668 stt
1006 2573 1099 2636 subii·

74 2679 154 2739 ciunt
174 2696 349 2766 punctum,
375 2695 407 2743 et
422 2679 461 2742 iic
474 2680 546 2742 edd.
569 2681 687 2743 multae
702 2681 797 2742 variis
816 2675 987 2741 intersertis
1005 2675 1098 2760 fignit

74 2777 118 2840 bic
132 2781 351 2868 distinguunt,
376 2783 410 2844 in
431 2783 470 2844 iit
492 2781 710 2850 Camertinae,
736 2779 914 2848 Vedianae,
947 2775 1103 2840 Olivaria·

73 2901 140 2952 nee,
167 2885 326 2956 Vinetnt,
356 2883 506 2947 Schottut
528 2895 561 2944 et
580 2883 632 2943 alii
649 2884 685 2944 ad
704 2883 931 2950 Reinoidinnt,
957 2879 1010 2960 qni
1032 2876 1101 2960 post

74 2981 164 3044 iatine
188 2984 324 3048 incisum
353 2983 473 3068 posuit,
510 2985 596 3066 quod
621 2985 696 3046 inde
720 2983 758 3046 ab
788 2983 838 3046 ed.
863 2979 1021 3044 Gronovii
1039 2986 1100 3060 44.

74 3083 208 3150 imitatae
231 3085 304 3148 funt
318 3087 472 3168 reliquae3
507 3086 591 3147 Gnd.
611 3087 734 3148 omittit
756 3085 817 3158 ad,·
848 3083 954 3144 Havn.
976 3081 1102 3142 maiora

75 3195 192 3262 tamen,
219 3201 297 3250 nota
311 3187 422 3250 harum
444 3187 665 3271 particularum
680 3183 880 3257 confnfi011e;
906 3183 1013 3247 Cibin.
1032 3193 1104 3242 tan·

75 3297 135 3346 tum
158 3291 331 3370 navigatio
355 3289 490 3361 tolerat,
537 3289 710 3372 Rehdiger.
737 3287 926 3349 vindobon.
957 3284 1104 3355 tollerat,-

74 3386 162 3454 Parit.
182 3409 215 3456 2.
236 3391 341 3452 Havn.
363 3411 468 3452 verum
491 3409 573 3450 more
588 3391 734 3474 neglecto
750 3389 866 3460 etiam,·
891 3385 999 3450 cibin.
1017 3383 1101 3446 Gud.

76 3487 243 3578 liehdiger.
265 3491 409 3554 Vindob.
425 3511 531 3552 venem
550 3511 632 3552 more
647 3492 753 3552 etiam.
790 3490 959 3550 Editionet
974 3485 1103 3554 multae,

78 3589 109 3649 in
129 3597 244 3676 primis
264 3595 460 3674 antiquiores
488 3589 623 3654 incisum
646 3595 754 3654 minue
775 3605 859 3652 recte
883 3601 1011 3672 ponunt
1035 3584 1105 3668 post

79 3696 281 3776 naviganteu
318 3693 463 3756 Vindob.
490 3707 585 3777 utque
609 3687 637 3782 fi
661 3693 726 3754 aiio
734 3713 747 3766 ,·
787 3695 872 3754 lunt.
893 3701 1023 3752 eventus
1045 3705 1104 3768 pto

79 3809 196 3868 ventus,
223 3795 310 3879 quod
325 3796 368 3858 est
383 3796 416 3855 in
434 3795 565 3868 Aldina;
592 3794 642 3856 eti.
661 3812 689 3856 1.
708 3795 875 3874 precipiat.
901 3805 1105 3853 nzscnvcxn.

82 3895 128 3957 sic
140 3898 195 3960 lib.
219 3919 247 3961 t.
265 3916 291 3958 c.
313 3910 366 3976 ιδ.
390 3895 438 3959 Et
456 3909 578 3979 quanto
599 3885 764 3986 decrescit,
789 3913 824 3956 eo
844 3892 975 3960 clarior,
997 3880 1106 3978 fugat

82 4001 152 4060 novi
176 4021 235 4060 nne
256 4011 398 4070 noctem:
428 4013 465 4059 ut
486 4011 519 4060 et
535 4017 602 4081 cap.
626 4009 679 4074 ¹3·
709 3995 796 4055 Tune
815 3993 879 4055 nite
898 3981 1054 4080 demiffits,
1074 3999 1107 4048 et

82 4115 229 4178 qnantum
246 4099 397 4170 demittit,
421 4097 661 4182 ampliore‘vel
677 4109 766 4158 vacat
781 4095 878 4156 dictio
891 4091 948 4186 fit.
977 4107 1108 4152 ctncco·

84 4217 168 4264 nive.
216 4203 293 4288 Leg.
317 4202 484 4286 aliquanto
508 4201 646 4284 plenior,
680 4211 712 4261 et
736 4209 858 4284 quanto
882 4193 1043 4279 procedit,
1072 4209 1107 4253 eo
1204 4195 1207 4200 '
