<?xml version="1.0" encoding="UTF-8"?>
<!DOCTYPE html PUBLIC "-//W3C//DTD XHTML 1.0 Transitional//EN"
    "http://www.w3.org/TR/xhtml1/DTD/xhtml1-transitional.dtd">
<html xmlns="http://www.w3.org/1999/xhtml" xml:lang="en" lang="en">
 <head>
  <title>
</title>
<meta http-equiv="Content-Type" content="text/html;charset=utf-8" />
  <meta name='ocr-system' content='tesseract 3.04.00' />
  <meta name='ocr-capabilities' content='ocr_page ocr_carea ocr_par ocr_line ocrx_word'/>
</head>
<body>
  <div class='ocr_page' id='page_1' title='image "./pomponiimelaede05melagoog_0471.png"; bbox 0 0 2810 4944; ppageno 0'>
   <div class='ocr_carea' id='block_1_1' title="bbox 372 416 1107 500">
    <p class='ocr_par' dir='ltr' id='par_1_1' title="bbox 372 416 1107 500">
     <span class='ocr_line' id='line_1_1' title="bbox 372 416 1107 500; baseline -0.001 -20"><span class='ocrx_word' id='word_1_1' title='bbox 372 425 462 480; x_wconf 76' lang='lat' dir='ltr'><strong><em>tto.</em></strong></span> <span class='ocrx_word' id='word_1_2' title='bbox 495 424 533 478; x_wconf 76' lang='lat' dir='ltr'><strong><em>ii·</em></strong></span> <span class='ocrx_word' id='word_1_3' title='bbox 576 421 609 478; x_wconf 85' lang='lat' dir='ltr'><strong><em>C.</em></strong></span> <span class='ocrx_word' id='word_1_4' title='bbox 630 423 680 480; x_wconf 82' lang='lat' dir='ltr'><strong><em>Vl.</em></strong></span> <span class='ocrx_word' id='word_1_5' title='bbox 722 419 802 496; x_wconf 66' lang='grc' dir='ltr'><strong><em>Μ.</em></strong></span> <span class='ocrx_word' id='word_1_6' title='bbox 1045 416 1107 500; x_wconf 71' lang='lat'><strong><em>465</em></strong></span> 
     </span>
    </p>
   </div>
   <div class='ocr_carea' id='block_1_2' title="bbox 47 592 1103 4221">
    <p class='ocr_par' dir='ltr' id='par_1_2' title="bbox 47 592 1103 4221">
     <span class='ocr_line' id='line_1_2' title="bbox 65 592 1102 678; baseline 0.002 -21"><span class='ocrx_word' id='word_1_7' title='bbox 65 613 203 678; x_wconf 78' lang='lat' dir='ltr'><strong>nequeo.</strong></span> <span class='ocrx_word' id='word_1_8' title='bbox 243 592 400 678; x_wconf 86' lang='lat' dir='ltr'><strong><em>Namque,</em></strong></span> <span class='ocrx_word' id='word_1_9' title='bbox 425 610 461 658; x_wconf 90' lang='lat' dir='ltr'><strong><em>ut</em></strong></span> <span class='ocrx_word' id='word_1_10' title='bbox 482 597 521 656; x_wconf 86' lang='lat' dir='ltr'><strong><em>de</em></strong></span> <span class='ocrx_word' id='word_1_11' title='bbox 543 597 739 676; x_wconf 75' lang='lat' dir='ltr'>argumentis</span> <span class='ocrx_word' id='word_1_12' title='bbox 756 595 871 658; x_wconf 83' lang='lat' dir='ltr'><strong><em>criticir</em></strong></span> <span class='ocrx_word' id='word_1_13' title='bbox 891 593 971 656; x_wconf 85' lang='lat' dir='ltr'><strong><em>nihil</em></strong></span> <span class='ocrx_word' id='word_1_14' title='bbox 989 595 1102 670; x_wconf 82' lang='lat' dir='ltr'><strong><em>dicam,</em></strong></span> 
     </span>
     <span class='ocr_line' id='line_1_3' title="bbox 64 697 1103 782; baseline 0.001 -26"><span class='ocrx_word' id='word_1_15' title='bbox 64 711 219 782; x_wconf 81' lang='lat' dir='ltr'>repugnat</span> <span class='ocrx_word' id='word_1_16' title='bbox 240 699 436 782; x_wconf 72' lang='lat' dir='ltr'><strong><em>particulare</em></strong></span> <span class='ocrx_word' id='word_1_17' title='bbox 455 697 520 782; x_wconf 80' lang='lat' dir='ltr'><strong><em>post</em></strong></span> <span class='ocrx_word' id='word_1_18' title='bbox 534 697 696 760; x_wconf 68' lang='lat' dir='ltr'><strong><em>Mellaria.</em></strong></span> <span class='ocrx_word' id='word_1_19' title='bbox 751 697 833 756; x_wconf 86' lang='lat' dir='ltr'><strong><em>Mela</em></strong></span> <span class='ocrx_word' id='word_1_20' title='bbox 856 699 888 756; x_wconf 89' lang='lat' dir='ltr'><strong><em>iu</em></strong></span> <span class='ocrx_word' id='word_1_21' title='bbox 912 697 1024 758; x_wconf 77' lang='lat' dir='ltr'><strong><em>talibus</em></strong></span> <span class='ocrx_word' id='word_1_22' title='bbox 1041 697 1103 758; x_wconf 85' lang='lat' dir='ltr'><strong><em>fur·</em></strong></span> 
     </span>
     <span class='ocr_line' id='line_1_4' title="bbox 63 796 1102 882; baseline 0.004 -24"><span class='ocrx_word' id='word_1_23' title='bbox 63 799 158 860; x_wconf 85' lang='lat' dir='ltr'><strong><em>mulie</em></strong></span> <span class='ocrx_word' id='word_1_24' title='bbox 175 803 326 880; x_wconf 72' lang='lat' dir='ltr'><strong><em>periodon</em></strong></span> <span class='ocrx_word' id='word_1_25' title='bbox 344 802 432 862; x_wconf 85' lang='lat' dir='ltr'><strong><em>finire</em></strong></span> <span class='ocrx_word' id='word_1_26' title='bbox 450 799 540 867; x_wconf 80' lang='lat' dir='ltr'><strong><em>soter.</em></strong></span> <span class='ocrx_word' id='word_1_27' title='bbox 568 817 671 878; x_wconf 86' lang='lat' dir='ltr'><strong><em>aeque</em></strong></span> <span class='ocrx_word' id='word_1_28' title='bbox 693 817 766 859; x_wconf 89' lang='lat' dir='ltr'><strong><em>cum</em></strong></span> <span class='ocrx_word' id='word_1_29' title='bbox 791 796 994 880; x_wconf 66' lang='lat' dir='ltr'><strong><em>sequentibus</em></strong></span> <span class='ocrx_word' id='word_1_30' title='bbox 1016 821 1102 882; x_wconf 87' lang='lat' dir='ltr'><strong><em>prae·</em></strong></span> 
     </span>
     <span class='ocr_line' id='line_1_5' title="bbox 63 899 1102 985; baseline 0.002 -25"><span class='ocrx_word' id='word_1_31' title='bbox 63 901 209 962; x_wconf 79' lang='lat' dir='ltr'>cedentia</span> <span class='ocrx_word' id='word_1_32' title='bbox 226 903 411 984; x_wconf 84' lang='lat' dir='ltr'><strong><em>coniungit;</em></strong></span> <span class='ocrx_word' id='word_1_33' title='bbox 437 923 464 963; x_wconf 87' lang='lat' dir='ltr'><strong><em>e.</em></strong></span> <span class='ocrx_word' id='word_1_34' title='bbox 483 921 514 985; x_wconf 81' lang='lat' dir='ltr'><strong><em>g.</em></strong></span> <span class='ocrx_word' id='word_1_35' title='bbox 538 899 593 962; x_wconf 90' lang='lat' dir='ltr'><strong><em>lib.</em></strong></span> <span class='ocrx_word' id='word_1_36' title='bbox 619 921 646 960; x_wconf 87' lang='grc' dir='ltr'><strong><em>ι.</em></strong></span> <span class='ocrx_word' id='word_1_37' title='bbox 666 919 691 959; x_wconf 90' lang='lat' dir='ltr'><strong><em>c.</em></strong></span> <span class='ocrx_word' id='word_1_38' title='bbox 711 912 744 976; x_wconf 83' lang='lat'><strong><em>8.</em></strong></span> <span class='ocrx_word' id='word_1_39' title='bbox 767 912 864 981; x_wconf 87' lang='lat' dir='ltr'><strong><em>atque</em></strong></span> <span class='ocrx_word' id='word_1_40' title='bbox 889 901 992 982; x_wconf 81' lang='lat' dir='ltr'><strong><em>(uncle</em></strong></span> <span class='ocrx_word' id='word_1_41' title='bbox 1009 905 1102 966; x_wconf 86' lang='lat' dir='ltr'><strong><em>terris</em></strong></span> 
     </span>
     <span class='ocr_line' id='line_1_6' title="bbox 62 993 1100 1092; baseline 0.005 -33"><span class='ocrx_word' id='word_1_42' title='bbox 62 1021 172 1062; x_wconf 82' lang='lat' dir='ltr'><strong><em>nornen</em></strong></span> <span class='ocrx_word' id='word_1_43' title='bbox 189 999 254 1092; x_wconf 78' lang='lat' dir='ltr'><strong><em>eft)</em></strong></span> <span class='ocrx_word' id='word_1_44' title='bbox 278 993 351 1092; x_wconf 81' lang='lat' dir='ltr'><strong><em>ipso</em></strong></span> <span class='ocrx_word' id='word_1_45' title='bbox 371 1003 508 1083; x_wconf 70' lang='lat' dir='ltr'><strong><em>Cyrerrer</em></strong></span> <span class='ocrx_word' id='word_1_46' title='bbox 548 1021 575 1068; x_wconf 85' lang='grc' dir='ltr'><strong><em>ι.</em></strong></span> <span class='ocrx_word' id='word_1_47' title='bbox 606 1019 659 1080; x_wconf 81' lang='lat'><strong><em>19.</em></strong></span> <span class='ocrx_word' id='word_1_48' title='bbox 687 1015 727 1070; x_wconf 85' lang='lat' dir='ltr'><strong><em>et,</em></strong></span> <span class='ocrx_word' id='word_1_49' title='bbox 751 1022 831 1081; x_wconf 79' lang='lat' dir='ltr'><strong><em>qnae</em></strong></span> <span class='ocrx_word' id='word_1_50' title='bbox 847 1001 1100 1080; x_wconf 75' lang='lat' dir='ltr'><strong><em>Paphlagoniam</em></strong></span> 
     </span>
     <span class='ocr_line' id='line_1_7' title="bbox 54 1095 1101 1192; baseline 0.006 -34"><span class='ocrx_word' id='word_1_51' title='bbox 54 1098 148 1191; x_wconf 73' lang='lat' dir='ltr'><strong><em>finit,</em></strong></span> <span class='ocrx_word' id='word_1_52' title='bbox 185 1107 334 1174; x_wconf 82' lang='lat' dir='ltr'><strong><em>Armene‚·</em></strong></span> <span class='ocrx_word' id='word_1_53' title='bbox 385 1121 415 1172; x_wconf 67' lang='grc' dir='ltr'><strong><em>ο,</em></strong></span> <span class='ocrx_word' id='word_1_54' title='bbox 444 1119 475 1166; x_wconf 82' lang='lat' dir='ltr'><strong><em>a.</em></strong></span> <span class='ocrx_word' id='word_1_55' title='bbox 506 1115 616 1184; x_wconf 74' lang='lat' dir='ltr'><strong><em>atque.</em></strong></span> <span class='ocrx_word' id='word_1_56' title='bbox 650 1099 703 1162; x_wconf 80' lang='lat' dir='ltr'><strong><em>ubi</em></strong></span> <span class='ocrx_word' id='word_1_57' title='bbox 729 1103 851 1162; x_wconf 79' lang='lat' dir='ltr'><em>Pontus</em></span> <span class='ocrx_word' id='word_1_58' title='bbox 881 1103 1014 1163; x_wconf 86' lang='lat' dir='ltr'><strong><em>alterum</em></strong></span> <span class='ocrx_word' id='word_1_59' title='bbox 1044 1095 1101 1192; x_wconf 82' lang='lat' dir='ltr'><strong><em>sui</em></strong></span> 
     </span>
     <span class='ocr_line' id='line_1_8' title="bbox 59 1196 1100 1294; baseline 0.004 -32"><span class='ocrx_word' id='word_1_60' title='bbox 59 1196 178 1284; x_wconf 68' lang='lat' dir='ltr'><strong><em>flexum</em></strong></span> <span class='ocrx_word' id='word_1_61' title='bbox 213 1203 330 1282; x_wconf 78' lang='lat' dir='ltr'><strong><em>angulo</em></strong></span> <span class='ocrx_word' id='word_1_62' title='bbox 353 1201 435 1294; x_wconf 75' lang='lat' dir='ltr'><strong><em>finit</em></strong></span> <span class='ocrx_word' id='word_1_63' title='bbox 461 1225 592 1284; x_wconf 72' lang='lat' dir='ltr'><strong><em>magno,</em></strong></span> <span class='ocrx_word' id='word_1_64' title='bbox 629 1201 817 1280; x_wconf 65' lang='lat' dir='ltr'><strong><em>Apollorriar</em></strong></span> <span class='ocrx_word' id='word_1_65' title='bbox 869 1220 899 1268; x_wconf 76' lang='lat' dir='ltr'><strong><em>a.</em></strong></span> <span class='ocrx_word' id='word_1_66' title='bbox 926 1215 959 1282; x_wconf 78' lang='grc'><strong><em>5.</em></strong></span> <span class='ocrx_word' id='word_1_67' title='bbox 994 1219 1100 1286; x_wconf 81' lang='lat' dir='ltr'><strong><em>atque.</em></strong></span> 
     </span>
     <span class='ocr_line' id='line_1_9' title="bbox 60 1299 1099 1394; baseline 0.004 -32"><span class='ocrx_word' id='word_1_68' title='bbox 60 1303 143 1362; x_wconf 79' lang='lat' dir='ltr'><strong><em>aude</em></strong></span> <span class='ocrx_word' id='word_1_69' title='bbox 170 1299 233 1392; x_wconf 75' lang='lat' dir='ltr'><strong><em>ipſs</em></strong></span> <span class='ocrx_word' id='word_1_70' title='bbox 264 1325 373 1364; x_wconf 86' lang='lat' dir='ltr'><strong><em>nomen</em></strong></span> <span class='ocrx_word' id='word_1_71' title='bbox 401 1303 460 1394; x_wconf 72' lang='lat' dir='ltr'><strong><em>ss,</em></strong></span> <span class='ocrx_word' id='word_1_72' title='bbox 498 1300 718 1384; x_wconf 79' lang='lat' dir='ltr'><strong><em>llleeyberaam</em></strong></span> <span class='ocrx_word' id='word_1_73' title='bbox 744 1305 896 1380; x_wconf 64' lang='lat' dir='ltr'><strong><em>incingitr</em></strong></span> <span class='ocrx_word' id='word_1_74' title='bbox 940 1321 970 1370; x_wconf 79' lang='lat' dir='ltr'><strong><em>a.</em></strong></span> <span class='ocrx_word' id='word_1_75' title='bbox 996 1316 1027 1380; x_wconf 83' lang='lat'><strong><em>5.</em></strong></span> <span class='ocrx_word' id='word_1_76' title='bbox 1056 1319 1099 1378; x_wconf 82' lang='lat' dir='ltr'><strong><em>et,</em></strong></span> 
     </span>
     <span class='ocr_line' id='line_1_10' title="bbox 60 1395 1101 1492; baseline 0.005 -28"><span class='ocrx_word' id='word_1_77' title='bbox 60 1405 141 1466; x_wconf 83' lang='lat' dir='ltr'><strong><em>nude</em></strong></span> <span class='ocrx_word' id='word_1_78' title='bbox 160 1406 236 1464; x_wconf 84' lang='lat' dir='ltr'><strong><em>olim</em></strong></span> <span class='ocrx_word' id='word_1_79' title='bbox 262 1407 310 1464; x_wconf 86' lang='lat' dir='ltr'><strong><em>hir</em></strong></span> <span class='ocrx_word' id='word_1_80' title='bbox 337 1411 429 1466; x_wconf 86' lang='lat' dir='ltr'><strong><em>terris</em></strong></span> <span class='ocrx_word' id='word_1_81' title='bbox 459 1405 611 1466; x_wconf 69' lang='lat' dir='ltr'><strong><em>auxilinm</em></strong></span> <span class='ocrx_word' id='word_1_82' title='bbox 633 1395 727 1492; x_wconf 84' lang='lat' dir='ltr'><strong><em>suit,</em></strong></span> <span class='ocrx_word' id='word_1_83' title='bbox 768 1426 852 1466; x_wconf 82' lang='lat' dir='ltr'><strong><em>narra</em></strong></span> <span class='ocrx_word' id='word_1_84' title='bbox 879 1417 909 1464; x_wconf 90' lang='lat' dir='ltr'><strong><em>et</em></strong></span> <span class='ocrx_word' id='word_1_85' title='bbox 933 1425 1043 1466; x_wconf 87' lang='lat' dir='ltr'><strong><em>nomeu</em></strong></span> <span class='ocrx_word' id='word_1_86' title='bbox 1068 1419 1101 1469; x_wconf 76' lang='lat' dir='ltr'><strong><em>et</em></strong></span> 
     </span>
     <span class='ocr_line' id='line_1_11' title="bbox 60 1503 1097 1600; baseline 0.002 -36"><span class='ocrx_word' id='word_1_87' title='bbox 60 1506 153 1566; x_wconf 78' lang='lat' dir='ltr'><strong><em>decus</em></strong></span> <span class='ocrx_word' id='word_1_88' title='bbox 175 1503 231 1594; x_wconf 80' lang='lat' dir='ltr'><strong><em>esl,</em></strong></span> <span class='ocrx_word' id='word_1_89' title='bbox 256 1506 401 1566; x_wconf 84' lang='lat' dir='ltr'><strong><em>Martius</em></strong></span> <span class='ocrx_word' id='word_1_90' title='bbox 420 1505 554 1580; x_wconf 84' lang='lat' dir='ltr'><strong><em>Narbo‚·</em></strong></span> <span class='ocrx_word' id='word_1_91' title='bbox 591 1521 622 1574; x_wconf 71' lang='grc' dir='ltr'><strong><em>Ω,</em></strong></span> <span class='ocrx_word' id='word_1_92' title='bbox 645 1503 677 1568; x_wconf 84' lang='grc'><strong><em>6.</em></strong></span> <span class='ocrx_word' id='word_1_93' title='bbox 704 1519 744 1576; x_wconf 78' lang='lat' dir='ltr'><strong><em>et.</em></strong></span> <span class='ocrx_word' id='word_1_94' title='bbox 770 1506 852 1566; x_wconf 85' lang='lat' dir='ltr'><strong><em>urrrle</em></strong></span> <span class='ocrx_word' id='word_1_95' title='bbox 869 1509 896 1566; x_wconf 88' lang='lat' dir='ltr'><strong><em>ei</em></strong></span> <span class='ocrx_word' id='word_1_96' title='bbox 912 1527 1022 1566; x_wconf 86' lang='lat' dir='ltr'><strong><em>nornen</em></strong></span> <span class='ocrx_word' id='word_1_97' title='bbox 1042 1505 1097 1600; x_wconf 74' lang='lat' dir='ltr'><strong><em>esl,</em></strong></span> 
     </span>
     <span class='ocr_line' id='line_1_12' title="bbox 59 1607 1097 1698; baseline 0.001 -32"><span class='ocrx_word' id='word_1_98' title='bbox 59 1607 192 1678; x_wconf 72' lang='lat' dir='ltr'><strong><em>Ittr‘een5</em></strong></span> <span class='ocrx_word' id='word_1_99' title='bbox 230 1623 261 1674; x_wconf 73' lang='lat' dir='ltr'><strong><em>a,</em></strong></span> <span class='ocrx_word' id='word_1_100' title='bbox 284 1621 316 1679; x_wconf 86' lang='lat'><strong><em>7.</em></strong></span> <span class='ocrx_word' id='word_1_101' title='bbox 343 1621 447 1688; x_wconf 77' lang='lat' dir='ltr'><strong><em>atone.</em></strong></span> <span class='ocrx_word' id='word_1_102' title='bbox 469 1609 551 1668; x_wconf 84' lang='lat' dir='ltr'><strong><em>nude</em></strong></span> <span class='ocrx_word' id='word_1_103' title='bbox 570 1607 748 1684; x_wconf 73' lang='lat' dir='ltr'><strong><em>Carpathio</em></strong></span> <span class='ocrx_word' id='word_1_104' title='bbox 764 1609 845 1666; x_wconf 85' lang='lat' dir='ltr'><strong><em>mari</em></strong></span> <span class='ocrx_word' id='word_1_105' title='bbox 859 1628 1027 1684; x_wconf 69' lang='lat' dir='ltr'><strong><em>cognomen</em></strong></span> <span class='ocrx_word' id='word_1_106' title='bbox 1042 1607 1097 1698; x_wconf 76' lang='lat' dir='ltr'><strong><em>est,</em></strong></span> 
     </span>
     <span class='ocr_line' id='line_1_13' title="bbox 61 1699 1098 1792; baseline 0.003 -24"><span class='ocrx_word' id='word_1_107' title='bbox 61 1707 267 1786; x_wconf 75' lang='lat' dir='ltr'><strong><em>Carpathos,</em></strong></span> <span class='ocrx_word' id='word_1_108' title='bbox 298 1721 330 1768; x_wconf 88' lang='lat' dir='ltr'><strong><em>et</em></strong></span> <span class='ocrx_word' id='word_1_109' title='bbox 354 1699 458 1789; x_wconf 87' lang='lat' dir='ltr'><strong><em>paullo</em></strong></span> <span class='ocrx_word' id='word_1_110' title='bbox 484 1711 564 1790; x_wconf 77' lang='lat' dir='ltr'><strong><em>poli.</em></strong></span> <span class='ocrx_word' id='word_1_111' title='bbox 600 1723 708 1792; x_wconf 82' lang='lat' dir='ltr'><strong><em>atque,</em></strong></span> <span class='ocrx_word' id='word_1_112' title='bbox 736 1721 771 1767; x_wconf 88' lang='lat' dir='ltr'><strong><em>ut</em></strong></span> <span class='ocrx_word' id='word_1_113' title='bbox 794 1709 1020 1772; x_wconf 76' lang='lat' dir='ltr'><strong><em>Alexandr-lae.</em></strong></span> <span class='ocrx_word' id='word_1_114' title='bbox 1049 1711 1098 1772; x_wconf 83' lang='lat' dir='ltr'><strong><em>ita</em></strong></span> 
     </span>
     <span class='ocr_line' id='line_1_14' title="bbox 57 1805 1097 1898; baseline 0.006 -30"><span class='ocrx_word' id='word_1_115' title='bbox 57 1805 243 1898; x_wconf 81' lang='lat' dir='ltr'><strong><em>Braudnfio</em></strong></span> <span class='ocrx_word' id='word_1_116' title='bbox 269 1808 432 1878; x_wconf 79' lang='lat' dir='ltr'><strong><em>adiacens,</em></strong></span> <span class='ocrx_word' id='word_1_117' title='bbox 462 1812 593 1870; x_wconf 87' lang='lat' dir='ltr'><strong><em>Pharus.</em></strong></span> <span class='ocrx_word' id='word_1_118' title='bbox 648 1809 738 1869; x_wconf 84' lang='lat' dir='ltr'><strong><em>Plura</em></strong></span> <span class='ocrx_word' id='word_1_119' title='bbox 770 1809 835 1868; x_wconf 84' lang='lat' dir='ltr'><strong><em>loca</em></strong></span> <span class='ocrx_word' id='word_1_120' title='bbox 865 1829 950 1869; x_wconf 87' lang='lat' dir='ltr'><strong><em>nunc</em></strong></span> <span class='ocrx_word' id='word_1_121' title='bbox 982 1813 1097 1874; x_wconf 65' lang='lat' dir='ltr'><strong><em>aethere</em></strong></span> 
     </span>
     <span class='ocr_line' id='line_1_15' title="bbox 56 1909 1096 1992; baseline 0 -24"><span class='ocrx_word' id='word_1_122' title='bbox 56 1912 145 1970; x_wconf 82' lang='lat' dir='ltr'><strong><em>nolo.</em></strong></span> <span class='ocrx_word' id='word_1_123' title='bbox 201 1909 270 1988; x_wconf 87' lang='lat' dir='ltr'><strong><em>Qui</em></strong></span> <span class='ocrx_word' id='word_1_124' title='bbox 289 1931 365 1970; x_wconf 84' lang='lat' dir='ltr'><strong><em>vero</em></strong></span> <span class='ocrx_word' id='word_1_125' title='bbox 385 1911 500 1970; x_wconf 84' lang='lat' dir='ltr'><strong><em>Melam</em></strong></span> <span class='ocrx_word' id='word_1_126' title='bbox 521 1931 586 1970; x_wconf 91' lang='lat' dir='ltr'><strong><em>uno</em></strong></span> <span class='ocrx_word' id='word_1_127' title='bbox 609 1925 719 1970; x_wconf 88' lang='lat' dir='ltr'><strong><em>tenore</em></strong></span> <span class='ocrx_word' id='word_1_128' title='bbox 743 1909 860 1989; x_wconf 84' lang='lat' dir='ltr'><strong><em>saepiat</em></strong></span> <span class='ocrx_word' id='word_1_129' title='bbox 882 1911 1029 1992; x_wconf 77' lang='lat' dir='ltr'><strong>perlegit.</strong></span> <span class='ocrx_word' id='word_1_130' title='bbox 1063 1925 1096 1974; x_wconf 81' lang='lat' dir='ltr'><strong><em>et</em></strong></span> 
     </span>
     <span class='ocr_line' id='line_1_16' title="bbox 56 2008 1095 2093; baseline 0.006 -25"><span class='ocrx_word' id='word_1_131' title='bbox 56 2011 138 2090; x_wconf 76' lang='lat' dir='ltr'><strong><em>quali</em></strong></span> <span class='ocrx_word' id='word_1_132' title='bbox 173 2008 417 2072; x_wconf 76' lang='lat' dir='ltr'><strong><em>familiaritatem</em></strong></span> <span class='ocrx_word' id='word_1_133' title='bbox 444 2015 581 2093; x_wconf 78' lang='lat' dir='ltr'><strong><em>aliquam</em></strong></span> <span class='ocrx_word' id='word_1_134' title='bbox 606 2030 680 2071; x_wconf 86' lang='lat' dir='ltr'><strong><em>eum</em></strong></span> <span class='ocrx_word' id='word_1_135' title='bbox 708 2010 774 2072; x_wconf 83' lang='lat' dir='ltr'><strong><em>stilo</em></strong></span> <span class='ocrx_word' id='word_1_136' title='bbox 810 2013 892 2072; x_wconf 85' lang='lat' dir='ltr'><strong><em>illiue</em></strong></span> <span class='ocrx_word' id='word_1_137' title='bbox 927 2017 1095 2086; x_wconf 76' lang='lat' dir='ltr'><strong><em>contraxit,</em></strong></span> 
     </span>
     <span class='ocr_line' id='line_1_17' title="bbox 57 2105 1097 2204; baseline 0.005 -34"><span class='ocrx_word' id='word_1_138' title='bbox 57 2114 107 2172; x_wconf 90' lang='lat' dir='ltr'><strong><em>ilie</em></strong></span> <span class='ocrx_word' id='word_1_139' title='bbox 130 2113 306 2172; x_wconf 85' lang='lat' dir='ltr'><strong><em>lectionem</em></strong></span> <span class='ocrx_word' id='word_1_140' title='bbox 325 2113 493 2173; x_wconf 87' lang='lat' dir='ltr'><strong><em>multarum</em></strong></span> <span class='ocrx_word' id='word_1_141' title='bbox 511 2115 691 2172; x_wconf 82' lang='lat' dir='ltr'><strong><em>editionum</em></strong></span> <span class='ocrx_word' id='word_1_142' title='bbox 708 2125 802 2192; x_wconf 80' lang='lat' dir='ltr'><strong><em>otrpre</em></strong></span> <span class='ocrx_word' id='word_1_143' title='bbox 817 2113 898 2173; x_wconf 78' lang='lat' dir='ltr'><strong><em>nurle</em></strong></span> <span class='ocrx_word' id='word_1_144' title='bbox 913 2135 970 2172; x_wconf 89' lang='lat' dir='ltr'><strong><em>nos</em></strong></span> <span class='ocrx_word' id='word_1_145' title='bbox 983 2105 1097 2204; x_wconf 78' lang='lat' dir='ltr'><strong><em>suntne</em></strong></span> 
     </span>
     <span class='ocr_line' id='line_1_18' title="bbox 57 2209 1095 2302; baseline 0.007 -30"><span class='ocrx_word' id='word_1_146' title='bbox 57 2215 208 2296; x_wconf 80' lang='lat' dir='ltr'><strong><em>cingente</em></strong></span> <span class='ocrx_word' id='word_1_147' title='bbox 232 2209 311 2274; x_wconf 84' lang='lat' dir='ltr'><strong><em>lreto</em></strong></span> <span class='ocrx_word' id='word_1_148' title='bbox 338 2213 487 2273; x_wconf 83' lang='lat' dir='ltr'><strong><em>Mellaria</em></strong></span> <span class='ocrx_word' id='word_1_149' title='bbox 508 2227 538 2274; x_wconf 90' lang='lat' dir='ltr'><strong><em>et</em></strong></span> <span class='ocrx_word' id='word_1_150' title='bbox 561 2213 637 2272; x_wconf 83' lang='lat' dir='ltr'><strong><em>Belo</em></strong></span> <span class='ocrx_word' id='word_1_151' title='bbox 659 2225 689 2274; x_wconf 90' lang='lat' dir='ltr'><strong><em>et</em></strong></span> <span class='ocrx_word' id='word_1_152' title='bbox 712 2210 851 2302; x_wconf 79' lang='lat' dir='ltr'><strong><em>Bestppo</em></strong></span> <span class='ocrx_word' id='word_1_153' title='bbox 870 2229 929 2274; x_wconf 88' lang='lat' dir='ltr'><strong><em>etc.</em></strong></span> <span class='ocrx_word' id='word_1_154' title='bbox 962 2217 1095 2297; x_wconf 81' lang='lat' dir='ltr'><strong><em>probaro</em></strong></span> 
     </span>
     <span class='ocr_line' id='line_1_19' title="bbox 58 2307 1096 2406; baseline 0.003 -32"><span class='ocrx_word' id='word_1_155' title='bbox 58 2317 248 2395; x_wconf 81' lang='lat' dir='ltr'><strong><em>neutiquam</em></strong></span> <span class='ocrx_word' id='word_1_156' title='bbox 272 2319 397 2394; x_wconf 83' lang='lat' dir='ltr'><strong><em>poterit,</em></strong></span> <span class='ocrx_word' id='word_1_157' title='bbox 424 2313 472 2376; x_wconf 85' lang='lat' dir='ltr'><strong><em>led</em></strong></span> <span class='ocrx_word' id='word_1_158' title='bbox 490 2314 555 2394; x_wconf 82' lang='lat' dir='ltr'><strong><em>post</em></strong></span> <span class='ocrx_word' id='word_1_159' title='bbox 573 2313 676 2380; x_wconf 85' lang='lat' dir='ltr'><strong><em>verbe,</em></strong></span> <span class='ocrx_word' id='word_1_160' title='bbox 703 2327 798 2395; x_wconf 86' lang='lat' dir='ltr'><strong><em>atque</em></strong></span> <span class='ocrx_word' id='word_1_161' title='bbox 814 2313 895 2376; x_wconf 79' lang='lat' dir='ltr'><strong><em>uncle</em></strong></span> <span class='ocrx_word' id='word_1_162' title='bbox 911 2315 967 2374; x_wconf 82' lang='lat' dir='ltr'><strong><em>ruis</em></strong></span> <span class='ocrx_word' id='word_1_163' title='bbox 980 2307 1096 2406; x_wconf 88' lang='lat' dir='ltr'><strong><em>snmus</em></strong></span> 
     </span>
     <span class='ocr_line' id='line_1_20' title="bbox 56 2415 1096 2500; baseline 0.003 -24"><span class='ocrx_word' id='word_1_164' title='bbox 56 2435 179 2478; x_wconf 85' lang='lat' dir='ltr'><strong><em>nomeu</em></strong></span> <span class='ocrx_word' id='word_1_165' title='bbox 204 2417 293 2476; x_wconf 81' lang='lat' dir='ltr'><strong><em>urbis</em></strong></span> <span class='ocrx_word' id='word_1_166' title='bbox 309 2431 444 2496; x_wconf 84' lang='lat' dir='ltr'><strong><em>quaeret,</em></strong></span> <span class='ocrx_word' id='word_1_167' title='bbox 470 2417 555 2497; x_wconf 85' lang='lat' dir='ltr'><strong><em>quod</em></strong></span> <span class='ocrx_word' id='word_1_168' title='bbox 577 2417 666 2498; x_wconf 82' lang='lat' dir='ltr'><strong><em>quale</em></strong></span> <span class='ocrx_word' id='word_1_169' title='bbox 683 2417 728 2484; x_wconf 79' lang='lat' dir='ltr'><strong><em>itt,</em></strong></span> <span class='ocrx_word' id='word_1_170' title='bbox 754 2415 891 2500; x_wconf 80' lang='lat' dir='ltr'><strong><em>uugrrhia</em></strong></span> <span class='ocrx_word' id='word_1_171' title='bbox 914 2417 1010 2478; x_wconf 87' lang='lat' dir='ltr'><strong><em>huim</em></strong></span> <span class='ocrx_word' id='word_1_172' title='bbox 1033 2419 1096 2479; x_wconf 80' lang='lat' dir='ltr'><strong><em>luci</em></strong></span> 
     </span>
     <span class='ocr_line' id='line_1_21' title="bbox 56 2517 1096 2600; baseline 0.001 -23"><span class='ocrx_word' id='word_1_173' title='bbox 56 2537 122 2577; x_wconf 85' lang='lat' dir='ltr'><strong><em>noa</em></strong></span> <span class='ocrx_word' id='word_1_174' title='bbox 148 2518 270 2600; x_wconf 86' lang='lat' dir='ltr'><strong><em>paritur</em></strong></span> <span class='ocrx_word' id='word_1_175' title='bbox 294 2517 513 2580; x_wconf 79' lang='lat' dir='ltr'><strong><em>demonstrare.</em></strong></span> <span class='ocrx_word' id='word_1_176' title='bbox 576 2519 709 2577; x_wconf 81' lang='lat' dir='ltr'><strong><em>interim</em></strong></span> <span class='ocrx_word' id='word_1_177' title='bbox 740 2517 923 2596; x_wconf 76' lang='lat' dir='ltr'><strong><em>Tingentera</em></strong></span> <span class='ocrx_word' id='word_1_178' title='bbox 946 2537 1019 2578; x_wconf 86' lang='lat' dir='ltr'><strong><em>cum</em></strong></span> <span class='ocrx_word' id='word_1_179' title='bbox 1045 2519 1096 2578; x_wconf 86' lang='lat' dir='ltr'><strong><em>Vi·</em></strong></span> 
     </span>
     <span class='ocr_line' id='line_1_22' title="bbox 57 2619 1095 2700; baseline 0.005 -23"><span class='ocrx_word' id='word_1_180' title='bbox 57 2633 149 2688; x_wconf 82' lang='lat' dir='ltr'><strong><em>aeto,</em></strong></span> <span class='ocrx_word' id='word_1_181' title='bbox 180 2619 373 2688; x_wconf 86' lang='lat' dir='ltr'><strong><em>Gronoviie,</em></strong></span> <span class='ocrx_word' id='word_1_182' title='bbox 398 2619 586 2686; x_wconf 77' lang='lat' dir='ltr'><strong><em>lieiuolrlio.</em></strong></span> <span class='ocrx_word' id='word_1_183' title='bbox 611 2619 677 2679; x_wconf 80' lang='lat' dir='ltr'><strong><em>aliia</em></strong></span> <span class='ocrx_word' id='word_1_184' title='bbox 699 2619 911 2700; x_wconf 84' lang='lat' dir='ltr'><strong><em>praetulerim.</em></strong></span> <span class='ocrx_word' id='word_1_185' title='bbox 953 2639 1095 2682; x_wconf 75' lang='lat' dir='ltr'><strong><em>taratra</em></strong></span> 
     </span>
     <span class='ocr_line' id='line_1_23' title="bbox 57 2711 1095 2808; baseline 0.004 -30"><span class='ocrx_word' id='word_1_186' title='bbox 57 2721 88 2778; x_wconf 82' lang='lat' dir='ltr'><strong><em>io</em></strong></span> <span class='ocrx_word' id='word_1_187' title='bbox 111 2711 331 2808; x_wconf 83' lang='lat' dir='ltr'><strong><em>praefatione.</em></strong></span> <span class='ocrx_word' id='word_1_188' title='bbox 385 2719 489 2780; x_wconf 83' lang='lat' dir='ltr'><strong><em>Habea</em></strong></span> <span class='ocrx_word' id='word_1_189' title='bbox 510 2721 718 2798; x_wconf 84' lang='lat' dir='ltr'><strong><em>interpretum</em></strong></span> <span class='ocrx_word' id='word_1_190' title='bbox 741 2721 840 2780; x_wconf 84' lang='lat' dir='ltr'><strong><em>Melae</em></strong></span> <span class='ocrx_word' id='word_1_191' title='bbox 857 2721 896 2780; x_wconf 81' lang='lat' dir='ltr'><strong><em>do</em></strong></span> <span class='ocrx_word' id='word_1_192' title='bbox 918 2719 1013 2780; x_wconf 78' lang='lat' dir='ltr'><strong><em>huius</em></strong></span> <span class='ocrx_word' id='word_1_193' title='bbox 1031 2721 1095 2782; x_wconf 86' lang='lat' dir='ltr'><strong><em>loci</em></strong></span> 
     </span>
     <span class='ocr_line' id='line_1_24' title="bbox 53 2817 1096 2902; baseline 0.002 -22"><span class='ocrx_word' id='word_1_194' title='bbox 53 2821 194 2882; x_wconf 86' lang='lat' dir='ltr'><strong><em>lectione</em></strong></span> <span class='ocrx_word' id='word_1_195' title='bbox 219 2820 438 2881; x_wconf 85' lang='lat' dir='ltr'><strong><em>constituenda</em></strong></span> <span class='ocrx_word' id='word_1_196' title='bbox 470 2817 654 2888; x_wconf 81' lang='lat' dir='ltr'><strong><em>sententiae,</em></strong></span> <span class='ocrx_word' id='word_1_197' title='bbox 692 2821 805 2902; x_wconf 82' lang='lat' dir='ltr'><strong><em>quibua</em></strong></span> <span class='ocrx_word' id='word_1_198' title='bbox 830 2835 861 2880; x_wconf 89' lang='lat' dir='ltr'><strong><em>et</em></strong></span> <span class='ocrx_word' id='word_1_199' title='bbox 886 2821 962 2880; x_wconf 85' lang='lat' dir='ltr'><strong><em>aliae</em></strong></span> <span class='ocrx_word' id='word_1_200' title='bbox 985 2823 1096 2882; x_wconf 85' lang='lat' dir='ltr'><strong><em>docto·</em></strong></span> 
     </span>
     <span class='ocr_line' id='line_1_25' title="bbox 53 2919 1095 3004; baseline 0.001 -22"><span class='ocrx_word' id='word_1_201' title='bbox 53 2941 124 2982; x_wconf 83' lang='lat' dir='ltr'><strong><em>rum</em></strong></span> <span class='ocrx_word' id='word_1_202' title='bbox 142 2923 291 2982; x_wconf 85' lang='lat' dir='ltr'><strong><em>viromm</em></strong></span> <span class='ocrx_word' id='word_1_203' title='bbox 313 2919 443 2982; x_wconf 83' lang='lat' dir='ltr'><strong><em>insertae</em></strong></span> <span class='ocrx_word' id='word_1_204' title='bbox 460 2919 541 2991; x_wconf 84' lang='lat' dir='ltr'><strong><em>lunt,</em></strong></span> <span class='ocrx_word' id='word_1_205' title='bbox 569 2941 703 2982; x_wconf 82' lang='lat' dir='ltr'><strong><em>nuntero</em></strong></span> <span class='ocrx_word' id='word_1_206' title='bbox 722 2920 790 2982; x_wconf 82' lang='lat' dir='ltr'><strong><em>latia</em></strong></span> <span class='ocrx_word' id='word_1_207' title='bbox 807 2919 956 3002; x_wconf 82' lang='lat' dir='ltr'><strong><em>copiosae,</em></strong></span> <span class='ocrx_word' id='word_1_208' title='bbox 979 2940 1012 2980; x_wconf 84' lang='lat' dir='ltr'><strong><em>re</em></strong></span> <span class='ocrx_word' id='word_1_209' title='bbox 1031 2919 1095 3004; x_wconf 81' lang='lat' dir='ltr'><strong><em>ipsa</em></strong></span> 
     </span>
     <span class='ocr_line' id='line_1_26' title="bbox 51 2999 1096 3108; baseline 0.001 -25"><span class='ocrx_word' id='word_1_210' title='bbox 51 3021 198 3084; x_wconf 81' lang='lat' dir='ltr'><strong><em>diversae</em></strong></span> <span class='ocrx_word' id='word_1_211' title='bbox 220 3035 253 3080; x_wconf 86' lang='lat' dir='ltr'><strong><em>et</em></strong></span> <span class='ocrx_word' id='word_1_212' title='bbox 277 3023 328 3082; x_wconf 82' lang='lat' dir='ltr'><strong><em>rel</em></strong></span> <span class='ocrx_word' id='word_1_213' title='bbox 352 3025 459 3082; x_wconf 84' lang='lat' dir='ltr'><strong><em>minue</em></strong></span> <span class='ocrx_word' id='word_1_214' title='bbox 482 3025 533 3084; x_wconf 81' lang='lat' dir='ltr'><strong><em>vel</em></strong></span> <span class='ocrx_word' id='word_1_215' title='bbox 556 3025 655 3108; x_wconf 79' lang='lat' dir='ltr'><strong><em>magia</em></strong></span> <span class='ocrx_word' id='word_1_216' title='bbox 684 3022 876 3104; x_wconf 74' lang='lat' dir='ltr'><strong><em>probabiles.</em></strong></span> <span class='ocrx_word' id='word_1_217' title='bbox 913 2999 1027 3085; x_wconf 85' lang='lat' dir='ltr'><strong><em>omnen¹</em></strong></span> <span class='ocrx_word' id='word_1_218' title='bbox 1048 3025 1096 3084; x_wconf 92' lang='lat' dir='ltr'><strong><em>in·</em></strong></span> 
     </span>
     <span class='ocr_line' id='line_1_27' title="bbox 50 3123 1096 3205; baseline -0.001 -19"><span class='ocrx_word' id='word_1_219' title='bbox 50 3139 169 3188; x_wconf 84' lang='lat' dir='ltr'><strong><em>certae.</em></strong></span> <span class='ocrx_word' id='word_1_220' title='bbox 225 3123 305 3184; x_wconf 82' lang='lat' dir='ltr'><strong><em>addi</em></strong></span> <span class='ocrx_word' id='word_1_221' title='bbox 337 3137 442 3184; x_wconf 88' lang='lat' dir='ltr'><strong><em>tamen</em></strong></span> <span class='ocrx_word' id='word_1_222' title='bbox 466 3125 516 3185; x_wconf 87' lang='lat' dir='ltr'><strong><em>vel</em></strong></span> <span class='ocrx_word' id='word_1_223' title='bbox 539 3125 577 3184; x_wconf 85' lang='lat' dir='ltr'><strong><em>fic</em></strong></span> <span class='ocrx_word' id='word_1_224' title='bbox 608 3123 723 3205; x_wconf 80' lang='lat' dir='ltr'><strong><em>potest.</em></strong></span> <span class='ocrx_word' id='word_1_225' title='bbox 759 3125 939 3184; x_wconf 82' lang='lat' dir='ltr'><strong><em>coniectura</em></strong></span> <span class='ocrx_word' id='word_1_226' title='bbox 967 3124 990 3184; x_wconf 89' lang='lat' dir='ltr'><strong><em>t.</em></strong></span> <span class='ocrx_word' id='word_1_227' title='bbox 1016 3125 1096 3186; x_wconf 87' lang='lat' dir='ltr'><strong><em>Gro-</em></strong></span> 
     </span>
     <span class='ocr_line' id='line_1_28' title="bbox 50 3223 1095 3306; baseline 0.001 -20"><span class='ocrx_word' id='word_1_228' title='bbox 50 3227 165 3296; x_wconf 83' lang='lat' dir='ltr'><strong><em>norii‚</em></strong></span> <span class='ocrx_word' id='word_1_229' title='bbox 201 3245 298 3306; x_wconf 85' lang='lat' dir='ltr'><strong><em>quam</em></strong></span> <span class='ocrx_word' id='word_1_230' title='bbox 321 3227 354 3284; x_wconf 88' lang='lat' dir='ltr'><strong><em>iu</em></strong></span> <span class='ocrx_word' id='word_1_231' title='bbox 373 3223 483 3286; x_wconf 81' lang='lat' dir='ltr'><strong><em>scholia</em></strong></span> <span class='ocrx_word' id='word_1_232' title='bbox 501 3227 578 3286; x_wconf 90' lang='lat' dir='ltr'><strong><em>olim</em></strong></span> <span class='ocrx_word' id='word_1_233' title='bbox 599 3227 753 3294; x_wconf 78' lang='lat' dir='ltr'><strong><em>ediderat.</em></strong></span> <span class='ocrx_word' id='word_1_234' title='bbox 791 3227 838 3285; x_wconf 90' lang='lat' dir='ltr'><strong><em>uti</em></strong></span> <span class='ocrx_word' id='word_1_235' title='bbox 861 3226 976 3286; x_wconf 85' lang='lat' dir='ltr'><strong><em>docent</em></strong></span> <span class='ocrx_word' id='word_1_236' title='bbox 1000 3241 1095 3288; x_wconf 84' lang='lat' dir='ltr'><strong><em>notae</em></strong></span> 
     </span>
     <span class='ocr_line' id='line_1_29' title="bbox 51 3321 1096 3408; baseline 0 -22"><span class='ocrx_word' id='word_1_237' title='bbox 51 3327 181 3388; x_wconf 81' lang='lat' dir='ltr'><strong><em>MStae,</em></strong></span> <span class='ocrx_word' id='word_1_238' title='bbox 235 3325 404 3386; x_wconf 74' lang='lat' dir='ltr'><strong><em>ituantem</em></strong></span> <span class='ocrx_word' id='word_1_239' title='bbox 425 3324 487 3386; x_wconf 84' lang='lat' dir='ltr'><strong><em>ibi:</em></strong></span> <span class='ocrx_word' id='word_1_240' title='bbox 522 3321 672 3403; x_wconf 75' lang='lat' dir='ltr'><strong><em>„Vallum</em></strong></span> <span class='ocrx_word' id='word_1_241' title='bbox 689 3325 841 3394; x_wconf 84' lang='lat' dir='ltr'><strong><em>audacter.</em></strong></span> <span class='ocrx_word' id='word_1_242' title='bbox 864 3327 946 3406; x_wconf 85' lang='lat' dir='ltr'><strong><em>qnod</em></strong></span> <span class='ocrx_word' id='word_1_243' title='bbox 970 3327 1096 3408; x_wconf 83' lang='lat' dir='ltr'><strong><em>probari</em></strong></span> 
     </span>
     <span class='ocr_line' id='line_1_30' title="bbox 49 3425 1097 3510; baseline -0.002 -22"><span class='ocrx_word' id='word_1_244' title='bbox 49 3429 187 3508; x_wconf 83' lang='lat' dir='ltr'><strong><em>nequit.</em></strong></span> <span class='ocrx_word' id='word_1_245' title='bbox 214 3437 251 3484; x_wconf 90' lang='lat' dir='ltr'><strong><em>ut</em></strong></span> <span class='ocrx_word' id='word_1_246' title='bbox 267 3425 305 3484; x_wconf 86' lang='lat' dir='ltr'><strong><em>ab</em></strong></span> <span class='ocrx_word' id='word_1_247' title='bbox 322 3427 421 3508; x_wconf 84' lang='lat' dir='ltr'><strong><em>aliqua</em></strong></span> <span class='ocrx_word' id='word_1_248' title='bbox 438 3442 611 3488; x_wconf 79' lang='lat' dir='ltr'><strong><em>armaturae</em></strong></span> <span class='ocrx_word' id='word_1_249' title='bbox 630 3441 716 3508; x_wconf 84' lang='lat' dir='ltr'><strong><em>parte</em></strong></span> <span class='ocrx_word' id='word_1_250' title='bbox 738 3447 917 3510; x_wconf 81' lang='lat' dir='ltr'><strong><em>cognomen</em></strong></span> <span class='ocrx_word' id='word_1_251' title='bbox 942 3429 1097 3510; x_wconf 85' lang='lat' dir='ltr'><strong><em>acceperit</em></strong></span> 
     </span>
     <span class='ocr_line' id='line_1_31' title="bbox 50 3525 1096 3606; baseline -0.001 -17"><span class='ocrx_word' id='word_1_252' title='bbox 50 3531 140 3591; x_wconf 77' lang='lat' dir='ltr'><strong><em>arira.</em></strong></span> <span class='ocrx_word' id='word_1_253' title='bbox 197 3527 332 3588; x_wconf 90' lang='lat' dir='ltr'><strong><em>Videtur</em></strong></span> <span class='ocrx_word' id='word_1_254' title='bbox 354 3541 459 3588; x_wconf 86' lang='lat' dir='ltr'><strong><em>tamen</em></strong></span> <span class='ocrx_word' id='word_1_255' title='bbox 484 3527 536 3588; x_wconf 89' lang='lat' dir='ltr'><strong><em>hic</em></strong></span> <span class='ocrx_word' id='word_1_256' title='bbox 560 3525 649 3590; x_wconf 82' lang='lat' dir='ltr'><strong><em>fuille</em></strong></span> <span class='ocrx_word' id='word_1_257' title='bbox 673 3531 745 3588; x_wconf 82' lang='lat' dir='ltr'><strong><em>urire</em></strong></span> <span class='ocrx_word' id='word_1_258' title='bbox 768 3531 901 3590; x_wconf 86' lang='lat' dir='ltr'><strong><em>nomine</em></strong></span> <span class='ocrx_word' id='word_1_259' title='bbox 930 3529 1020 3606; x_wconf 75' lang='lat' dir='ltr'><strong><em>Tingi</em></strong></span> <span class='ocrx_word' id='word_1_260' title='bbox 1042 3527 1096 3590; x_wconf 84' lang='lat' dir='ltr'><strong><em>vel</em></strong></span> 
     </span>
     <span class='ocr_line' id='line_1_32' title="bbox 53 3627 1096 3710; baseline 0.001 -20"><span class='ocrx_word' id='word_1_261' title='bbox 53 3631 172 3710; x_wconf 77' lang='lat' dir='ltr'><strong><em>Tinge.</em></strong></span> <span class='ocrx_word' id='word_1_262' title='bbox 211 3631 285 3708; x_wconf 89' lang='lat' dir='ltr'><strong><em>quia</em></strong></span> <span class='ocrx_word' id='word_1_263' title='bbox 313 3627 385 3690; x_wconf 82' lang='lat' dir='ltr'><strong><em>istae</em></strong></span> <span class='ocrx_word' id='word_1_264' title='bbox 416 3629 523 3690; x_wconf 86' lang='lat' dir='ltr'><strong><em>literae</em></strong></span> <span class='ocrx_word' id='word_1_265' title='bbox 555 3629 651 3690; x_wconf 87' lang='lat' dir='ltr'><strong><em>clarae</em></strong></span> <span class='ocrx_word' id='word_1_266' title='bbox 680 3627 804 3690; x_wconf 83' lang='lat' dir='ltr'><strong><em>lumin</em></strong></span> <span class='ocrx_word' id='word_1_267' title='bbox 829 3629 930 3690; x_wconf 87' lang='lat' dir='ltr'><strong><em>veteri</em></strong></span> <span class='ocrx_word' id='word_1_268' title='bbox 959 3631 1096 3691; x_wconf 83' lang='lat' dir='ltr'><strong><em>lectione</em></strong></span> 
     </span>
     <span class='ocr_line' id='line_1_33' title="bbox 52 3729 1095 3812; baseline 0.001 -22"><span class='ocrx_word' id='word_1_269' title='bbox 52 3730 247 3812; x_wconf 78' lang='lat' dir='ltr'><strong><em>scriptorum</em></strong></span> <span class='ocrx_word' id='word_1_270' title='bbox 269 3731 433 3800; x_wconf 84' lang='lat' dir='ltr'><strong><em>codicum,</em></strong></span> <span class='ocrx_word' id='word_1_271' title='bbox 461 3729 621 3812; x_wconf 76' lang='lat' dir='ltr'><strong><em>quaesere</em></strong></span> <span class='ocrx_word' id='word_1_272' title='bbox 644 3730 686 3791; x_wconf 82' lang='lat' dir='ltr'><strong><em>est</em></strong></span> <span class='ocrx_word' id='word_1_273' title='bbox 712 3731 896 3806; x_wconf 70' lang='lat' dir='ltr'><strong><em>Tingentera</em></strong></span> <span class='ocrx_word' id='word_1_274' title='bbox 919 3743 973 3789; x_wconf 90' lang='lat' dir='ltr'><strong><em>aut</em></strong></span> <span class='ocrx_word' id='word_1_275' title='bbox 998 3729 1095 3791; x_wconf 83' lang='lat' dir='ltr'><strong><em>limile</em></strong></span> 
     </span>
     <span class='ocr_line' id='line_1_34' title="bbox 51 3831 1096 3914; baseline -0.001 -22"><span class='ocrx_word' id='word_1_276' title='bbox 51 3835 128 3914; x_wconf 85' lang='lat' dir='ltr'><strong><em>qaid</em></strong></span> <span class='ocrx_word' id='word_1_277' title='bbox 149 3831 230 3890; x_wconf 84' lang='lat' dir='ltr'><strong><em>huia</em></strong></span> <span class='ocrx_word' id='word_1_278' title='bbox 246 3831 402 3894; x_wconf 85' lang='lat' dir='ltr'><strong><em>ricinum.</em></strong></span> <span class='ocrx_word' id='word_1_279' title='bbox 443 3831 509 3894; x_wconf 81' lang='lat' dir='ltr'><strong><em>lara</em></strong></span> <span class='ocrx_word' id='word_1_280' title='bbox 529 3851 623 3914; x_wconf 88' lang='lat' dir='ltr'><strong><em>porro</em></strong></span> <span class='ocrx_word' id='word_1_281' title='bbox 645 3835 684 3892; x_wconf 84' lang='lat' dir='ltr'><strong><em>do</em></strong></span> <span class='ocrx_word' id='word_1_282' title='bbox 701 3831 829 3891; x_wconf 74' lang='lat' dir='ltr'><strong><em>residuis</em></strong></span> <span class='ocrx_word' id='word_1_283' title='bbox 850 3832 948 3890; x_wconf 80' lang='lat' dir='ltr'><strong><em>literis</em></strong></span> <span class='ocrx_word' id='word_1_284' title='bbox 967 3832 1096 3892; x_wconf 80' lang='lat' dir='ltr'><strong><em>videtur</em></strong></span> 
     </span>
     <span class='ocr_line' id='line_1_35' title="bbox 51 3929 1097 4028; baseline 0 -34"><span class='ocrx_word' id='word_1_285' title='bbox 51 3929 201 4014; x_wconf 73' lang='lat' dir='ltr'><strong><em>[eriphile</em></strong></span> <span class='ocrx_word' id='word_1_286' title='bbox 223 3945 334 3992; x_wconf 80' lang='lat' dir='ltr'><strong><em>auctor</em></strong></span> <span class='ocrx_word' id='word_1_287' title='bbox 359 3931 461 4012; x_wconf 75' lang='lat' dir='ltr'><strong><em>Tingi,</em></strong></span> <span class='ocrx_word' id='word_1_288' title='bbox 487 3933 584 3994; x_wconf 84' lang='lat' dir='ltr'><strong><em>Xera.</em></strong></span> <span class='ocrx_word' id='word_1_289' title='bbox 626 3931 726 4028; x_wconf 56' lang='lat' dir='ltr'><strong><em>⁸Xera</em></strong></span> <span class='ocrx_word' id='word_1_290' title='bbox 748 3931 842 3993; x_wconf 82' lang='lat' dir='ltr'><strong><em>exstat</em></strong></span> <span class='ocrx_word' id='word_1_291' title='bbox 862 3933 944 4012; x_wconf 82' lang='lat' dir='ltr'><strong><em>apud</em></strong></span> <span class='ocrx_word' id='word_1_292' title='bbox 964 3933 1097 4012; x_wconf 73' lang='lat' dir='ltr'><strong><em>Stepha-</em></strong></span> 
     </span>
     <span class='ocr_line' id='line_1_36' title="bbox 48 4027 1097 4122; baseline 0 -27"><span class='ocrx_word' id='word_1_293' title='bbox 48 4055 131 4096; x_wconf 86' lang='lat' dir='ltr'><strong><em>num</em></strong></span> <span class='ocrx_word' id='word_1_294' title='bbox 155 4035 199 4095; x_wconf 87' lang='lat' dir='ltr'><strong><em>de</em></strong></span> <span class='ocrx_word' id='word_1_295' title='bbox 224 4031 368 4112; x_wconf 75' lang='lat' dir='ltr'><strong><em>urbibus,</em></strong></span> <span class='ocrx_word' id='word_1_296' title='bbox 397 4027 530 4122; x_wconf 77' lang='grc' dir='ltr'><strong><em>[Ξηρὰ]</em></strong></span> <span class='ocrx_word' id='word_1_297' title='bbox 563 4036 616 4117; x_wconf 83' lang='lat' dir='ltr'><strong><em>qui</em></strong></span> <span class='ocrx_word' id='word_1_298' title='bbox 647 4033 772 4095; x_wconf 83' lang='lat' dir='ltr'><strong><em>testatur</em></strong></span> <span class='ocrx_word' id='word_1_299' title='bbox 801 4053 869 4094; x_wconf 87' lang='lat' dir='ltr'><strong><em>eam</em></strong></span> <span class='ocrx_word' id='word_1_300' title='bbox 900 4031 958 4094; x_wconf 80' lang='lat' dir='ltr'><strong><em>elle</em></strong></span> <span class='ocrx_word' id='word_1_301' title='bbox 985 4035 1097 4094; x_wconf 68' lang='lat' dir='ltr'><strong><em>tratrem</em></strong></span> 
     </span>
     <span class='ocr_line' id='line_1_37' title="bbox 47 4131 1098 4221; baseline -0.001 -23"><span class='ocrx_word' id='word_1_302' title='bbox 47 4157 150 4221; x_wconf 85' lang='lat' dir='ltr'><strong><em>prope</em></strong></span> <span class='ocrx_word' id='word_1_303' title='bbox 170 4134 320 4197; x_wconf 79' lang='lat' dir='ltr'><strong><em>Herculia</em></strong></span> <span class='ocrx_word' id='word_1_304' title='bbox 345 4131 545 4201; x_wconf 80' lang='lat' dir='ltr'><strong><em>columnas.“</em></strong></span> <span class='ocrx_word' id='word_1_305' title='bbox 597 4135 771 4198; x_wconf 82' lang='lat' dir='ltr'><strong><em>Hactenus.</em></strong></span> <span class='ocrx_word' id='word_1_306' title='bbox 810 4135 910 4198; x_wconf 86' lang='lat' dir='ltr'><strong><em>Porro</em></strong></span> <span class='ocrx_word' id='word_1_307' title='bbox 934 4135 1098 4197; x_wconf 82' lang='lat' dir='ltr'><strong><em>Antonine</em></strong></span> 
     </span>
    </p>
   </div>
   <div class='ocr_carea' id='block_1_3' title="bbox 97 4236 767 4328">
    <p class='ocr_par' dir='ltr' id='par_1_3' title="bbox 97 4236 767 4328">
     <span class='ocr_line' id='line_1_38' title="bbox 97 4236 767 4328; baseline 0 -20"><span class='ocrx_word' id='word_1_308' title='bbox 97 4253 201 4328; x_wconf 70' lang='lat' dir='ltr'><strong><em>Parap-</em></strong></span> <span class='ocrx_word' id='word_1_309' title='bbox 222 4251 319 4309; x_wconf 79' lang='lat' dir='ltr'><strong><em>Mela.</em></strong></span> <span class='ocrx_word' id='word_1_310' title='bbox 342 4251 381 4308; x_wconf 82' lang='lat' dir='ltr'><strong><em>L.</em></strong></span> <span class='ocrx_word' id='word_1_311' title='bbox 401 4253 440 4308; x_wconf 86' lang='lat'><strong><em>11.</em></strong></span> <span class='ocrx_word' id='word_1_312' title='bbox 705 4236 733 4298; x_wconf 78' lang='lat' dir='ltr'><strong>G</strong></span> <span class='ocrx_word' id='word_1_313' title='bbox 745 4255 767 4322; x_wconf 71' lang='lat' dir='ltr'>g</span> 
     </span>
    </p>
   </div>
   <div class='ocr_carea' id='block_1_4' title="bbox 0 0 1410 4944">
    <p class='ocr_par' dir='ltr' id='par_1_4' title="bbox 0 0 1410 4944">
     <span class='ocr_line' id='line_1_39' title="bbox 0 0 1410 4944; baseline 0 2"><span class='ocrx_word' id='word_1_314' title='bbox 0 0 1410 4944; x_wconf 95' lang='lat' dir='ltr'><strong><em> </em></strong></span> 
     </span>
    </p>
   </div>
  </div>
 </body>
</html>
