2880 4940
419 435 511 498 ms.
539 439 592 495 m.
634 437 668 497 C.
689 439 741 496 IX.
782 439 809 512 5.
834 457 861 499 r.
1101 451 1165 519 5η

116 612 218 678 etiam
234 613 365 698 reliqua.
390 611 581 676 ¹Venatorru
597 613 762 679 ciacconii
784 631 915 696 propes
933 613 1023 679 libris
1043 615 1165 688 abiunt,

7 729 9 754 ³
118 717 273 800 procula
295 737 341 779 re.
395 715 531 778 Facilius
549 716 588 778 ab
608 729 745 796 utroque
767 715 916 798 probatur
939 709 1036 778 Voffii
1058 719 1165 789 lectio,
1242 747 1254 768 ·

8 853 9 856 κ
122 819 165 880 de
178 817 343 902 polleriori
358 830 464 879 tamen
478 832 567 900 parte
584 817 822 880 dubitationem
839 816 952 879 obiicit
967 819 1094 902 linguae
1110 820 1169 882 La·

120 923 209 982 tinae
225 918 307 983 ulus.
342 918 408 980 Eas
423 919 511 980 enim
527 938 545 980 a
561 919 687 982 Graecia
707 913 814 1005 ἕτερος
832 931 865 980 et
881 911 984 996 ἄλλος
998 920 1062 981 boc
1078 917 1168 982 ienis

7 1057 9 1064 v
120 1034 159 1086 et
174 1019 396 1083 subintellecto
413 1015 483 1084 ded
503 1039 577 1082 oum
595 1021 741 1105 genitivo
755 1021 830 1083 strui
846 1019 983 1092 soleant,
1009 1022 1042 1081 id
1060 1036 1167 1084 tamea

7 1135 9 1164 ²
121 1123 167 1184 ita
180 1122 297 1184 imitati
319 1120 390 1182 lunt
406 1121 529 1193 Latini,
556 1135 593 1182 ut
609 1119 804 1204 praeferrent
822 1121 1014 1194 ablativum,
1041 1123 1090 1184 uti
1110 1123 1167 1186 do·

122 1237 199 1288 cent
224 1225 384 1306 exempla,
420 1243 501 1304 quae
526 1225 564 1286 ad
596 1225 748 1308 Vigert'rut
779 1224 819 1285 do
846 1224 983 1286 Graecae
1013 1225 1166 1287 dictionis

7 1343 9 1374 s
123 1325 299 1388 idiotismis
325 1323 541 1407 adposuerunt
573 1325 797 1409 Hoogevenuit
823 1337 855 1387 et
885 1327 1024 1388 Zeuniua
1049 1347 1081 1408 p.
1105 1337 1167 1406 74,

123 1427 241 1508 aliique
257 1427 425 1498 dederunt,
450 1446 530 1508 quoe
549 1441 705 1488 memorat
723 1427 937 1510 Hertstngerus
952 1427 989 1488 ad
1010 1427 1168 1490 chlmeri
1188 1507 1194 1516 ⁶

123 1527 285 1590 Hellenol.
313 1547 346 1610 p.
366 1541 449 1608 298.
493 1526 860 1592 ciceronianum
891 1527 1165 1608 Liv.5,54.6.
1261 1603 1263 1612 Ι

122 1629 235 1714 Quem
261 1631 394 1711 protulit
419 1624 544 1692 Voffiue
561 1629 686 1691 Horatii
709 1631 837 1699 locum,
868 1648 980 1710 parum
998 1629 1051 1692 ille
1070 1631 1167 1702 valet,

124 1750 200 1793 eum
224 1733 255 1790 in
277 1750 359 1792 voce
378 1731 445 1792 ceri
470 1731 607 1792 minime
634 1731 707 1792 libri
729 1728 946 1801 consentiant,
973 1729 1168 1814 plurimique

121 1833 206 1894 veris
225 1833 348 1917 legant,
383 1833 417 1893 in
439 1846 656 1916 quopropter
679 1831 810 1913 sequens
825 1823 953 1924 sceleris
974 1827 1017 1895 ro*
1037 1855 1054 1893 s
1077 1830 1167 1896 facile

122 1935 222 1998 etiam
244 1933 401 1996 absorberi
425 1936 533 2016 potuit
554 1949 587 1996 et
608 1933 642 1994 in
662 1935 729 1994 ueri
749 1935 891 1996 tramite.
942 1934 1006 1996 Sed
1030 1954 1089 1996 uec
1109 1936 1168 2006 illi,

123 2036 181 2118 qui
199 2035 265 2096 veri
288 2033 484 2116 praeierunt,
511 2035 558 2097 illi
585 2035 751 2097 structurae
773 2033 894 2098 fauent.
954 2035 997 2095 Et
1015 2035 1054 2096 stc
1076 2035 1170 2098 Gara·

124 2137 236 2198 tonius
256 2137 293 2196 ad
310 2137 458 2200 Ciceron.
480 2155 539 2218 pro
555 2137 669 2200 Coelio
688 2156 755 2218 cap.
774 2149 833 2214 ass.
857 2136 900 2196 ita
916 2137 1100 2218 componit,
1131 2152 1170 2201 ot

124 2239 193 2300 ved
217 2228 405 2329 scelerisque
436 2252 604 2300 connectat
636 2253 670 2300 et
694 2256 712 2300 a
733 2257 814 2300 voce
832 2227 956 2330 species
981 2239 1170 2302 llructurant

123 2351 248 2421 repetat
262 2357 298 2400 ea
312 2342 455 2410 ratione,
481 2359 540 2422 qua
555 2335 665 2422 paffim
686 2339 768 2400 clius
788 2351 829 2410 et,
854 2351 951 2422 atque
968 2339 1021 2400 vel
1036 2360 1095 2421 que
1109 2359 1168 2423 pro

123 2441 209 2502 alius
227 2473 277 2488 -
300 2441 383 2521 alius
403 2455 580 2522 ponantur,
612 2441 701 2502 cuius
716 2441 826 2501 similia
848 2439 891 2500 ibi
909 2439 998 2500 dedit
1013 2443 1169 2523 exempla.

126 2539 315 2626 diligitur
337 2543 469 2604 certiora
493 2539 689 2610 adferantur,
725 2542 800 2602 licre
822 2542 900 2602 baec
919 2539 1022 2602 forma
1044 2545 1168 2623 nequit.

123 2643 166 2706 At
182 2661 248 2704 non
265 2655 385 2704 temere
403 2643 560 2706 vadianus
575 2642 716 2705 effudille
733 2645 861 2704 videtur
883 2641 1020 2710 alumni.
1047 2645 1168 2726 quippe

125 2745 183 2826 qui
215 2743 385 2806 Collimitii
424 2745 534 2808 codice
567 2746 601 2806 in
634 2745 839 2806 emendando
874 2743 959 2804 lilela
993 2743 1064 2811 ulus
1090 2759 1169 2815 erat,

125 2863 266 2926 eumque
296 2863 335 2906 ex
370 2845 451 2907 meis
483 2845 681 2907 Zsluicianue
710 2847 851 2927 optimus
877 2845 1004 2928 egregie
1028 2847 1169 2910 adiuvat.

128 2945 257 3028 Nempe
278 2961 352 3008 cttm
374 2947 452 3009 oiim
476 2940 566 3008 cludi
587 2945 791 3016 scriberetur,
817 2946 923 3008 omill'a
942 2947 1058 3008 lineola
1079 2945 1169 3008 facile

124 3045 197 3132 poll
211 3049 289 3108 exiit
303 3047 369 3119 ciii,
393 3049 480 3130 quod
502 3061 716 3134 propagarunt
735 3047 860 3128 reliqui.
902 3048 949 3108 lta
968 3067 1057 3119 vero,
1082 3049 1170 3130 quod

125 3149 181 3210 alii
202 3147 314 3210 diserte
330 3151 431 3234 magia
447 3163 479 3212 et
497 3169 553 3231 per
573 3163 675 3232 partes
696 3149 945 3231 persequuntur,
968 3149 998 3208 id
1017 3150 1120 3212 noller
1136 3151 1171 3210 in

126 3247 316 3310 uuiversum
346 3263 379 3312 et
412 3250 542 3314 brevius
576 3252 740 3313 indicavit.
791 3250 921 3314 Alumttt'
946 3249 1074 3314 urbium
1100 3251 1172 3312 uoti

128 3349 202 3412 lunt
221 3370 260 3413 ex
278 3367 310 3422 a,
328 3363 361 3431 3,
384 3371 413 3416 t.
439 3353 478 3414 arl
495 3372 591 3434 quem
607 3353 716 3414 locum
733 3351 822 3434 plora
836 3351 931 3414 dabo.
970 3351 1023 3414 Sic
1042 3355 1173 3414 Tacitus

127 3451 214 3516 ann.
237 3473 267 3524 ι,
286 3463 346 3534 44.
374 3451 529 3534 legiottum
551 3435 714 3525 eluuntur,
747 3453 941 3517 Claudianus
965 3452 1003 3512 de
1025 3453 1171 3516 laudibus

127 3554 275 3618 stilicon.
294 3573 327 3616 v.
350 3565 431 3632 158.
454 3553 574 3616 Oceani
591 3556 631 3617 de
650 3555 770 3624 milite,
796 3555 920 3616 Plinius
944 3567 975 3632 5,
995 3567 1053 3632 23.
1072 3549 1094 3616 i.
1114 3573 1170 3633 19.

128 3675 241 3716 omnes
258 3655 383 3716 lacuum
411 3668 608 3734 pertusant
632 3656 753 3717 alumni
759 3699 768 3727 ,
793 3671 827 3718 et
847 3655 933 3736 quod
955 3657 1086 3738 propius
1108 3655 1172 3718 luto

128 3753 205 3817 iacit
221 3775 260 3818 ex
274 3757 376 3818 Statio
390 3756 547 3820 Thebaid.
566 3759 599 3828 6,
621 3769 705 3836 378.
730 3759 813 3818 artie
836 3755 1010 3826 oetlreriae,
1035 3770 1069 3818 et
1082 3755 1172 3819 Cice·

128 3875 212 3920 rone
233 3857 272 3918 ad
292 3855 405 3919 dlverl.
432 3877 466 3937 9,
493 3869 549 3937 t4.
576 3851 771 3950 erct'plt'nce.
829 3859 919 3918 idem
943 3857 1042 3942 igitur
1063 3859 1173 3920 valent

128 3957 209 4021 baec
230 3953 344 4030 rerba,
377 3961 462 4040 quod
487 3961 644 4020 virtutum
673 3961 864 4040 optintonrm
891 3957 1041 4029 cultores,
1076 3960 1173 4040 idque

127 4061 230 4146 magis
246 4060 408 4142 adpareat,
433 4061 453 4118 st
470 4061 576 4122 activo
591 4058 679 4122 seusu
695 4061 835 4142 accipias.
861 4059 916 4122 etit
933 4061 973 4121 de
990 4059 1051 4122 boc
1064 4061 1173 4144 dispu-

126 4173 223 4226 tatur.
272 4161 344 4225 vid.
362 4161 564 4228 Taubmantr.
586 4162 756 4248 advirgil.
780 4163 862 4225 Aen.
891 4180 945 4233 tt,
971 4175 1028 4244 53.
1054 4175 1087 4226 et
1114 4163 1173 4244 qui
