2814 4946
407 445 498 503 mn.
528 447 565 502 11.
608 445 726 510 ΗΠ.
769 445 848 518 it·
1084 461 1147 532 499

105 627 138 678 et
154 616 273 680 Venet.
295 615 430 678 Thiarae
450 619 553 692 ritae,-
586 619 693 684 Havn.
717 633 749 684 et
771 620 862 704 Ptag.
885 623 999 684 Titiare
1020 624 1146 701 Titiae,-

105 717 215 780 Cibin.
240 718 439 800 ayarestltt'le‚·
481 719 653 806 Rehdiger.
680 723 793 802 chyare
816 723 921 805 cltyle3
958 727 1143 793 Vindobou.

105 821 212 880 chiara
227 833 260 880 et
278 821 373 881 ttttte.
407 821 459 884 Sic
476 823 549 884 edd.
571 842 599 884 ι.
623 816 717 884 ciria?
733 823 831 896 tarta·
856 843 887 888 a.
910 825 1023 886 Thiara
1041 828 1145 902 Tatta,-

106 921 272 998 9.,clriare
296 921 400 994 Trita·
435 937 468 1000 5.
486 937 521 1000 q.
539 935 573 1001 5.
599 944 652 986 ιι.
677 924 872 996 Tarrr'chiae,
899 947 958 1008 pro
981 949 1047 1008 quo
1064 931 1144 992 Her·

104 1021 230 1084 melane
247 1021 401 1086 Barbarae
422 1025 550 1086 volebat
574 1025 749 1096 Tariclriae,
776 1026 946 1090 Pintianue
966 1029 993 1088 Τ
992 1032 1143 1103 aricinae,

104 1122 233 1184 ebrevi
260 1125 295 1184 in
322 1125 500 1205 penultima
525 1147 563 1188 ex
589 1127 769 1208 Stephano,
807 1129 862 1208 qui
885 1131 985 1190 multa
1009 1132 1076 1194 loca
1101 1135 1144 1196 ita

103 1225 266 1286 nominari
295 1223 416 1288 scribat.
468 1227 651 1288 Praevaluit
681 1229 713 1288 in
740 1228 939 1292 editionibus
971 1231 1142 1306 Taricht'ae,

102 1327 427 1408 praeterquamquod
453 1341 507 1406 13.
528 1329 624 1390 habet
645 1329 822 1390 Tharickie·
874 1328 967 1394 Vnde
984 1335 1144 1398 invectam

104 1428 189 1488 illam
214 1428 388 1490 lectionem
405 1429 555 1492 duxerint
577 1431 649 1492 edd.
674 1433 828 1502 Venetae,
864 1445 972 1494 utrum
996 1435 1142 1498 codicem

103 1525 243 1598 leeume,
269 1531 357 1610 quod
378 1533 534 1592 tamenin
556 1545 640 1592 tanta
657 1534 804 1594 codicum
821 1547 853 1594 et
870 1537 1014 1615 priorum
1030 1537 1143 1600 editio·

103 1650 183 1691 nuru
206 1631 414 1712 discrepantia
436 1634 492 1694 vix
521 1633 663 1702 videtur,
699 1653 739 1694 au
763 1633 964 1696 librariorum
986 1637 1039 1698 vel
1060 1639 1145 1700 viro·

104 1751 176 1792 mm
205 1731 377 1794 doctorum
406 1735 525 1796 iudicio
555 1735 681 1804 ductae,
717 1736 865 1816 equidem
896 1737 1021 1820 ignoro.
1074 1739 1144 1802 Nec

105 1833 206 1916 magia
223 1833 396 1904 statuerim,
422 1855 517 1915 quam
535 1855 609 1897 vere
628 1838 669 1896 ita
687 1835 817 1919 legatur,
843 1857 917 1897 cum
933 1839 989 1898 vix
1006 1841 1144 1925 intelligi

103 1931 211 2017 possit,
236 1937 401 2014 quomodo
417 1957 458 1998 ex
474 1955 552 1998 voce
575 1937 738 1997 Tarirlriaa
752 1939 803 1998 illa
818 1940 989 2000 nominum
1006 1941 1144 2004 monllra

104 2033 207 2098 efficta
224 2033 343 2096 fuerint
361 2049 393 2097 et
412 2039 506 2099 edite.
543 2037 611 2098 Nec
627 2039 756 2120 expedit
773 2035 991 2101 difficultatem
1008 2041 1143 2115 Pliniue,

104 2139 160 2218 qui
182 2150 216 2214 5,
239 2153 272 2212 7.
291 2135 311 2200 l.
331 2147 366 2218 4.
391 2138 475 2198 hunc
495 2139 604 2200 locum
622 2153 695 2200 ante
712 2139 821 2202 oculoa
844 2139 983 2204 habuille
1003 2143 1142 2208 videtur.

104 2239 191 2300 Cum
214 2243 304 2300 enim
325 2239 526 2302 recensuillet
547 2241 675 2300 illorum
693 2243 828 2302 marium
852 2241 983 2314 insulae,
1016 2259 1144 2326 queret

104 2339 191 2402 Mela
213 2340 326 2410 habet,
354 2341 506 2426 Meninge
530 2355 562 2402 et
584 2343 766 2414 Cercinam,
794 2344 837 2404 ita
860 2343 997 2426 denique
1020 2349 1141 2431 pergit:

103 2445 147 2506 At
171 2455 287 2502 contra
311 2441 521 2523 Carthaginis
533 2437 642 2530 finnrn
667 2443 749 2504 duae
770 2445 929 2524 Aegimori
952 2465 1044 2516 arae,
1069 2439 1143 2538 sco·

103 2543 172 2623 puli
191 2543 312 2612 verius,
331 2565 426 2626 quant
447 2534 574 2634 insulae,
602 2545 683 2604 inter
704 2545 843 2606 Siciliam
865 2547 1002 2606 maxime
1018 2559 1049 2608 et
1069 2549 1143 2610 ean

102 2643 237 2706 diniam.
289 2645 417 2706 illarum
442 2647 537 2706 etiam
557 2644 648 2705 snum
671 2647 781 2708 Livius
802 2647 858 2724 56.
879 2657 936 2726 24,
961 2665 994 2726 9.
1023 2649 1067 2708 ita
1089 2649 1143 2711 de·

104 2743 226 2814 scribit.
258 2759 295 2806 ut
315 2747 353 2806 ad
373 2745 490 2808 Melam
513 2748 649 2808 omnino
670 2767 704 2808 re
729 2749 824 2808 etiam
841 2745 941 2810 facere
960 2749 1140 2814 videantur.

105 2847 254 2926 Nempe:
286 2839 399 2936 Insula
421 2868 466 2918 ea,
496 2849 610 2928 inquit,
635 2843 746 2938 finum
770 2847 904 2920 claudit,
938 2850 970 2910 in
990 2871 1053 2932 qao
1075 2847 1143 2936 fita

106 2947 276 3026 Cartlurgo
296 2947 354 3040 ast,
387 2951 523 3030 triginta
538 2941 645 3038 ferma
667 2949 753 3011 milia
778 2947 819 3010 ab
848 2947 930 3012 rtrbe.
991 2952 1053 3012 l'ro
1077 2972 1142 3014 una

103 3051 194 3110 enim
210 3049 316 3117 habet.
343 3063 380 3110 ut
395 3049 508 3112 strabo
525 3051 580 3110 lib.
598 3069 628 3113 a.
647 3071 679 3132 p.
695 3071 739 3113 rn.
757 3059 816 3129 84.
833 3049 854 3112 i.
878 3065 957 3130 123.
985 3065 1016 3113 et
1032 3051 1087 3116 lib.
1107 3051 1141 3116 6.

102 3171 135 3232 p.
154 3171 201 3212 m.
222 3169 303 3228 ¹9¹·
322 3149 343 3212 i.
363 3167 445 3226 277.
498 3153 560 3212 Hic
580 3166 686 3213 autem
709 3153 743 3212 in
766 3151 928 3234 posteriori
951 3153 1020 3216 loco
1047 3156 1143 3236 ponit

102 3265 179 3313 ante
207 3253 346 3314 Siciliam
377 3266 409 3314 et
437 3249 575 3314 Africam
607 3253 717 3324 latine,
753 3255 790 3314 ad
821 3253 984 3316 Coilnranr
1011 3256 1143 3338 propius

100 3353 159 3414 lib.
184 3367 237 3427 17.
262 3375 294 3436 p.
313 3373 357 3414 m.
376 3367 460 3433 573.
477 3351 496 3420 l,
514 3363 599 3434 834.
650 3357 684 3416 Si
705 3353 824 3416 tabulas
841 3355 1073 3439 Gangraphicaa
1094 3359 1142 3418 in·

102 3454 227 3538 lpiciat,
249 3469 404 3515 vocantur
419 3457 489 3516 illae
506 3475 593 3516 nuuc
606 3453 748 3526 Zt'mbra,
768 3453 849 3518 Afris
864 3457 963 3518 Zoraa
974 3489 1014 3500 -
1029 3477 1142 3521 maore.

101 3555 178 3618 Vid.
202 3556 317 3636 Heyue
339 3557 372 3616 in
394 3555 524 3618 excursu
548 3567 583 3635 tp.
610 3557 648 3618 ad
670 3557 792 3642 Virgilii
816 3561 894 3620 Aen.
923 3579 951 3621 t.
1004 3560 1044 3619 At
1071 3561 1142 3640 quie

12 3699 17 3716 .
100 3677 144 3720 ex
162 3657 319 3718 librorum
343 3657 404 3718 illie
434 3658 626 3720 lectionibus
647 3659 722 3718 ltaec
745 3661 876 3720 extricet
897 3659 949 3720 vel
978 3663 1142 3730 extundat,

100 3759 224 3840 quippe
240 3759 272 3818 in
296 3759 413 3839 quibua
432 3773 554 3839 praeter
576 3779 631 3820 are
649 3759 730 3818 nihil
748 3759 847 3822 simile
869 3759 957 3822 inest.
1005 3763 1062 3822 Sin
1083 3763 1143 3822 alia

102 3858 219 3930 insula,
256 3860 308 3920 vel
331 3859 413 3920 duae
436 3861 639 3941 reponendae
659 3860 736 3932 sint,
773 3861 878 3942 plurer
906 3861 1035 3942 quidem
1060 3863 1144 3923 inter

102 3959 243 4024 Africam
266 3975 300 4022 et
319 3961 459 4022 Siciliam
479 3979 494 4020 e
513 3961 667 4024 Strabone
690 3977 982 4024 commemorantur
1004 3962 1058 4024 lib.
1087 3979 1142 4038 17.

101 4083 136 4145 p.
159 4083 205 4124 m.
228 4075 314 4142 573.
333 4059 354 4124 i.
370 4073 454 4142 334.
479 4077 512 4122 et
535 4064 569 4122 in
592 4063 701 4144 primia
723 4065 979 4144 nominatimque
1002 4084 1017 4124 a
1039 4063 1145 4140 Ptoleq

102 4185 195 4228 maeo
212 4175 248 4246 q.
275 4178 307 4245 5.
332 4175 410 4226 extr.
461 4163 525 4227 Sed
548 4165 619 4246 quie
642 4177 674 4224 et
697 4163 790 4235 hinc,
825 4165 957 4228 conum
982 4165 1145 4228 codicibus

724 4267 763 4326 li
785 4279 812 4330 Ὠ
