2880 4940
360 402 452 463 m.
480 404 534 460 tn.
576 401 610 462 c.
631 403 710 466 vttt.
753 397 854 472 §.aa
1075 413 1139 478 tot

80 602 181 667 quam
213 579 393 644 Pmcbaiae
418 578 623 642 mentionem
650 574 779 648 iecerit.
822 589 859 638 ut
884 575 938 640 vel
963 575 1039 640 inde
1065 575 1138 643 fatie

81 695 249 768 appareat,
275 702 353 746 eum
375 681 529 767 ignorasse
545 679 638 740 fitum
658 677 755 743 huius
769 679 920 764 regionis.
971 681 1048 743 Erat
1070 682 1140 762 qui·

83 788 162 848 dem
177 783 335 848 Panchaia
351 783 484 846 Arabiae
499 781 748 866 Troglodyticae
768 801 857 863 pare,
883 801 999 844 verum
1018 801 1086 846 non
1102 785 1137 844 in

84 909 124 950 ea
146 887 395 971 Troglodyticae
417 897 520 967 parte,
553 902 614 964 qua
642 881 685 945 est
708 881 905 965 Heliopoliu,
937 903 1053 946 verum
1073 884 1137 954 issa.

85 1008 170 1072 qnae
189 987 268 1052 ostio
293 987 377 1050 finue
399 987 521 1049 Arabici
543 985 674 1048 adiacet.
735 985 848 1047 Errare
871 985 959 1046 enim
977 1005 1050 1056 eoa,
1081 986 1138 1069 qui

85 1089 279 1154 Panchaiam
294 1089 426 1152 Arabiae
439 1086 541 1152 felicia
557 1088 744 1169 portionem
759 1085 890 1157 faciunt,
914 1087 977 1150 iarn
993 1086 1137 1171 superine

86 1192 297 1255 attendimus.
349 1192 450 1254 Recte
476 1191 583 1272 itaque
606 1185 666 1249 sese
691 1187 811 1250 habent
833 1187 930 1250 verba
952 1189 1067 1260 Plinii.
1101 1191 1138 1251 in

86 1291 208 1376 quibua
230 1291 439 1354 emendandis
463 1293 605 1353 multum
630 1287 658 1352 se
680 1302 808 1372 torquet
832 1290 1019 1354 Solinianua
1041 1293 1141 1354 inter·

86 1415 172 1478 pree.
199 1389 287 1483 [cap.
306 1407 366 1473 53.
382 1393 404 1459 s.
421 1395 480 1473 56.
496 1413 528 1476 p.
545 1384 717 1476 m>587.]
772 1392 942 1456 Caeterum
960 1407 997 1456 ut
1011 1394 1049 1455 nd
1068 1393 1137 1455 Me·

87 1497 153 1557 lam
169 1497 354 1566 redeamus,
380 1495 490 1578 potior
505 1493 599 1556 nobie
614 1493 674 1555 alia
689 1493 818 1556 videtur
832 1493 939 1557 lectio.
991 1497 1026 1557 Si
1048 1496 1138 1558 enim

88 1597 272 1680 Heliopolis
289 1616 356 1658 nnn
380 1597 414 1658 stt
436 1597 472 1658 iu
493 1596 661 1680 Aegypto,
687 1596 774 1656 iuxta
796 1595 932 1668 Melam,
958 1593 1066 1659 truttn
1085 1597 1139 1658 bic

88 1699 231 1781 Aegypti
256 1699 307 1760 fiat
331 1699 467 1762 mentio.
530 1699 578 1760 lta
602 1694 710 1766 sensit,
745 1695 943 1760 Phoenicem
967 1698 1001 1758 in
1025 1698 1139 1760 Arabia

89 1797 187 1868 nasci.
210 1801 295 1861 mori
311 1803 345 1860 in
363 1801 523 1883 Aegypto.
576 1799 614 1860 In
629 1796 692 1860 buc
710 1815 824 1862 omnen
840 1795 905 1860 fere
925 1802 1139 1864 conveniunt.

90 1902 189 1965 Solua
220 1913 329 1964 tamen
362 1901 553 1980 Anonymue
581 1895 784 1990 [Lactantius
811 1900 909 1984 vulgo
943 1897 1062 1990 fertur]
1098 1901 1140 1964 de

91 2003 259 2066 Phoenice
283 2000 405 2074 scribit,
429 1995 485 2088 [v.
508 1996 612 2088 tau]
638 2001 730 2062 illum
757 2001 957 2064 concinnatio
982 2002 1143 2065 cineribut

93 2105 236 2188 paternie
256 2105 450 2166 contendere
472 2102 647 2165 adortum.
698 2101 760 2164 Sed
784 2104 921 2168 omuino
945 2105 1027 2186 apud
1048 2105 1142 2166 illum

94 2203 319 2274 scribendum.
356 2204 518 2266 coratendt't
543 2204 625 2265 Solis
655 2201 701 2264 ad
724 2200 837 2274 urbem,
869 2223 937 2266 nun
964 2217 1069 2278 ortus,
1105 2220 1142 2266 ut

94 2307 209 2391 vulgo.
243 2325 384 2370 voestva.
449 2307 548 2378 Recte
578 2305 741 2390 vulgatum
766 2303 921 2386 praefert,
955 2327 1050 2388 quant
1077 2305 1142 2389 ipie

96 2406 286 2488 comprobat
306 2420 485 2470 contextus.
536 2405 734 2468 Phoenicem
757 2408 845 2468 enirn
867 2409 901 2468 in
919 2407 1048 2478 Arabia,
1074 2427 1143 2470 uon

97 2511 134 2570 in
150 2511 297 2593 Aegypto
320 2507 402 2570 nasci
418 2511 513 2582 dicit,
544 2521 578 2572 et
598 2507 637 2570 fic
653 2507 837 2572 Herodotus
858 2525 888 2578 a,
912 2521 971 2588 75.
996 2497 1032 2578 ἐξ
1052 2505 1146 2599 'Apor-

95 2607 177 2688 βίας
201 2605 396 2700 ὁρμώμενος.

179 2813 219 2874 in
246 2809 364 2895 urbe)
412 2812 451 2877 t.
469 2811 628 2876 Gronouii
643 2811 791 2894 quidam,
816 2831 856 2876 ex
872 2812 953 2876 rueia
970 2811 1145 2898 liebdiger.

100 2914 219 2976 Venet.
239 2927 270 2976 et
288 2915 321 2975 in
338 2913 431 2988 urbe,·
456 2915 548 2999 Prag.
567 2927 598 2976 et
611 2915 644 2975 iu
661 2911 776 2976 urbem.
816 2915 899 2975 Eud.
918 2915 993 2976 inde
1008 2913 1046 2974 ab
1064 2916 1145 2976 anti·

99 3011 259 3098 quiffimie
275 3015 314 3078 ad
327 3027 388 3096 lpa.
403 3029 500 3098 atque
516 3018 549 3076 in
564 3011 689 3087 urbem
714 3015 783 3096 post
800 3035 873 3076 curn
891 3015 1065 3078 iieinoldio
1082 3025 1145 3098 44.

100 3130 135 3178 et
150 3117 290 3197 reliquae
312 3129 409 3200 atque
424 3118 459 3178 r‘rt
475 3115 559 3180 urbe.
601 3115 693 3178 Priue
714 3117 867 3178 videntur
882 3119 979 3178 etiam
997 3115 1148 3179 Peristeri-

101 3216 150 3280 see
173 3217 325 3280 adtuiiffe.
365 3219 492 3300 Duplex
508 3218 561 3280 bic
582 3217 666 3279 valet
685 3218 777 3287 tatio,
804 3231 900 3300 prout
918 3215 1045 3281 refe'rat.
1084 3219 1149 3282 Co⁴

101 3321 202 3400 dices.
225 3321 310 3400 qnod
331 3319 372 3380 iic
391 3321 529 3400 adparet,
556 3320 792 3380 coniunxerunt
806 3339 879 3381 cum
901 3321 1069 3382 remotiori
1087 3322 1150 3382 uti·

101 3439 168 3500 que
185 3421 283 3482 verbo
299 3410 471 3509 corrsecrut.
507 3421 590 3483 Aliae
609 3419 733 3482 Plinius
753 3441 807 3491 to,
827 3437 857 3485 α.
881 3411 1052 3507 deseruerit
1068 3420 1150 3482 Solis

103 3518 223 3582 urbem.
277 3521 405 3603 Reliqui
434 3526 477 3582 ita
508 3523 616 3604 potine
641 3517 728 3590 urbe,
763 3521 1036 3604 quantineolam
1062 3522 1151 3582 iiiam

101 3621 145 3683 ab
175 3621 325 3684 omnibus
351 3623 527 3708 neglectam
552 3622 613 3684 elie
639 3623 812 3684 crederem.
865 3623 939 3684 Post
963 3622 1151 3686 vindobon.

100 3721 266 3802 appellat,
292 3735 325 3784 et
344 3743 403 3806 pro
420 3715 653 3812 fragrantibus
679 3721 771 3809 Prag.
785 3718 960 3810 flagrans,·
995 3726 1094 3786 Vatic.
1116 3737 1150 3802 3.

103 3823 218 3887 Cibin.
248 3821 331 3906 Lipi.
361 3825 447 3886 (iud.
481 3825 653 3909 liehdiger.
685 3825 798 3887 Venet.
820 3819 1058 3910 flagrantibus;
1097 3825 1153 3887 alii

102 3945 183 3988 cum
205 3925 278 3986 edd.
299 3939 386 3988 recte
409 3928 444 3986 in
469 3925 532 3988 hoc
553 3945 639 3988 nexu
658 3915 905 4014 fragrantibus.
961 3927 1037 3988 Non
1064 3929 1154 3988 enirn

101 4025 160 4086 hic
181 4025 222 4088 de
244 4025 464 4090 combustione
486 4028 618 4112 cogitari
639 4027 757 4108 potest,
787 4025 837 4088 sed
856 4027 1030 4098 doctiore,
1057 4047 1155 4110 quern

101 4125 313 4190 involucrum
348 4129 553 4210 myrrhinum
586 4126 692 4212 spirat.
764 4129 815 4190 De
847 4127 1007 4212 frequenti
1040 4129 1154 4192 taum

158 4241 256 4317 Pomp.
276 4241 368 4298 Mela.
391 4243 429 4298 L.
446 4243 498 4296 111.
794 4229 822 4292 V
