2788 4942
324 428 413 484 ιω.
442 429 494 483 tn.
539 429 570 485 c.
596 431 630 484 n.
675 430 700 498 n.
727 449 753 485 1.
778 444 807 484 ι.
1045 441 1087 507 59

49 597 199 690 amflexo.
237 600 359 662 Notum
377 621 430 660 arn
447 603 712 684 praeposnionem
731 603 865 664 eandem
882 603 915 664 in
937 603 1089 686 composi·

50 706 195 766 tinnibnr
217 705 284 763 vim
307 701 440 772 habere,
468 717 562 786 atque
585 706 710 766 circum.
744 725 891 766 voecrve.
944 701 1091 792 Anrstexa

50 808 179 868 videtur
200 807 295 866 etiam
312 803 446 885 prostare
463 809 496 866 in
513 803 606 870 Parii.
629 827 658 869 r.
695 807 736 868 At
753 827 815 868 vox
831 806 873 868 est
894 805 1091 880 insolentior,

50 927 128 989 qnae
152 927 192 968 an
215 907 340 988 uspiam
363 909 546 989 reperiatur,
573 907 716 969 dubitare
734 909 817 970 iicet.
872 909 978 991 Quare
995 912 1092 972 etiam

52 1008 208 1071 Geinerue
232 1009 265 1068 in
290 1005 433 1068 theianro
460 1009 496 1070 L.
524 1009 560 1070 L.
586 1009 768 1071 dubitanter
789 1031 858 1072 eam
876 1011 1026 1092 adponit,
1060 1023 1093 1073 et

52 1131 90 1172 ex
109 1113 176 1186 fine
197 1111 308 1193 capitia
330 1107 425 1170 refert
447 1111 580 1177 eiusdem
603 1112 739 1170 nominis
761 1103 896 1202 insnlarn
918 1113 1091 1190 nnrplexnn

50 1232 113 1294 qno
137 1215 203 1274 hoc
219 1209 353 1272 verbum
376 1211 507 1291 probare
524 1213 664 1280 videtur,
691 1211 744 1273 etsi
771 1234 786 1272 a
810 1213 915 1276 nostro
933 1214 1004 1286 loco
1022 1215 1094 1276 alie·

51 1334 143 1376 num.
199 1305 345 1399 Anestcxa
369 1325 566 1376 tamencum
589 1315 626 1375 ad
643 1315 811 1376 circuitum
830 1317 965 1378 maxime
982 1315 1093 1388 valeat,

52 1431 122 1476 tum
145 1413 186 1474 ad
205 1416 329 1476 codices
348 1417 493 1495 proxime
517 1416 658 1483 accedat.
684 1417 893 1478 reiiciendrrm
916 1433 981 1476 non
1006 1419 1094 1478 vide·

51 1531 110 1578 tur.
168 1517 275 1600 Quare
304 1535 363 1576 nec
385 1535 446 1598 ego
469 1519 571 1578 movi.
624 1519 710 1578 Tum
735 1517 807 1579 edd.
832 1531 888 1594 30.
920 1537 1015 1600 prave
1038 1517 1094 1578 nd·

51 1619 154 1688 venit,
195 1632 253 1698 32.
278 1617 440 1678 advenerit
467 1637 525 1698 pro
546 1617 705 1687 advertit,
738 1619 788 1680 uti
810 1618 878 1701 post
901 1620 934 1678 in
961 1621 1011 1682 ed.
1036 1635 1094 1703 37.

52 1719 207 1800 (Vrliisri)
236 1719 416 1781 exhibetur.
466 1717 529 1780 Pro
556 1719 631 1781 iiius
658 1721 769 1782 Venet.
796 1733 828 1782 et
850 1721 923 1782 edd.
952 1731 1007 1797 15.
1038 1737 1095 1796 17.

55 1838 111 1886 ao.
132 1835 193 1900 23.
216 1819 416 1890 deotimus,
448 1823 555 1883 minue
572 1819 652 1880 bene
675 1835 707 1884 et
727 1823 921 1882 inconcinno
944 1823 1097 1886 orationir

55 1944 148 1986 nexu.
208 1921 290 2006 Quia
313 1922 401 1981 onim
424 1921 545 2003 placide
571 1919 666 1984 ferat:
709 1923 833 1986 Gatttae
855 1923 942 1985 intus
964 1923 1096 1986 aiterum

55 2028 139 2086 eninr
161 2044 224 2086 ora
247 2051 296 2066 -
320 2023 406 2084 latus
429 2021 598 2092 advertit?

132 2223 271 2306 Tune)
323 2225 407 2290 Gnd.
429 2237 508 2296 tnm,
535 2239 571 2287 ut
589 2228 622 2289 frt
641 2224 739 2309 saepe.
780 2227 845 2290 Pro
863 2217 1098 2320 septentriones

57 2330 153 2392 Vatic.
168 2343 202 2406 3.
222 2326 304 2410 Lipi.
318 2329 403 2388 Gud.
420 2333 506 2405 (ante
521 2329 762 2402 correctionem)
778 2327 870 2412 Prag.
885 2332 960 2390 dant
969 2321 1097 2420 septen·

60 2433 212 2502 trioni-nm
243 2431 283 2490 de
305 2449 365 2510 qua
390 2433 645 2492 commutatione
668 2431 733 2492 vid.
757 2429 845 2512 snpra
865 2432 904 2492 ad
930 2447 961 2500 α,
982 2445 1013 2510 5.
1043 2449 1096 2492 ro.

61 2547 89 2592 et
107 2547 138 2612 3,
166 2554 196 2602 ι,
214 2549 249 2610 9.
291 2533 377 2591 Hinc
401 2549 495 2612 prave
518 2531 658 2593 Vindob.
679 2543 846 2614 ernctoqne
865 2551 923 2612 pro
945 2545 1098 2612 rectoque.

62 2635 188 2696 Deinde
213 2651 270 2714 pro
296 2631 492 2714 expanditur
518 2633 591 2699 edd.
618 2651 653 2714 9.
683 2653 738 2698 ιι.
769 2647 823 2712 ι3.
851 2632 971 2695 habent
995 2645 1100 2692 extert-

61 2733 154 2800 ditur.

228 2940 256 3014 §.
286 2952 319 3000 2.
372 2957 419 2998 nc
450 2935 625 3018 petinii)
677 2937 730 3000 Sic
752 2955 864 2998 omnes
888 2933 951 2998 iere
975 2934 1100 2996 codices

63 3043 155 3102 etiam
179 3041 214 3108 ie,
234 3059 297 3120 quo
314 3035 384 3098 nine
400 3037 652 3107 estCiacconine,
669 3053 699 3099 et
718 3039 863 3100 meliores
882 3040 917 3100 ri.
930 3037 1102 3098 Gronovii.

66 3141 204 3203 Vindob.
227 3137 387 3220 epodnli,·
418 3139 601 3202 Pariiieniee
625 3137 706 3200 sorte
730 3153 760 3202 et
782 3137 900 3219 pabuli.
928 3139 1012 3220 qnod
1038 3159 1103 3198 ma·

66 3243 193 3304 luerunt
216 3243 374 3302 editiones
395 3243 490 3302 etiam
509 3243 707 3310 recentiores.
737 3243 768 3301 in
791 3241 904 3322 quibos
922 3241 1102 3302 Preinnldia·

66 3366 137 3414 nee,
167 3345 246 3404 dnm
266 3345 302 3404 Λ.
324 3343 489 3404 Gronvina
514 3355 647 3424 poneret
672 3363 711 3402 ae
731 3341 857 3422 pnbrdi,
886 3341 972 3424 qnod
998 3354 1104 3400 tamen

67 3448 195 3508 ridetnr
210 3445 306 3505 etiam
323 3444 437 3506 exstare
453 3445 487 3506 in
504 3445 555 3510 ed.
574 3444 690 3506 Vineti.
731 3443 815 3510 Com
838 3445 881 3508 ita
904 3444 1007 3506 velint
1029 3441 1106 3504 certi

68 3549 208 3618 codices,
233 3547 363 3614 retinui.

139 3749 246 3814 lnci’s
270 3745 540 3830 immanibus)
590 3746 698 3810 Nemo
715 3747 747 3810 in
766 3747 816 3808 hie
836 3745 942 3808 verbie
963 3757 1036 3806 ante
1057 3745 1107 3808 Io.

72 3851 209 3916 Conrnd.
228 3851 459 3914 Schwartzinm
482 3851 694 3914 lraesrtaverat.
736 3849 807 3918 Hic,
826 3867 898 3910 curn
923 3847 1006 3908 nnila
1024 3847 1110 3907 luco·

71 3973 139 4016 nnn
156 3955 347 4015 immanium
364 3953 539 4016 amoenitas
556 3949 615 4013 effe
638 3947 742 4032 ponii,
763 3963 882 4014 motata
899 3967 979 4009 voce
1002 3949 1110 4009 imma·

74 4053 177 4127 nibus.
204 4055 292 4117 unde
309 4055 436 4137 ineptire
454 4051 557 4116 ieniua
573 4052 744 4120 exsisteret,
768 4051 954 4116 emendavit
978 4067 1110 4109 amoeno

74 4154 145 4222 incia
166 4171 197 4222 ct
219 4153 381 4230 amitibus,
408 4157 448 4222 de
472 4175 536 4242 quo
555 4155 620 4220 rid.
643 4155 712 4220 eino
731 4153 945 4218 Monumenta
967 4151 1109 4240 ingenio·
