2792 4940
301 409 358 476 114
446 479 455 494 .
593 373 1036 454 rouro'urrurrm

299 593 375 638 nem
398 567 560 642 adferunt,
589 567 641 630 uti
666 568 718 630 hic
746 569 929 642 Prnrtanur.
968 569 1120 634 Cellariur
1145 571 1180 632 in
1211 569 1334 654 Geogr.

300 689 365 739 ant.
391 693 421 742 c.
449 687 503 749 15,
526 681 582 753 34.
617 669 756 734 llolllen.
773 673 809 733 ad
827 673 978 754 Stephon.
1000 695 1032 756 p.
1057 669 1139 752 109.
1178 671 1347 734 Harduin.'·

301 775 440 840 adPlin.
461 793 487 836 c.
509 773 530 851 l.
564 771 799 858 Welleliog.ad
818 775 950 836 Diodor.
981 787 1035 852 13,
1055 787 1114 853 39.
1151 772 1340 854 Diphthon·

301 897 377 964 gum
397 875 452 938 alii
473 873 619 959 probant.
646 875 811 955 inquibus
827 870 1014 936 Waffiurad
1031 875 1179 954 Thucyd.
1198 885 1230 950 8,
1254 887 1339 950 ruz.

302 981 448 1043 Gronov.
476 979 515 1038 ad
543 977 700 1038 Herodot.
725 977 759 1045 6.
794 986 873 1054 ¹4⁰·
921 975 1104 1038 Valckerrrr.
1128 975 1167 1037 ad
1192 993 1225 1054 9,
1253 975 1338 1038 116.

301 1095 333 1146 et
349 1085 383 1142 iu
398 1081 512 1162 primic
528 1075 768 1139 Drakenborch.
785 1079 824 1138 erl
844 1076 916 1138 Liv.
937 1090 993 1156 5¹·
1016 1079 1069 1146 16.
1090 1089 1123 1154 5.
1164 1077 1213 1137 Ex
1229 1076 1341 1138 numie

304 1181 464 1246 diversum
481 1181 533 1240 illa
555 1178 662 1239 dirimi
680 1197 744 1239 non
764 1175 881 1258 potest,
907 1179 1028 1238 cumin
1046 1179 1085 1240 iis
1101 1197 1167 1238 nou
1184 1191 1340 1239 occurrat.

294 1261 501 1364 'Num-quod
523 1281 651 1362 quidam
671 1275 778 1338 lerunt
801 1273 1025 1349 Ἐλαιουσιων,
1063 1280 1204 1362 pertinet
1228 1279 1342 1359 potine

303 1389 341 1448 ad
359 1379 530 1452 Maeuiam,
557 1399 685 1462 parvam
701 1379 829 1441 Ciliciae
845 1377 989 1450 insulam,
1013 1381 1102 1440 cuiue
1116 1374 1226 1462 pellrm
1240 1380 1343 1440 etiam

305 1499 447 1548 auctores
467 1480 586 1543 faciunt
603 1483 813 1550 mentionem,
846 1499 1038 1562 quamquam
1059 1482 1098 1542 ad
1120 1479 1260 1542 nostrum
1281 1499 1344 1562 op·

304 1589 418 1670 pidum
442 1584 550 1646 retulit
575 1579 722 1642 Gulleme
744 1583 778 1640 in
804 1581 948 1644 lliccion.
969 1581 1040 1643 Vol.
1067 1595 1099 1660 5.
1130 1603 1163 1661 p.
1191 1588 1271 1658 124.
1305 1594 1343 1642 et

305 1689 437 1770 quidam
458 1685 522 1745 ulii.
559 1677 682 1742 Vollioe
700 1683 796 1742 etiam
816 1681 877 1750 hic.
904 1695 987 1742 recte
1008 1681 1208 1762 improbante
1229 1692 1344 1742 contra

305 1787 516 1850 Hermolaum
548 1783 710 1844 Pintiano.
769 1783 930 1862 Equidem
962 1782 1124 1864 duplicem
1157 1779 1345 1862 scripturam

303 1884 466 1950 invaluille
482 1897 570 1965 puto,
603 1897 695 1962 arque
714 1881 752 1942 fic
771 1903 788 1941 r
809 1883 933 1968 vulgari
953 1897 1079 1944 tentum
1099 1901 1166 1944 non
1190 1883 1344 1944 omnium

304 1989 484 2051 editionum
507 1983 666 2046 discedere
688 1983 842 2045 dubitavi.

469 2187 498 2263 §.
528 2195 560 2262 a.
609 2182 827 2264 impellit)
878 2183 1266 2264 Edd.1.9.r'mpellitur,
1292 2187 1347 2244 uti

305 2290 343 2352 fir
370 2281 490 2370 prffim.
542 2285 714 2366 Rehdiger.
748 2283 830 2366 Lipl.
856 2277 1043 2375 submotos,
1076 2287 1166 2366 quod
1196 2283 1347 2368 repolui;

305 2381 346 2454 τὸ
368 2386 413 2448 ad
435 2385 552 2448 excidit
572 2386 606 2444 iu
628 2385 679 2446 ed.
697 2385 850 2446 Reinold.
879 2397 986 2463 1775.

381 2587 489 2672 quod
515 2587 674 2648 Sunium
684 2583 702 2666 )
751 2585 923 2670 Rehdiger.
939 2577 1120 2677 sommum
1154 2587 1247 2672 Prog.
1259 2578 1348 2676 sun-

305 2691 411 2762 nium,·
443 2689 528 2750 Gud.
553 2677 719 2776 Sirmsrurr,·
745 2687 883 2749 Vindob.
905 2687 992 2770 quod
1013 2685 1196 2778 vulfinum.
1248 2690 1348 2750 Tum

306 2791 390 2854 cod.
419 2791 566 2852 Ciaccon.
594 2785 676 2868 Lipl.
707 2786 790 2848 Gud.
820 2801 955 2858 vocant.
989 2789 1038 2848 uti
1067 2791 1103 2848 lit
1135 2787 1236 2869 saepe.
1287 2791 1349 2850 sic

311 2911 342 2964 1,
368 2911 400 2964 r,
423 2907 455 2956 2.
480 2890 647 2951 nominant
665 2901 699 2948 et
716 2889 930 2958 nominantur.
955 2887 1011 2948 ubi
1031 2889 1115 2950 vide.

383 3089 704 3170 praedurisque
711 3087 730 3170 )
779 3086 873 3150 Paris.
903 3103 936 3150 Ω.
969 3090 1141 3166 pervectis,·
1181 3088 1275 3151 Parii.
1305 3105 1346 3170 5.

305 3191 538 3272 pervectisqrre,·
569 3189 658 3271 l'rag.
680 3191 916 3270 provectirqrre;
945 3188 1084 3252 Vindob.
1105 3193 1348 3272 provectuque,-

305 3291 344 3352 Α.
363 3289 507 3350 Gronov.
524 3287 615 3350 MSS.
637 3301 667 3346 et
683 3309 780 3368 quem
800 3287 829 3350 le
845 3288 1028 3350 cousuluiffc
1046 3290 1188 3350 adfirmat
1206 3289 1346 3352 Ouden-

307 3390 397 3469 dorp.
418 3391 455 3448 ud
474 3389 532 3448 lul.
550 3385 637 3449 Cael.
658 3387 698 3448 de
716 3389 755 3450 B.
776 3389 814 3452 C.
837 3403 869 3467 5.
893 3387 950 3452 26.
977 3388 1092 3468 quibus
1110 3391 1231 3451 accedit
1251 3390 1344 3455 Cod.

306 3489 453 3553 Ciaccon.
479 3501 512 3547 et
525 3488 639 3570 reliqui
653 3507 692 3548 ex
707 3490 787 3550 meir
806 3489 1048 3570 praevenitque,
1077 3509 1135 3550 nec
1156 3491 1247 3551 aliter
1261 3492 1344 3556 edd.

304 3591 400 3652 ctiam
423 3588 569 3660 verullae,
601 3601 721 3670 praeter
743 3602 798 3667 15.
828 3591 862 3648 in
886 3609 946 3668 qua
967 3592 1259 3672 praetewectirque,
1287 3611 1345 3654 ue-
1383 3659 1384 3663 ,

304 3689 422 3770 queml
442 3687 591 3760 Vollurm,
617 3691 672 3770 qui
692 3691 812 3770 primur
834 3710 873 3750 ex
894 3691 1121 3750 recentioribus
1136 3691 1226 3751 dedit
1245 3713 1345 3772 prae-

305 3790 522 3870 tervectirque,
555 3809 630 3850 cum
652 3789 869 3852 lleiuolrliauie
895 3790 932 3850 ad
954 3791 1004 3851 ed.
1028 3793 1064 3851 A.
1089 3791 1248 3851 Grorrovii
1272 3803 1291 3874 lp
1299 3807 1341 3868 5.

303 3889 337 3950 in
358 3910 419 3970 qua
440 3891 581 3972 primum
603 3891 697 3951 rediit
715 3891 962 3972 precemurque,
994 3891 1081 3970 quod
1102 3892 1240 3978 reliquae
1260 3897 1342 3954 reti·
1382 3929 1383 3969 r

302 4003 451 4052 puerunt.
486 4009 690 4052 rzectrvcurr.
743 3991 859 4052 Melius
875 3993 1111 4066 praetervecto,
1136 3990 1278 4074 utsupra
1300 3995 1341 4058 in

300 4091 443 4152 Troade:
468 4085 524 4178 [ι.
551 4101 605 4168 ¹8·
630 4085 682 4177 m]
717 4091 802 4172 quod
825 4103 1055 4172 praetervectos
1081 4073 1177 4183 fitius
1212 4097 1341 4176 excipit
