2880 4940
304 453 368 522 ³⁷⁰
609 441 850 506 rourortn
884 445 1046 504 unm

309 619 399 692 tasse.
430 629 466 682 et
481 617 563 681 citro
581 635 650 680 non
670 629 736 680 tam
758 617 854 704 longe
874 620 995 682 recedit
1014 639 1031 680 a
1051 619 1192 684 lectione
1217 623 1341 695 vetuit

310 741 406 806 qoam
429 719 532 782 ebeno.
567 737 719 782 territe.
778 721 972 801 Deprecatio
1001 721 1065 782 loci
1096 725 1129 783 in
1154 726 1343 788 nominibut

310 839 433 907 aperta.
466 839 561 903 quam
576 819 716 883 Boccatii
736 819 797 880 iam
814 833 913 882 aetate
934 821 1034 883 libroe
1048 824 1170 886 nostroe
1194 823 1344 888 obsedisse

311 925 429 986 docent
442 941 488 992 ea,
510 940 590 1002 qrrae
610 921 650 982 de
665 920 803 984 mantue
817 919 839 984 s.
855 941 887 984 r.
904 923 1093 1004 Ethiopicue
1111 925 1188 985 hinc
1207 923 1345 1008 adspersa

310 1045 397 1088 nova
416 1021 484 1085 labe
505 1021 616 1084 relect:
642 1021 719 1113 Posi
734 1021 878 1084 laetiores
892 1037 1051 1104 apparent
1063 1027 1146 1104 agri,
1167 1045 1250 1108 quos
1265 1029 1346 1088 inter

317 1125 448 1188 Terotue
467 1123 574 1186 Berirri
600 1121 750 1185 Acedores
774 1120 934 1185 hubitant.
991 1125 1054 1186 Hic
1073 1127 1152 1188 adeo
1174 1146 1217 1186 ex
1239 1127 1345 1191 rerbie

313 1247 353 1288 ec
371 1223 458 1287 edere
477 1225 656 1286 inauditum
676 1223 831 1306 populum
853 1225 1020 1292 excitavit.
1045 1224 1205 1288 Aeedores.
1260 1229 1345 1290 Cum

313 1327 366 1390 illa
382 1326 578 1410 populorum
601 1327 733 1386 nomina
750 1325 803 1385 vel
819 1343 932 1386 eornm
947 1326 1061 1388 adfinia
1081 1345 1239 1408 nuequam
1260 1349 1346 1390 oom-

313 1441 545 1496 memorentur,
573 1425 610 1486 ad
628 1427 823 1488 coniecturae
841 1444 891 1488 rea
905 1426 1012 1489 rediit.
1060 1426 1224 1490 ttobenue
1238 1431 1347 1494 Titine

314 1529 349 1592 ln
372 1529 518 1591 locorum
541 1523 772 1588 controversor.
793 1523 874 1587 libro
891 1536 924 1604 8.
949 1545 1016 1609 cap.
1033 1539 1067 1606 3.
1090 1547 1122 1610 p.
1147 1543 1234 1592 too.
1258 1532 1346 1590 vult:

319 1629 488 1692 Terotlroes
503 1623 594 1688 edero
615 1624 741 1700 erbore3
771 1625 952 1689 Terothoee
971 1639 1078 1688 autem
1093 1630 1249 1712 explicat.
1274 1632 1348 1694 aliua
1420 1671 1433 1694 ι

315 1726 392 1794 dicti
417 1728 642 1813 Troglodytae.
693 1727 736 1790 At
754 1725 950 1798 Tdemtdoer,
974 1727 1067 1790 ssvel
1086 1727 1161 1791 dtur
1180 1747 1345 1816 congruat,

315 1849 495 1918 cognomen
517 1830 625 1912 potior
646 1827 706 1899 eli,
738 1827 823 1909 quod
844 1825 920 1889 telle
938 1825 1048 1891 Plinio
1065 1828 1100 1900 6.
1124 1842 1184 1911 34.
1205 1830 1228 1896 s.
1249 1851 1305 1912 ao
1329 1853 1347 1896 a

316 1933 490 1996 venatione
504 1927 712 2015 Troglorlytie
731 1923 922 2010 imposuerat
936 1927 1031 2001 lube,
1056 1931 1106 1992 uti
1122 1934 1222 1994 etiem
1236 1933 1347 1996 docuit

315 2029 442 2098 netues.
461 2033 495 2092 in
517 2049 597 2092 varr.
617 2029 689 2091 lect.
712 2027 769 2090 lib.
797 2047 827 2092 r.
853 2047 881 2091 e.
902 2025 938 2092 6.
964 2049 998 2111 p.
1022 2043 1077 2105 17.
1118 2032 1301 2113 liquidem.
1326 2033 1348 2094 sr

316 2134 387 2216 quia
407 2131 544 2216 populoe
566 2129 735 2200 desideret,
768 2129 877 2191 malim
901 2128 964 2189 huc
986 2149 1026 2192 ex
1045 2131 1235 2196 Ptolemaeo
1255 2145 1289 2214 4,
1312 2135 1346 2198 6.

317 2231 477 2298 Duredae
497 2243 530 2292 et
544 2227 643 2290 flabit
667 2231 830 2294 advocare.
882 2227 995 2310 Neque
1014 2244 1121 2302 tamen
1145 2230 1215 2316 ipse
1233 2237 1263 2299 ei
1285 2235 1351 2298 seu·
1428 2247 1439 2284 r

318 2335 438 2396 tentiae
459 2329 581 2402 insiliit,
615 2329 666 2393 sed
689 2332 723 2392 in
745 2328 889 2392 Turnebi
911 2333 1136 2395 emendatione
1165 2333 1354 2418 adquiescit,

318 2453 398 2518 quae
417 2435 449 2494 in
468 2434 537 2494 eine
559 2427 711 2494 adversar.
728 2432 761 2502 6,
775 2445 837 2510 19.
858 2430 1015 2514 propolita
1033 2433 1072 2494 lic
1093 2433 1211 2498 habet:
1236 2429 1355 2529 saltus

320 2533 493 2600 terebintho
513 2530 623 2594 arbore
644 2532 821 2602 ebundant.
844 2548 894 2602 et,
919 2545 1051 2596 notante
1072 2533 1199 2599 Ortelio
1222 2539 1259 2600 in
1282 2541 1353 2601 the·

319 2633 408 2698 sauro
424 2635 540 2718 Geogr.
560 2631 582 2695 s.
599 2653 631 2696 r.
648 2635 783 2694 Terotee
798 2633 900 2696 adsilit
918 2635 1015 2694 etiam
1029 2635 1168 2706 Sanctio.
1194 2651 1231 2701 et
1246 2661 1265 2702 a
1278 2639 1352 2702 Pin·

320 2737 407 2798 tieno
422 2747 584 2816 expromta
596 2733 650 2798 eli.
699 2733 836 2814 Propiue
850 2733 979 2814 quidem
999 2733 1053 2796 illa
1069 2739 1193 2798 accedit
1209 2741 1251 2800 ad
1268 2743 1353 2803 todi-

320 2857 395 2900 cum
419 2835 564 2919 vestigia,
593 2853 688 2916 qoam
709 2830 807 2895 Voffii
825 2831 933 2906 ebeno,
965 2835 1050 2916 quod
1074 2834 1252 2902 difficulter
1275 2841 1351 2903 inde

319 2957 419 3001 eruae.
469 2937 532 2998 Sed
555 2957 629 2998 cum
653 2935 813 2996 adiectum
839 2931 947 2994 ardore
966 2936 1128 3020 langueat.
1162 2959 1243 3002 cum
1265 2962 1352 3023 prae·
1438 3015 1439 3018 Ἴ

318 3051 403 3101 terea
417 3057 479 3098 una
492 3049 615 3098 tantum
630 3035 677 3106 fit,
701 3055 760 3096 nec
776 3053 838 3096 vox
855 3033 985 3107 insolite,
1011 3057 1091 3118 quee
1102 3035 1194 3101 secile
1212 3043 1249 3102 in
1266 3041 1351 3104 edere
1438 3027 1439 3040 ¹

320 3140 452 3200 traneire
474 3139 632 3218 potuerit.
662 3133 823 3219 ingeniose
845 3155 912 3196 non
936 3133 1055 3208 solum,
1081 3135 1133 3199 sed
1150 3153 1184 3200 et
1209 3161 1293 3204 vero
1310 3143 1348 3204 eft

318 3239 450 3302 fimilior
469 3237 563 3299 lectio
582 3237 804 3306 lieinoldiana‚
832 3257 927 3317 quam
948 3238 1080 3298 reddere
1096 3259 1164 3300 non
1186 3243 1345 3305 dubitavi.

317 3341 465 3407 Accedit,
494 3339 581 3420 quod
607 3339 678 3399 citri
705 3337 797 3399 arbor
824 3337 858 3396 in
882 3335 956 3397 silva
978 3335 1113 3400 Atlantie
1137 3345 1285 3414 montis,
1316 3345 1346 3403 iu

318 3439 505 3502 Maurorum
531 3439 687 3508 confinio,
712 3439 850 3498 maxime
869 3438 1024 3501 inclanait.
1073 3437 1125 3502 Cf.
1146 3441 1236 3503 Plin.
1260 3456 1294 3522 5,
1317 3463 1346 3504 r.

317 3555 351 3606 et
373 3553 427 3620 15,
446 3537 541 3618 29.s.
563 3551 619 3617 15.
661 3539 747 3600 Hinc
765 3537 917 3600 Martialie
937 3552 991 3616 14,
1009 3556 1069 3618 90.
1080 3537 1190 3630 selvae
1210 3545 1349 3605 Merum

309 3640 416 3736 filium
433 3659 503 3701 earn
520 3639 664 3701 arborem
682 3651 784 3701 vocat.
824 3639 903 3700 inde
916 3642 1013 3700 etiam
1026 3637 1121 3702 citrea
1133 3643 1220 3704 mala
1238 3641 1354 3707 ‘Eure-

322 3735 397 3832 potd
423 3733 513 3828 μῆλα
535 3755 705 3812 vocantur,
739 3739 999 3802 confirmantibus
1022 3741 1055 3800 id
1082 3741 1353 3825 interpretatione

320 3841 485 3928 glossarii,
522 3860 582 3903 nec
609 3828 690 3903 mile
721 3839 785 3900 huc
814 3836 995 3901 reseruntur
1025 3841 1140 3927 χρυσᾶ
1162 3842 1260 3932 μῆλα
1281 3845 1355 3908 τᾶν

319 3938 531 4032 Ἑσπερίδων,
565 3943 614 4004 uti
641 3941 795 4024 prolixiue
820 3937 966 4023 exposuit
984 3943 1151 4005 Selmafiue
1177 3947 1219 4006 ad
1244 3946 1359 4010 sntin.

320 4065 347 4110 e.
364 4055 425 4124 49.
443 4043 464 4105 s.
479 4045 539 4121 46.
556 4064 587 4126 p.
605 4063 647 4107 m.
665 4057 733 4118 270
750 4039 813 4124 sqq.
863 4040 995 4105 consuli
1010 4043 1105 4104 etiam
1119 4045 1229 4126 potest
1245 4045 1364 4110 Euta-

303 4145 406 4210 retu·
428 4146 467 4207 ad
487 4143 620 4209 Homer.
640 4141 747 4226 Odyls.
766 4157 799 4225 7,
825 4153 904 4221 ²¹5·
926 4163 958 4227 p.
975 4154 1058 4226 274.
1074 4143 1142 4210 Bel.
1174 4147 1236 4210 ubi
1257 4149 1369 4215 imni
