2788 4942
324 429 413 486 orn.
440 429 477 483 ιι.
520 423 553 482 c.
575 425 640 484 vn.
682 424 781 501 119.
1012 423 1071 485 eor

64 603 88 660 in
103 600 247 664 Gronovii
263 599 339 664 rhei.
355 603 394 664 V.
413 621 468 664 ιι.
502 599 544 662 tit
558 599 683 662 codices
699 617 811 662 omnea
826 598 904 661 liant
918 619 976 683 pro
991 621 1074 666 voce

65 695 180 794 ilienses.
215 705 343 766 Accedit
358 703 444 784 quoti
461 721 501 764 ex
517 702 634 764 Graeca
651 701 863 783 adpellatione
878 721 934 784 per
952 717 1076 784 etymo·

64 804 147 887 legiae
171 808 325 866 rationem
353 803 540 866 descendere
564 793 703 894 Iolenses
729 817 913 884 nequeunt,
948 807 1002 885 qni
1023 807 1077 868 Io·

65 896 162 994 leerrses
179 909 284 988 potius
305 905 459 969 efferendi
478 905 547 968 lint.
599 905 758 986 Vtrosque
782 902 892 968 miscet
917 907 1077 974 Harduin.

65 1009 93 1066 ad
109 1007 180 1068 Ptin.
196 1029 221 1070 o.
236 1009 258 1070 l.
311 1010 397 1070 Turn
412 1027 478 1070 non
496 1005 630 1070 solome
644 1003 806 1078 Pausania,
833 1005 883 1068 lod
901 1021 932 1069 et
947 1029 964 1070 a
982 1009 1078 1072 Livio

66 1107 173 1172 llieniaa
195 1107 338 1194 iptorum
371 1123 470 1172 aetate
497 1119 808 1178 commemorantur,
842 1129 999 1190 nusquam
1026 1112 1079 1174 Io·

66 1202 174 1300 lanifer.
210 1213 316 1294 Quare
332 1209 461 1273 ferenda
477 1229 544 1272 non
560 1207 603 1272 est
617 1210 799 1272 emendatio
813 1211 962 1278 Salmalii.
983 1232 1079 1294 quam

66 1312 144 1370 etiam
165 1327 320 1394 praeterea
345 1311 496 1374 refutarit
518 1309 761 1374 Drakenborch.
783 1311 822 1373 nd
847 1313 904 1376 Sil.
931 1313 1000 1378 ital.
1023 1331 1078 1386 12,

67 1411 134 1487 562.
160 1429 192 1475 et
212 1416 247 1474 in
269 1415 381 1498 primis
404 1415 444 1476 etl
464 1413 597 1476 Livium
620 1423 681 1494 40,
702 1430 757 1492 19,
776 1413 810 1478 6.
837 1413 893 1475 ubi
914 1416 958 1478 ita
982 1417 1081 1480 etiam

64 1515 172 1592 quidam
194 1516 357 1580 volebant.

126 1717 313 1802 Galeris)
354 1719 463 1785 Cibin.
485 1719 637 1792 Catarirr
662 1719 755 1805 Prag.
776 1719 919 1794 Colorisr
943 1741 1025 1784 varr.
1046 1725 1082 1786 in

65 1815 123 1882 edd.
139 1837 192 1894 27.
208 1835 240 1884 et
258 1839 318 1902 29.
341 1823 490 1896 Caralim
515 1822 688 1906 Rehrliger.
708 1820 865 1895 Collnrisr
888 1826 984 1886 ceteri
1007 1845 1081 1886 cnm

66 1921 239 1986 editionibus
264 1923 407 1996 celem
440 1925 576 1988 Vinettte
597 1937 724 1984 tantum
743 1923 893 1997 Caralis,·
927 1925 1083 1988 Schottrta

68 2018 183 2088 Calatia.
217 2043 420 2088 rzecttvcttn.
473 2027 566 2096 Sunt,
591 2026 648 2108 qni
674 2023 802 2086 Celeris
823 2025 971 2108 probent,
999 2029 1083 2090 inter

66 2141 129 2202 quor
145 2125 185 2187 eii
201 2141 233 2188 et
249 2127 450 2190 Hermolaus.
502 2125 571 2190 Nor
587 2139 695 2190 contra
709 2145 747 2188 ex
761 2127 926 2200 Strabone,
955 2125 1031 2217 [lib.
1050 2140 1083 2207 5.

67 2241 90 2300 p.
103 2246 139 2284 m.
161 2249 172 2287 t
180 2241 238 2306 55.
253 2228 274 2292 i.
290 2222 394 2314 224]
423 2227 596 2310 Stephano,
621 2229 670 2308 [h.
687 2231 736 2309 v.]
759 2229 954 2300 Ptolemaeo.
972 2229 1022 2310 [3.
1033 2233 1083 2312 3.]

67 2321 205 2400 Pausania,
236 2325 319 2418 [ro.
346 2345 402 2405 17,
427 2343 460 2408 5.
486 2329 542 2390 ubi
564 2330 663 2414 vulgo
688 2323 875 2418 Κάρναλις]
911 2331 1085 2402 Marciano,

70 2417 226 2508 [Martiano
247 2432 306 2494 lib.
323 2430 357 2496 6.
377 2453 409 2513 p.
427 2423 531 2516 199.]
559 2429 679 2500 Plinio,
705 2427 760 2518 [3‚
780 2445 834 2510 15.
855 2431 874 2494 s.
893 2425 947 2518 7.]
974 2434 1086 2514 utique

71 2523 180 2610 scripto,
209 2531 341 2596 Caralis
367 2529 588 2605 deferrdimrta3
623 2531 719 2594 stoubi
751 2533 840 2594 aliter
864 2531 1014 2616 [criptum
1040 2533 1086 2604 fit,

69 2647 210 2711 perperam
234 2633 384 2716 scripturn
412 2633 586 2697 afferentes.
638 2632 818 2716 stephanon
844 2635 1007 2698 Carolianr
1031 2653 1087 2696 no·

70 2735 161 2798 ruinat.
203 2755 405 2798 etttrtaove.
460 2735 589 2799 Coralis
621 2736 717 2798 etiam
746 2735 840 2799 Livio
866 2737 922 2800 lib.
946 2751 1004 2816 59.
1028 2733 1086 2798 fot.

72 2845 139 2907 218.
160 2829 245 2921 [cap.
263 2852 322 2916 39,
341 2829 394 2922 5.]
417 2829 470 2897 'ita
483 2849 605 2898 vexato
622 2829 723 2926 clnffie
743 2837 888 2898 Canalem
911 2831 1087 2925 [Carales]

70 2939 170 3009 terrrrr't,·
201 2953 234 3000 et
254 2940 312 2999 lib.
332 2953 388 3016 23.
410 2929 459 3022 [c.
476 2945 536 3020 40.
557 2931 623 3022 in.]
658 2937 804 2998 Morrlt'ttr
826 2937 963 3002 rrnor'htrs
985 2939 1089 3018 longis

70 3033 256 3100 adcaretem
282 3033 459 3127 [Carales]
479 3030 669 3129 srrbdrrctt's;
695 3041 836 3120 itemque
853 3041 938 3103 alibi.
975 3039 1088 3104 Strabo

71 3132 103 3208 [c.
116 3139 149 3221 1.]
172 3135 320 3228 lia'poltrr
335 3133 388 3202 troi
406 3139 573 3223 Σοῦλχοι.
600 3138 711 3203 Caeltr
733 3140 788 3220 [de
804 3142 840 3202 ll.
854 3141 895 3204 C.
914 3165 940 3212 t,
959 3156 1015 3221 5⁰·
1027 3141 1090 3220 ιιι.]Ὶ

72 3235 171 3303 Salclei.
208 3261 422 3304 crnccontvs.
484 3241 614 3306 Praetor
646 3255 789 3302 auctores
815 3243 887 3306 illoe
918 3245 1094 3326 adlegatos.

71 3337 113 3398 alii
129 3344 218 3403 etiam
236 3345 371 3406 eandem
390 3341 572 3425 scripturam
589 3344 787 3406 confirmant.
838 3345 890 3406 Sic
910 3343 1092 3406 Coralitorrr‘

71 3443 141 3518 apud
162 3443 309 3506 Orosrrrnt
331 3465 358 3514 ι,
383 3462 416 3507 o.
442 3445 539 3504 etiarn
565 3445 600 3504 in
622 3445 692 3506 cod.
717 3442 809 3530 Prag.
838 3465 933 3526 quem
959 3443 1092 3514 versari,

71 3541 116 3598 ttbi
131 3564 165 3606 ex
182 3543 235 3606 loo
253 3559 375 3608 tantum
387 3547 625 3628 Havercarnpua
641 3542 761 3627 profert
775 3545 939 3619 Calitonr',·
967 3545 1094 3607 Caralis

73 3639 174 3726 legitur
194 3649 290 3710 etiarn
308 3649 340 3709 in
363 3647 521 3710 Antonini
543 3648 649 3709 itiner.
675 3667 708 3729 p.
725 3659 771 3724 8⁰
791 3646 851 3729 sqq.
883 3648 946 3710 tab.
965 3647 1094 3708 Peutin·

73 3761 127 3824 get.
144 3761 173 3826 3.
192 3751 231 3810 D.
259 3765 291 3810 et
312 3749 429 3834 Geogr.
449 3751 597 3812 Ravenn.
622 3761 655 3826 5.
679 3749 737 3810 26.
771 3761 804 3811 et
827 3769 865 3812 ert
888 3751 1017 3830 antiquo
1039 3745 1094 3810 ino

74 3847 168 3911 codice
185 3864 272 3912 notat
288 3851 419 3914 Grotius
438 3852 471 3912 in
488 3849 646 3910 Martiano
662 3847 788 3931 Capella
809 3871 836 3914 c.
859 3851 880 3914 l.
913 3851 971 3912 ubi
995 3850 1095 3933 vulgo

77 3943 188 4011 Galeris
213 3951 321 4016 fertur.
375 3954 550 4034 Vtrumque
574 3951 671 4014 etiarn
702 3953 839 4012 variatur
871 3953 905 4014 in
931 3951 1096 4014 Strabonis

75 4043 151 4115 librie
164 4071 189 4116 c.
206 4054 229 4117 l.
261 4053 494 4120 Claudianode
513 4053 552 4118 il.
568 4053 699 4116 Giitlon.
717 4073 749 4118 r.
768 4066 853 4133 521.
879 4053 936 4116 ubi
951 4053 1096 4116 ttetnsrus
