2880 4940
349 435 440 494 tro.
470 437 524 492 111.
574 437 608 494 c.
630 437 710 496 vm.
753 435 779 506 ς.
804 449 834 506 7·
1064 449 1122 519 ιρι

77 587 168 692 liuor
195 625 228 672 et
253 607 318 691 ipre
344 607 497 692 proferas
522 607 565 670 eo
590 609 771 670 oanvnnu·
796 610 831 670 n
857 608 1050 694 description
1079 615 1125 676 du

81 709 178 774 Golfe
195 711 352 793 Arabique
366 731 411 773 ou
426 713 466 773 de
487 714 514 772 la
531 731 601 772 mer
621 731 737 795 rouge.
766 731 845 792 «luae
861 713 979 774 adnexa
997 715 1040 776 eli
1055 717 1124 778 eiue

77 815 164 875 libro
188 813 362 876 Memoiroe
384 811 433 874 sur
456 815 610 895 l'Egyple
635 833 667 894 p.
690 815 773 891 263.
827 813 934 895 Quare
958 829 1124 898 acceptum

79 915 220 976 reddidi.
273 916 440 978 Pintianus
466 915 564 1006 nimio
590 915 736 975 audacter
763 915 796 973 in
826 915 950 977 codices
975 917 1123 1001 grallulur

80 1019 254 1097 omniaque
276 1019 356 1078 rnire
379 1017 523 1077 invertit.
576 1017 626 1076 De
644 1033 724 1076 vooe
745 1013 864 1075 Coloba
886 1015 956 1078 satis
977 1019 1122 1098 probabi·

79 1119 156 1178 liter
173 1117 318 1180 disseruit
335 1114 470 1182 Voffius.
507 1119 546 1178 lu
563 1117 695 1200 reliquie
709 1117 818 1179 minor
839 1115 1121 1210 obstat'dubitatio,

78 1221 185 1281 immo
209 1220 308 1282 nullu.

158 1413 359 1515 Arsinoe)
410 1425 510 1486 Vatic.
529 1437 562 1503 3.
580 1417 719 1514 offirice,·
742 1423 834 1509 Prag.
858 1415 1010 1513 offyriru
1037 1423 1122 1508 Lipl.

14 1545 26 1560 ·
80 1525 192 1586 Hovn.
216 1523 344 1616 ostric&
368 1525 464 1589 Paris.
484 1543 516 1590 2.
538 1521 681 1614 Afinio&
707 1527 881 1610 Ilehdiger.
904 1519 1044 1618 arsynoe
1070 1529 1121 1588 uti

77 1625 199 1709 legitur
220 1629 252 1686 in
269 1627 389 1690 Clrron.
411 1625 548 1688 l’elcholi
570 1648 602 1708 p.
622 1645 679 1705 29.
703 1631 715 1705 (
723 1628 773 1689 ed.
794 1629 926 1704 Venet.)
948 1629 1042 1689 ceteri
1050 1671 1059 1698 ,
1086 1631 1122 1690 in

78 1729 200 1808 quibus
227 1727 335 1791 Cibin.
365 1726 460 1790 Puris.
489 1747 519 1790 1.
550 1729 664 1790 Vener.
693 1728 767 1810 (qui
793 1729 882 1788 addit
902 1725 966 1821 est)
991 1727 1122 1819 Arfinoe

79 1848 158 1888 curn
183 1829 342 1892 veteribus
371 1829 585 1901 editionibus;
629 1841 755 1889 tantum
779 1827 892 1890 vitiose
921 1850 976 1892 11.
997 1827 1118 1919 slrstne.

78 1929 251 1992 Boccoliue
264 1951 290 1992 c.
308 1931 330 1994 l.
351 1922 498 2021 Arsrnoe.
535 1931 623 1992 Tum
639 1927 734 1994 Poris.
755 1950 784 1993 1.
804 1931 959 2003 Boenice,·
983 1932 1120 1996 vindob.

79 2031 234 2102 Bernice,
266 2033 407 2114 plerique
436 2033 603 2102 Beronioe,
637 2033 687 2092 uti
714 2032 787 2092 edd.
813 2033 851 2092 ud
879 2031 1120 2094 Gronovianam

81 2144 146 2212 4ο.
171 2133 238 2215 post
257 2135 333 2194 eliae
349 2135 511 2205 Berenice,
538 2133 586 2193 uti
609 2133 685 2194 dant
699 2133 784 2198 Gud.
808 2134 921 2196 Venet.
940 2133 1120 2218 *lleluligen

79 2235 210 2315 aliique.
245 2235 317 2297 Viri.
339 2233 438 2315 supra.
472 2235 639 2297 Bocoaliuo
654 2255 681 2298 c.
695 2233 717 2296 l.
737 2233 917 2306 Beronices,
942 2247 975 2296 et
995 2254 1034 2296 ex
1047 2237 1122 2300 edd.

88 2351 147 2414 15.
171 2353 229 2398 20.
253 2337 418 2398 Buronice.

162 2551 243 2601 tum
262 2530 379 2630 silvo
395 2538 473 2620 —)
524 2538 660 2600 Leviora
682 2552 714 2600 et
735 2557 814 2619 quoe
836 2535 958 2599 lucilius
978 2539 1016 2599 ad
1040 2540 1124 2600 orrli·

81 2661 163 2703 nem
177 2643 330 2712 redeunt.
352 2641 426 2701 hinc
444 2641 651 2701 obiicinntur.
692 2641 803 2700 Vener.
826 2661 895 2698 cnm
907 2635 1009 2728 filoa.
1049 2639 1124 2703 Post

82 2741 173 2826 Lipl.
198 2743 340 2819 thanum.
386 2743 445 2802 Ed.
465 2754 498 2819 8.
520 2739 672 2801 haberium
681 2761 694 2812 ,·
726 2741 803 2802 uliae
824 2759 896 2800 curn
923 2741 1015 2802 MSS.
1038 2739 1125 2802 hebe-

80 2866 182 2917 num3
215 2857 338 2904 tantum
362 2843 445 2904 Gud.
469 2843 561 2924 Prag.
583 2839 720 2903 ebenum.
770 2842 815 2901 lto
839 2841 1006 2902 voroalibi
1029 2845 1127 2904 etiam

81 2945 251 3026 adspiratio
272 2947 460 3014 fluctuatur,
493 2945 597 3006 veluti
627 2943 660 3012 in
688 2943 821 3024 Virgilio
844 2942 959 3024 Georg.
984 2958 1016 3011 o,
1043 2959 1123 3017 ¹¹7·

80 3047 142 3110 ubi
166 3046 206 3110 cf.
227 3041 473 3108 Eunneneffiue.
523 3043 716 3124 Plerumque
738 3057 844 3103 tamen
861 3043 959 3104 hodie
981 3043 1013 3102 in
1030 3043 1123 3106 bonis

81 3149 285 3212 editionibus
305 3149 483 3217 omittitur,
510 3166 538 3208 e.
556 3166 587 3230 g.
609 3145 644 3204 in
662 3145 793 3227 Virgilio
809 3163 836 3205 c.
853 3145 873 3204 l.
910 3145 1038 3206 Lucano
1058 3145 1125 3206 Ou-

82 3251 259 3331 dendorpii
280 3269 335 3322 ro,
358 3263 438 3324 117.
463 3251 556 3326 (narn
578 3247 783 3307 Burmannus
804 3245 981 3325 praernisn)
1014 3245 1124 3308 Plinio

88 3367 148 3420 ια,
167 3364 201 3430 8.
224 3350 246 3414 s.
265 3361 300 3429 4.
325 3351 466 3431 aliisque.
517 3349 547 3408 Τ
551 3360 681 3416 nentur,
709 3348 763 3427 qui
784 3365 822 3407 ex
845 3347 997 3408 Hebraico
1018 3347 1126 3431 lingue

82 3473 203 3516 vocem
219 3465 377 3532 repetunt.
404 3453 438 3510 in
455 3451 494 3511 iiu
511 3449 712 3510 Becmunnus
727 3449 767 3508 cle
782 3446 871 3530 Orig.
890 3448 925 3508 L.
943 3447 978 3508 L.
995 3469 1026 3530 p.
1040 3463 1124 3512 221.

82 3553 141 3617 sed
165 3568 197 3616 et
215 3555 412 3634 Dauoqueius
433 3555 467 3612 in
485 3551 627 3634 orthogr.
650 3550 684 3610 h.
709 3569 741 3614 v.
767 3549 881 3628 probat
902 3549 983 3628 quasi
1000 3549 1127 3611 Graeci·

82 3657 324 3718 accommodata
353 3655 477 3738 magio„
500 3653 555 3714 etsi
579 3653 612 3711 in
639 3652 677 3711 iis
702 3649 844 3710 molliori
867 3647 943 3712 lono
967 3649 1124 3712 efferatur.

84 3757 255 3820 Nimirum
272 3759 315 3818 ita
335 3754 414 3818 solet
435 3755 532 3818 etiam
550 3755 585 3813 iu
607 3753 717 3814 multis
737 3750 817 3812 eliis.

164 3957 355 4041 dioryge)
389 3957 536 4021 Claccon.
554 3953 696 4035 diorego‚·
716 3951 855 4036 Relnlig.
872 3949 1018 4034 dyorige,·
1042 3951 1125 4034 Lips.

86 4061 177 4124 Gud.
200 4061 372 4142 diorigine,·
403 4061 546 4142 plerique
567 4057 637 4126 alii,
665 4057 713 4114 uli
737 4055 861 4115 edtler.
881 4069 912 4116 2.
934 4067 964 4131 3·
983 4065 1017 4130 4.
1036 4067 1068 4130 5.
1089 4072 1123 4132 9.

86 4183 148 4230 n.
166 4163 304 4244 diori303
330 4163 469 4244 reliquae
485 4159 560 4224 edd.
577 4157 717 4240 dioryge.
744 4167 948 4217 uzscuvcuu.
983 4153 1126 4241 diorige)

713 4258 744 4318 T
771 4271 793 4320 Ω
