2836 4940
337 403 397 470 aaa
632 395 880 455 roucourt
920 395 1083 453 nauta

338 569 564 636 Condanovia.
604 569 712 632 Scribe
739 569 967 634 scandinavia.
1009 573 1062 634 Sic
1082 590 1198 652 quoque
1216 569 1246 630 io
1263 567 1323 649 opti·

334 677 454 737 miset
481 667 703 754 antiquiffimie
731 671 830 734 Plinii
853 672 1048 735 membranis
1077 670 1216 754 scriptum
1240 670 1322 750 reperi,

334 795 402 838 non
417 774 642 837 scandinavia.
696 775 782 836 Haec
796 773 839 836 ett
855 773 908 834 illa
922 774 1004 836 vasta
1021 773 1227 856 septentrionis
1240 771 1322 852 peniu-
1371 801 1372 816 .

335 875 415 948 luia,
447 895 525 958 quae
547 888 579 938 et
600 871 733 954 Scandia
757 889 789 936 et
809 875 977 938 barbaricis
1000 875 1189 958 temporibus
1209 871 1322 936 Scaudzir

333 976 396 1039 luit
410 978 579 1060 appellata,
606 997 623 1037 a
639 979 792 1038 viciniore
807 978 875 1038 eius
890 993 994 1060 parte,
1023 997 1100 1058 quae
1115 979 1205 1042 Scene
1218 975 1262 1036 vel
1274 974 1323 1034 Sto
1371 977 1372 1048 ζ

335 1099 375 1142 ne
400 1079 579 1141 etiamnum
605 1079 729 1140 dicitur.
766 1097 913 1142 vestive.
973 1079 1074 1164 Quod
1099 1076 1189 1140 suerit
1209 1075 1322 1139 omniun
1371 1071 1372 1106 l

333 1179 553 1250 celeberrima,
586 1181 703 1242 merito
720 1179 979 1242 Codanoniama
1008 1181 1078 1242 sunu
1099 1181 1220 1243 Codano
1238 1177 1323 1236 dictam
1371 1255 1372 1262 ἵ

332 1296 424 1366 putat
447 1283 614 1344 Vadimus.
674 1283 717 1344 At
738 1282 853 1351 obstat,
886 1282 1060 1363 quodiam
1084 1277 1322 1344 Volltusmonuil
1371 1263 1372 1344 l

332 1384 547 1468 etymologiae
568 1385 660 1446 ratio.
711 1385 806 1446 Pauci
830 1395 935 1444 tamen
958 1379 1068 1446 Voffio
1091 1378 1324 1448 adleuleruot‚iu

332 1486 448 1566 quibus
470 1499 593 1567 praeter
615 1486 836 1548 Gronovianas
862 1486 930 1548 illae
952 1485 1114 1548 editiones
1139 1485 1211 1548 novi
1231 1495 1323 1542 tantum
1371 1465 1372 1556 l

332 1587 505 1650 Cellarium
525 1587 560 1648 in
583 1586 649 1650 dill.
675 1588 714 1648 de
736 1585 874 1650 Cimbris
895 1599 928 1648 et
950 1589 1112 1650 Teutonis
1132 1591 1159 1666 §.
1177 1601 1206 1660 7.
1234 1596 1260 1644 et
1277 1576 1324 1661 pult

331 1689 572 1752 Schloetzerum
595 1690 630 1750 in
653 1687 736 1772 rlllg.
757 1689 862 1750 Welt-
874 1687 1065 1752 Gelcbicbte
1082 1691 1137 1750 der
1157 1705 1261 1748 ueuern
1276 1680 1323 1741 Zei-

329 1803 386 1853 ten
405 1791 444 1850 T.
468 1803 521 1866 13.
546 1811 578 1872 p.
598 1790 657 1854 66.
698 1789 863 1852 Salmasius
892 1791 989 1852 etiam
1012 1790 1243 1854 scandinaviam
1262 1793 1323 1844 certe
1371 1769 1372 1830 i

331 1912 399 1952 earn
418 1889 572 1952 existimat
587 1891 624 1952 ad
639 1891 787 1952 Solinunt
802 1911 868 1972 cap.
883 1904 939 1969 23.
955 1889 974 1952 l.
989 1908 1050 1958 2⁰.
1064 1913 1096 1975 p.
1111 1913 1153 1954 m.
1168 1892 1237 1967 164·
1255 1885 1322 1946 culm

326 1991 421 2054 simul
452 1991 535 2052 varia
564 2005 793 2052 commemorat
826 2011 865 2052 ex
897 2005 1068 2055 auctorum
1102 1993 1185 2053 libris
1213 1986 1322 2050 nomios.
1371 2015 1372 2068 p

328 2094 446 2156 Contra
468 2093 615 2152 renititur
636 2095 806 2173 minusque
829 2093 1032 2156 nocellariam
1051 2079 1147 2157 vollri
1167 2088 1322 2154 emendatio·
1371 2079 1372 2150 l

327 2215 402 2255 uem
425 2195 611 2275 pronuntiat
635 2193 843 2255 lludbeckius
863 2195 898 2254 iu
922 2195 1079 2257 Atlantica
1101 2197 1137 2258 P.
1157 2215 1184 2258 t.
1209 2211 1264 2272 cap.
1282 2185 1319 2246 15·
1371 2175 1372 2260 i

328 2299 359 2374 §.
378 2311 410 2356 a.
430 2316 462 2376 p.
478 2303 562 2373 492.
591 2295 663 2376 quia
678 2314 712 2356 re
731 2293 795 2378 ipsa
808 2309 842 2356 et
855 2295 1000 2357 locorum
1017 2297 1077 2358 srtu
1092 2307 1233 2380 congruat
1248 2288 1321 2352 cnla·
1371 2283 1372 2352 l

326 2399 441 2466 nonin,
467 2415 545 2476 quae
563 2395 599 2456 lit
615 2397 752 2458 Sueonia
769 2409 802 2458 et
819 2396 989 2482 Nurwegia
1006 2399 1046 2458 ad
1066 2399 1166 2459 finum
1187 2393 1320 2457 Gadaum
1371 2387 1372 2436 f

326 2500 348 2560 i.
368 2519 395 2560 e.
416 2497 607 2566 Gothicum,
636 2497 786 2578 limulque
806 2517 871 2579 cap.
891 2516 926 2578 9.
954 2499 1078 2580 prolixe
1097 2500 1136 2561 de
1151 2490 1320 2561 scandinavia
1371 2531 1372 2550 r

326 2598 383 2662 luo
407 2619 496 2660 more
519 2597 652 2660 disserit.
715 2600 827 2660 Acrius
853 2599 939 2660 illam
969 2597 1071 2662 voffii
1101 2601 1258 2662 lectionem
1279 2594 1320 2654 iru-

323 2716 468 2786 pugnant
498 2720 556 2780 pro
591 2699 776 2763 Codanouia
809 2699 989 2762 Grammius
1018 2703 1054 2763 in
1093 2699 1270 2784 praefatione
1294 2689 1321 2751 td

325 2803 448 2864 Cirubr.
472 2803 556 2864 liter.
580 2821 610 2883 p.
630 2811 687 2882 34.
713 2815 745 2862 et
769 2800 948 2863 Aucherlen
970 2823 1000 2884 p.
1023 2817 1093 2882 175
1111 2802 1170 2884 qu.
1185 2821 1209 2864 c.
1225 2800 1243 2860 Ι.
1279 2793 1322 2854 lllt

324 2905 473 2966 codicum
486 2891 899 2984 auctoritate'librorumque
916 2903 1078 2964 editorum
1095 2906 1155 2966 iitle
1168 2904 1262 2970 nitur;
1282 2894 1322 2952 hic

323 3005 382 3065 alia
404 3020 568 3066 momenta
583 3003 680 3065 addit.
734 3005 803 3086 Qui
819 3005 918 3074 euim,
941 3005 1056 3086 inquit,
1083 3005 1163 3066 finus
1177 3001 1230 3064 elle
1244 2993 1322 3080 pollet

322 3106 483 3174 Codanus,
507 3105 526 3162 fi
543 3105 766 3172 scandinavia,
787 3125 865 3186 quae
880 3106 962 3167 latus
977 3108 1045 3168 eius
1061 3107 1204 3168 dextrum
1220 3097 1322 3162 euadit.

320 3208 355 3266 in
377 3205 432 3264 illo
455 3203 522 3286 ipso
543 3205 611 3265 sinu
632 3207 715 3266 inter
728 3203 778 3266 lex
801 3203 894 3292 [crim
911 3202 1100 3294 Gronovio]
1124 3204 1231 3268 insulas
1251 3202 1322 3260 iuue-

320 3306 464 3371 niretur‘i
514 3305 632 3367 Nonne
657 3307 871 3388 incompertae
901 3310 1129 3391 magnitudinis
1159 3305 1235 3366 foret
1256 3301 1322 3368 linui

320 3411 486 3478 Codanus,
513 3405 759 3470 srScanrlinovia
780 3409 993 3490 incompertae
1010 3407 1231 3494 magnitudinis
1243 3399 1322 3463 inlula

322 3507 383 3598 [ex
399 3510 504 3572 Plinio
521 3519 554 3586 4,
574 3525 631 3589 27.
648 3507 669 3572 l.
694 3503 769 3594 15.]
791 3512 824 3570 in
841 3511 895 3571 illo
914 3513 1039 3573 iaceret.
1090 3513 1186 3590 Porro
1208 3503 1320 3567 omuino
1371 3497 1372 3560 3

318 3611 411 3674 fullos
434 3610 634 3680 interdieta,
666 3611 754 3671 liita
779 3609 944 3694 loripsrllet.
999 3612 1079 3673 Nam
1104 3627 1190 3680 tunc,
1214 3601 1319 3668 ficfrre
1371 3673 1372 3680 ἵ

317 3714 439 3797 pergit,
466 3713 709 3776 scandinaviam
733 3713 914 3774 incolebant
935 3716 1086 3784 Suiones,
1117 3715 1244 3777 Sitones,
1268 3703 1318 3764 Gu·
1371 3731 1372 3758 t

317 3828 377 3885 tae,
403 3813 601 3875 Hillevones.
640 3815 785 3894 Denique
805 3813 1013 3895 improbabile
1035 3815 1085 3885 est,
1111 3814 1215 3894 liquis
1232 3804 1318 3868 cratin
1371 3781 1372 3814 ¹

317 3916 414 3986 illud,
446 3913 572 3976 miseras
588 3915 793 3976 Thuitonum
816 3917 961 3996 reliquias
982 3919 1123 3998 potentia
1146 3929 1177 3975 et
1197 3907 1316 3970 multitu·

318 4019 393 4078 dine
410 4015 558 4098 luporalle
574 4017 715 4100 integros
735 4015 817 4098 iplos
834 4031 957 4080 veteres
972 4020 1006 4077 in
1021 4017 1244 4099 expeditionem
1257 4023 1314 4088 pro·

316 4117 416 4182 fectus
439 4132 471 4180 et
494 4137 512 4180 a
535 4115 638 4180 Mario
658 4120 692 4178 in
715 4121 880 4202 provincia
897 4119 936 4182 ad
961 4119 1205 4182 intemecioucru
1221 4104 1312 4173 caesos·
