2836 4940
322 403 382 470 uo
609 393 859 454 tontotttt
901 395 1064 452 Mente

395 579 589 630 tantum
609 559 829 659 spatium
838 565 856 648 )
906 567 1054 632 Ciaccon.
1075 557 1325 658 tantumspotio:

319 667 404 752 Lipf.
424 671 522 732 vatic.
539 669 623 732 Gud.
645 669 736 754 Prrg.
759 667 851 737 Parii.
875 689 903 733 ι.
923 687 954 734 2.
978 671 1082 732 Hero.
1107 671 1238 732 vindob.
1258 669 1326 730 lieh-

319 773 419 856 diget.
444 783 535 832 teuto
552 762 685 862 [ματίῃ
719 770 827 834 Cibin.
849 784 882 832 et
903 771 955 832 alti
977 785 1105 834 tantum
1117 763 1264 864 spatium,
1287 770 1324 830 uti

318 874 435 958 legitur
456 874 490 932 in
510 871 723 946 editionibue;
765 873 996 936 lieinoldienae
1018 889 1123 936 tamen
1146 873 1243 934 ferunt
1268 885 1324 932 tan·

319 987 386 1036 tunt
410 965 544 1066 spott'0,·
585 975 691 1038 Horu.
724 975 815 1058 Prag.
848 977 1007 1037 omittunt
1039 975 1174 1036 verbutu
1198 987 1323 1052 oenrpot.

319 1077 405 1140 Cum
428 1089 521 1136 tanto
538 1075 644 1138 iocum
662 1095 729 1140 non
750 1075 879 1146 habeat,
912 1076 1031 1138 librarii
1052 1078 1085 1138 id
1103 1071 1323 1138 accommodatio

317 1179 468 1239 videntur
483 1177 520 1238 ad
535 1169 665 1268 spatio,
690 1177 775 1260 quod
792 1199 906 1240 verum
923 1193 1015 1260 puto.
1065 1181 1190 1240 Dorent
1207 1178 1276 1244 hoc,
1297 1174 1322 1234 ni

318 1277 418 1348 fallor,
448 1277 612 1360 sequentia,
641 1281 673 1340 in
691 1278 805 1360 quibue
824 1293 978 1362 quantum
996 1279 1036 1340 ad
1059 1293 1185 1340 tautum
1203 1275 1323 1344 refertur,

318 1383 403 1464 quod
425 1399 489 1442 uon
514 1379 612 1462 potest
632 1383 784 1464 intelligi,
819 1381 837 1440 ft
859 1379 991 1462 spatium
1015 1379 1224 1464 subpleverir,
1246 1395 1277 1438 ut
1292 1395 1323 1438 ne

319 1485 439 1553 dicatu,
473 1484 629 1544 inutiliter
649 1483 688 1544 stc
709 1496 742 1544 et
764 1480 877 1566 frigide
898 1483 995 1542 etiam
1016 1483 1113 1544 adiici
1136 1481 1227 1543 verba
1245 1497 1323 1564 qtton·

318 1595 385 1646 trun
410 1619 457 1632 -
486 1605 540 1643 cur
557 1605 592 1644 us
613 1581 666 1672 efl.
716 1585 877 1668 Significat
903 1597 1010 1644 autem
1024 1574 1142 1673 spatio
1162 1584 1256 1644 litoris
1273 1599 1321 1640 tm·

317 1685 398 1752 bitu,
424 1691 614 1753 extentione,
642 1685 693 1744 vel
713 1687 846 1746 omnino
867 1685 943 1746 hinc
959 1681 1094 1766 spatioso
1109 1687 1210 1746 litore.
1256 1681 1322 1743 Ntrn

317 1791 357 1848 de
383 1789 442 1846 inci
466 1787 684 1868 magnitudine
708 1783 794 1868 saepe
821 1785 922 1848 noster
943 1785 1092 1858 adhibet,
1120 1807 1212 1868 quae,
1242 1783 1322 1865 qualit

315 1889 386 1956 fint,
412 1909 450 1947 ex
467 1907 549 1948 nexu
565 1887 770 1946 iudicandum
784 1887 835 1950 en.
886 1888 939 1950 Sic
961 1907 989 1957 t,
1004 1899 1040 1966 4,
1062 1907 1094 1951 1.
1126 1909 1155 1958 t,
1178 1885 1207 1952 6.
1224 1888 1262 1948 io.
1283 1913 1321 1932 -

315 1990 399 2050 Turn
421 1987 529 2048 favent
546 1989 639 2048 etiam
662 1991 796 2054 codices.
845 1987 998 2052 Ceterum
1019 1991 1110 2070 quod
1129 1984 1320 2052 Saintoftottd

314 2091 414 2152 Soiiu.
434 2111 463 2171 p.
488 2109 532 2150 m.
552 2101 634 2166 731.
659 2091 699 2148 ite
721 2089 807 2149 hunc
832 2089 940 2149 locum
963 2088 1075 2151 refert:
1119 2105 1212 2152 tauta
1226 2078 1320 2180 finano

312 2189 415 2252 litoris
435 2201 586 2274 occupat,
613 2192 767 2252 memoria
788 2209 865 2254 euru
886 2190 921 2250 id
940 2191 1059 2274 lepfuto
1079 2190 1183 2254 feciffe
1202 2203 1281 2273 puto.

385 2390 692 2476 quadraginta)
730 2391 824 2456 Paris.
843 2409 874 2458 2.
894 2406 927 2472 3.
949 2393 1124 2478 utingen
1143 2389 1317 2477 uptun.
1379 2349 1380 2431 i

312 2493 407 2558 Parii.
436 2495 539 2556 Havn.
568 2495 679 2556 Venet.
705 2495 841 2558 Vindob.
862 2508 893 2558 et
914 2497 1072 2557 editiones
1094 2498 1170 2558 inde
1191 2517 1206 2555 a
1228 2491 1317 2576 primis

304 2587 498 2689 sanginem
536 2595 619 2658 Gud.
644 2597 697 2658 tx.
724 2615 782 2678 pro
805 2597 870 2658 Lx.
904 2597 1011 2660 Cibin.
1038 2611 1071 2658 et
1090 2595 1173 2659 forte
1195 2592 1316 2657 Periit.

310 2697 547 2782 quadraginta,
573 2699 658 2779 qnod
680 2699 775 2760 etiam
797 2718 835 2760 ex
856 2699 965 2760 codice
988 2712 1119 2760 notetur
1140 2701 1172 2758 in
1188 2697 1254 2758 edd.
1271 2706 1316 2766 27.
1378 2753 1379 2788 3

311 2813 344 2862 et
367 2816 423 2877 29.
450 2799 581 2882 etpost,
608 2813 788 2882 praeeunte,
818 2799 852 2860 ni
876 2796 974 2870 fallor,
1006 2801 1124 2862 Vineto
1151 2793 1316 2859 Voffutsre
1378 2803 1379 2889 t

310 2899 433 2986 posuit,
467 2901 553 2961 nude
576 2899 614 2960 ab
642 2901 710 2960 aitis
736 2900 778 2961 eit
808 2913 982 2984 receptum.
1017 2918 1221 2962 rzscttvcrrn.
1266 2895 1316 2956 Pro

302 2995 478 3094 sexaginta
499 3021 516 3061 e
537 3001 623 3062 libris
642 2999 765 3081 reposui
787 2999 1019 3084 quadraginta,
1053 3001 1216 3084 quomodo
1235 2997 1317 3056 etiarn

309 3105 431 3164 Plinius
453 3102 508 3161 lib.
527 3103 559 3163 6.
577 3121 643 3182 cap.
666 3119 719 3181 17.
746 3097 789 3190 [f.
808 3098 888 3190 21.]
924 3122 1065 3166 voservs.
1119 3102 1317 3163 Numerortnn

310 3203 393 3288 frgua
411 3201 464 3260 LX
480 3214 513 3261 et
530 3203 585 3260 XL
606 3201 695 3262 facile
711 3202 829 3264 turbari
850 3217 1034 3286 potuerunt.
1085 3205 1198 3266 Vtrum
1217 3215 1316 3261 verum

307 3303 361 3374 iit,
397 3305 450 3363 vix
472 3302 559 3364 iiatui
582 3302 667 3384 poiie
691 3305 817 3366 ridetur
838 3305 871 3392 io
896 3319 978 3366 tauta
1001 3318 1149 3366 veterum
1170 3315 1316 3364 auctonno
1377 3343 1378 3347 ,

308 3404 496 3468 dissensione
513 3405 552 3466 tie
569 3404 691 3466 ambitu
711 3419 744 3466 et
763 3405 963 3488 longitudine
985 3407 1107 3478 Indiae,
1141 3406 1187 3466 uti
1206 3405 1315 3483 adparet

308 3529 348 3568 ex
373 3507 527 3568 Strabone
549 3505 603 3566 lib.
633 3518 687 3582 ¹5·
712 3526 742 3586 p.
764 3517 849 3585 474.
873 3505 893 3569 f.
917 3507 1001 3586 639.
1040 3509 1169 3568 Arriano
1192 3507 1222 3564 in
1242 3499 1315 3563 indi·

307 3611 351 3670 cie
370 3629 434 3689 cop.
455 3623 487 3683 5.
512 3619 544 3668 et
566 3607 671 3668 l'linio
694 3607 727 3676 6.
751 3623 808 3670 αι.
832 3605 853 3669 f.
879 3623 933 3683 17.
984 3609 1082 3691 Quod
1108 3609 1129 3668 [i
1152 3602 1249 3667 curfur
1268 3599 1313 3659 iiie

306 3711 483 3772 maritimus
505 3705 577 3770 facit
597 3723 689 3771 1200
713 3707 822 3778 stadia,
849 3709 881 3768 io
902 3708 1056 3770 Strabone
1074 3723 1106 3770 et
1127 3709 1249 3770 Arriano
1268 3701 1311 3760 ha·
1376 3779 1377 3792 χ

305 3811 375 3882 bet,
409 3831 473 3892 quo
501 3809 530 3870 fe
561 3823 686 3872 tueatur
713 3829 868 3871 numerus
892 3809 1126 3891 qnadraginto,·
1154 3799 1310 3898 sexaginta
1376 3795 1377 3805 ’

307 3931 396 3982 vere,
424 3911 443 3969 tt
461 3911 499 3972 ad
522 3931 613 3974 tooo
630 3911 720 3972 stadia
737 3912 900 3994 redigitur,
923 3931 962 3970 ex
977 3911 1118 3970 Diodoro
1136 3924 1166 3972 Ω.
1185 3919 1235 3984 55.
1252 3919 1308 3962 roo·

305 4027 450 4076 mentum
466 4014 594 4082 accedit,
619 4013 673 4092 qui
689 4013 809 4074 Goooo
827 4011 927 4072 stutiiis
947 4012 1055 4071 indiae
1074 4009 1221 4073 ambitum
1238 4017 1309 4065 com·

304 4115 461 4199 plectitur,
487 4126 520 4175 et
543 4113 665 4186 endem,
690 4133 771 4195 quae
794 4113 906 4185 noster,
932 4110 1067 4176 subiicit.
1117 4111 1198 4174 Frcit
1218 4119 1308 4168 tomen
