2788 4942
298 409 360 472 606
595 414 837 472 POMPONII
883 416 1052 473 MELAE

298 607 430 652 contre.
483 589 581 652 Hune
596 589 704 652 locum
720 609 737 652 a
752 589 886 653 librariis
903 604 1091 674 corruptum
1108 591 1168 654 elle
1182 591 1326 655 existimat

298 691 389 752 Hier.
424 690 533 752 Surito
556 693 698 753 innotis
728 692 766 752 ad
792 695 951 756 Antonini
977 695 1177 756 itinerarium
1200 717 1231 776 p.
1250 693 1326 768 657.

297 786 341 879 [l.
358 812 428 877 pag.
446 805 530 870 522.
548 793 599 856 ed.
617 785 734 877 Weff.]
762 793 816 854 ubi
832 793 954 856 scribit:
981 797 1092 857 lliaior
1107 812 1140 859 et
1156 797 1265 858 Illinor
1277 797 1328 856 Ba·

297 894 395 956 leares
419 893 457 956 ab
482 897 613 976 optimis
643 893 843 977 scriptoribus
871 898 1081 980 appellantur.
1137 898 1220 959 Nam
1247 897 1328 978 quod

298 997 384 1076 apud
400 995 621 1077 Pomponium
640 997 694 1059 lib.
713 1012 744 1058 2.
762 1016 827 1078 cap.
846 1013 879 1072 7.
902 1014 935 1058 et
949 1001 983 1058 in
996 997 1217 1082 manuscriptio
1231 1017 1328 1058 exem·

297 1097 437 1180 plaribne
456 1097 572 1180 legitur
590 1097 628 1158 de
644 1097 833 1170 Balearibus,
856 1091 1015 1189 exspolio
1025 1091 1082 1190 soi
1102 1098 1328 1180 cognominibus

299 1201 441 1280 acceptis
463 1200 593 1260 arraiores
619 1201 809 1280 minoresque
836 1198 987 1280 perhiberi
1012 1215 1044 1262 et
1068 1199 1198 1294 castella
1221 1192 1277 1289 effe
1299 1203 1327 1260 in

298 1298 468 1363 maioribus
483 1301 627 1360 Palmam
642 1313 675 1360 et
689 1301 878 1362 Pollentiam
894 1303 1046 1372 colonias,
1070 1317 1102 1364 et
1118 1305 1151 1363 in
1170 1297 1327 1364 utilioribus

296 1404 447 1464 Ionnrom
467 1415 498 1462 et
519 1403 711 1482 Magonem,
745 1403 814 1484 quis
840 1422 906 1464 non
929 1405 1039 1465 videat
1061 1407 1210 1466 rnaiorem
1233 1417 1260 1462 et
1282 1403 1328 1462 mi·

298 1525 403 1566 norem
427 1503 490 1586 legi
511 1502 650 1564 debere?
686 1521 718 1564 Α.
741 1523 947 1568 ononovtve.
999 1505 1045 1566 lta
1061 1507 1196 1586 quidem
1212 1504 1326 1568 Plinine

303 1619 335 1686 5,
360 1625 415 1668 ιι.
433 1603 454 1666 l.
474 1617 507 1680 5.
543 1604 672 1666 Orolius
692 1625 721 1673 ι,
748 1621 780 1669 2.
814 1607 999 1668 Antoninus
1015 1627 1041 1668 c.
1065 1607 1088 1668 l.
1115 1610 1217 1668 maior
1231 1620 1260 1668 et
1280 1607 1326 1664 nn'·

298 1728 366 1768 nor.
402 1705 514 1769 Strabo
529 1705 583 1766 lib.
603 1720 635 1784 5.
652 1727 684 1787 p.
701 1727 746 1768 m.
767 1720 847 1784 115.
865 1706 886 1770 l.
910 1709 990 1780 167.
1024 1709 1231 1792 Agathemer.
1258 1727 1283 1774 r.
1297 1717 1325 1780 5.

298 1807 504 1874 Ptolemaeus
528 1823 559 1876 Ω.
581 1808 615 1870 6.
641 1801 659 1892 ἦ
682 1803 800 1894 μείζων
823 1823 855 1869 et
876 1802 1036 1872 ἐλάττων.
1093 1815 1324 1871 linamentum

296 1923 427 1992 proptor
451 1907 610 1988 sequentia
632 1929 648 1968 a
672 1929 744 1969 vera
768 1909 870 1970 Melae
892 1912 1016 1972 ratione
1038 1913 1178 1972 minime
1199 1909 1323 1970 aberrare

296 2011 370 2070 libri
391 2011 569 2092 potuerint,
607 2023 772 2090 utramque
795 2009 929 2071 insulam
957 2011 995 2072 fic
1016 2015 1204 2094 complexus
1227 2011 1274 2072 ille
1291 2007 1322 2066 nl

296 2111 440 2172 Baleares
461 2131 594 2172 numero
615 2111 737 2172 retulit.
774 2112 869 2174 Certe
886 2113 968 2174 nihil
987 2117 1105 2176 mutari
1125 2113 1236 2198 potest.
1267 2109 1321 2174 Pro

295 2211 498 2294 perhibentur
521 2211 661 2274 vindob.
683 2210 901 2294 prohibentur.

370 2413 542 2498 Iamno)
592 2413 686 2478 Paris.
711 2436 738 2478 ι.
763 2433 794 2481 2.
819 2430 851 2496 3.
875 2417 983 2482 Cibin.
1008 2419 1094 2483 Gud.
1119 2421 1220 2481 Vatio.
1242 2413 1320 2495 Prag.

296 2515 382 2599 Lipl.
403 2517 575 2602 Relnliger.
607 2519 719 2579 Venet.
746 2519 852 2582 Havn.
877 2520 992 2594 Samo,·
1024 2521 1212 2584 Vindobon.
1230 2509 1317 2608 senio.

296 2621 381 2682 Edd.
404 2641 432 2681 r.
455 2637 484 2680 a.
507 2633 538 2699 5.
558 2629 592 2697 4.
614 2632 646 2694 5.
668 2641 721 2682 rr.
740 2621 853 2693 Somo;
884 2634 938 2697 ¹5·
962 2637 1016 2694 ¹7·
1036 2639 1092 2686 20.
1113 2641 1170 2705 23.
1192 2621 1319 2684 Lauino,-

298 2734 357 2802 54.
380 2723 504 2793 Ionno,·
532 2721 668 2802 reliquae
693 2723 819 2783 Iamno.
857 2740 1062 2784 rzscnvcrro.
1127 2723 1317 2788 Ptolemaeus

296 2817 350 2910 [2.
370 2820 402 2886 6.
418 2815 461 2907 fi]
486 2835 518 2884 et
542 2820 606 2882 fere
628 2821 751 2884 Plinius
775 2817 1020 2908 [3,11.s.5.]
1045 2843 1112 2886 non
1136 2826 1244 2890 Sonm,
1275 2815 1316 2876 sed

295 2925 412 2986 Iamno
427 2925 491 2984 sive
507 2925 636 2983 lomna.
659 2943 845 2984 ornnnnve.
886 2925 923 2984 ln
940 2923 1128 2987 Ptolemaeo
1146 2927 1188 2987 eli
1205 2916 1314 3007 'lo'prm

294 3027 338 3088 At
361 3027 542 3085 terminatio
563 3028 597 3084 in
621 3045 640 3084 o
663 3045 702 3086 ex
723 3025 831 3086 Plinio
862 3024 1031 3106 probatur,
1065 3027 1121 3086 ubi
1145 3030 1315 3088 lannronem

293 3127 440 3196 occurrit,
466 3127 521 3186 etii
536 3139 568 3188 et
585 3125 630 3186 ibi
647 3141 769 3188 veteres
790 3126 985 3186 Lannronern
1002 3128 1132 3189 habent.
1171 3129 1194 3188 Ι
1212 3140 1313 3184 tamen·

293 3248 366 3290 cunr
388 3227 440 3288 hic
459 3226 660 3290 Phoenicum
680 3229 788 3310 lingua
805 3228 915 3298 valeat,
940 3228 1015 3288 inde
1034 3233 1130 3290 etiem
1153 3219 1315 3290 confirmari

291 3325 394 3412 poffit,
417 3329 501 3408 quod
517 3349 532 3389 a
547 3329 700 3392 Strabone
717 3329 773 3390 lib.
789 3330 844 3392 16.
859 3350 891 3408 p.
907 3350 951 3390 m.
971 3342 1014 3406 52
1025 3350 1054 3392 2.
1066 3329 1087 3392 l.
1105 3346 1188 3409 759.
1221 3325 1313 3389 Phoe·

291 3432 379 3492 nicee
397 3429 473 3490 urbs
495 3425 634 3516 Ἰάμνεια
658 3443 939 3504 commemoretur,
967 3433 1110 3515 itemque
1130 3453 1147 3496 a
1165 3429 1312 3511 Stephano

291 3530 326 3596 h.
344 3552 377 3594 v.
399 3531 558 3612 nisr'quod
574 3533 626 3592 hic
641 3553 697 3616 per
714 3556 723 3595 ι
738 3532 838 3595 effert.

264 3775 267 3784 ·
363 3734 504 3796 Palma
515 3735 533 3815 )
567 3737 665 3798 Vatic.
683 3735 791 3800 Cibin.
807 3735 890 3817 Lipl.
908 3733 1003 3799 Paris.
1027 3757 1055 3798 r.
1073 3755 1104 3820 3.
1128 3735 1217 3817 Prag.
1238 3729 1306 3788 Ven.

292 3837 399 3899 Havn.
419 3839 555 3910 Panno,·
581 3837 664 3899 Gud.
688 3859 815 3918 pernra,·
850 3839 942 3900 Vind.
964 3840 1100 3918 porino;
1127 3833 1218 3901 Paris.
1237 3829 1308 3891 forte

290 3939 417 4002 Palma.
467 3939 549 4000 Edd.
583 3961 611 4004 r.
637 3956 669 4002 Ω.
692 3953 724 4018 5.
747 3949 781 4022 4.
807 3951 840 4016 5.
865 3958 899 4018 9.
929 3959 985 4002 11.
1007 3941 1145 4012 Pormo5
1180 3951 1233 4016 30.
1256 3943 1303 4009 52.

292 4041 419 4115 διώκω·
452 4041 590 4125 reliquae
615 4041 746 4111 Palma,
777 4043 826 4102 uti
846 4041 976 4105 effertur
1003 4060 1021 4103 a
1042 4041 1192 4104 Strabone
1212 4035 1261 4098 lib.
1277 4041 1304 4108 3·
