2752 4944
324 427 384 502 244
620 379 866 478 rdueourr
908 421 1071 478 unere

325 595 388 657 hoc
412 607 513 658 tractu
538 614 652 667 nemo.
686 595 774 678 quod
803 593 911 668 iciam,
944 597 1104 659 meminit.
1162 596 1221 661 Seri
1247 613 1342 677 neque

325 699 467 780 optimus
495 717 586 761 rueue
616 697 715 760 codex
745 699 901 782 oppidum
928 698 990 759 hoc
1017 696 1174 782 aguolcit3
1211 697 1341 759 scribitur

324 801 440 882 quippe
468 801 502 860 in
530 817 569 861 eo
598 799 765 878 Neapolis.
818 799 962 862 Omnino
993 800 1164 883 legentium
1193 799 1340 861 existimo:

327 901 460 982 Cyllene,
488 899 691 979 Erureapulis.
717 901 845 962 Patrae.
897 901 1033 983 Quaerat
1053 903 1173 981 aliquit,
1198 899 1340 981 quidhoc

322 1001 358 1064 lit
381 1001 515 1084 oppidi‘l
565 1003 646 1062 Dico
671 1020 732 1084 ego
760 1001 975 1082 Pomponium
1000 1002 1038 1063 lie
1060 1003 1212 1084 appellare
1237 1001 1342 1079 Pylum

322 1105 473 1164 Eliaceru.
524 1104 604 1164 Tres
637 1121 713 1164 vero
751 1100 822 1163 suut
855 1101 928 1182 Pyli
960 1104 1045 1164 iuxta
1077 1104 1155 1164 illud
1182 1117 1342 1163 commune

325 1199 427 1290 [apud
445 1201 591 1266 strabon.
609 1215 642 1282 fl.
663 1225 694 1286 p.
709 1223 753 1264 nt.
774 1213 856 1283 234.
876 1202 895 1266 l.
912 1200 1016 1292 πμ]
1043 1197 1139 1266 Ἔστι
1162 1195 1269 1272 Πύλος
1286 1193 1343 1284 πρό

323 1296 471 1368 Πύλοιο·
503 1295 617 1376 Πύλος
637 1302 675 1386 γέ
695 1301 752 1392 μέν
775 1301 841 1372 ἐστι
864 1298 918 1367 καὶ
940 1297 1051 1375 ἄλλος.
1097 1305 1262 1366 Melleniue
1284 1311 1342 1362 erat

322 1426 395 1476 uua.
422 1407 515 1468 altere
536 1409 690 1474 trrauiae,
716 1408 806 1468 tertie
830 1426 904 1467 vero
922 1407 1022 1468 Elidis
1046 1407 1082 1466 erl
1100 1427 1186 1468 mare
1204 1408 1254 1466 fita
1270 1405 1343 1462 inter

323 1507 422 1568 Penei
438 1521 470 1566 et
485 1507 651 1568 Sellrentis
669 1506 754 1570 oilie.
806 1505 927 1568 Omnes
944 1520 1005 1569 tree
1027 1507 1193 1568 Nestoreut
1211 1507 1261 1565 libi
1282 1505 1343 1562 vin·

323 1607 480 1670 dicabant.
533 1606 655 1668 Nestori
685 1627 805 1669 noveru
835 1607 984 1690 parebant
1011 1607 1102 1668 urben
1127 1611 1212 1668 iuxta
1234 1607 1343 1666 Home·

321 1730 413 1780 rum,
439 1704 496 1796 [ll.
521 1725 551 1776 e.
578 1701 751 1792 591sqq.]
785 1729 861 1788 quae
884 1728 995 1770 orunee
1020 1710 1131 1770 ordine
1163 1711 1194 1770 in
1222 1705 1343 1768 Boeotia

324 1805 373 1898 [c.
399 1803 444 1896 t]
477 1807 625 1871 recenset.
679 1809 798 1870 Harum
822 1829 898 1870 vero
924 1823 1033 1892 ceput.
1066 1823 1130 1872 erat
1158 1808 1219 1892 ipsa
1244 1809 1341 1886 Pylos·

322 1926 418 1994 atque
444 1913 519 1972 iude
548 1903 752 1982 Ἐννεᾶπολις
778 1911 958 1973 vocabatur.
1018 1911 1090 1971 Huc
1118 1930 1243 1992 quoque
1269 1905 1341 1968 refer

321 2031 443 2074 novem
474 2009 577 2072 [edilia
612 2006 719 2098 [ἐννέα
750 2002 856 2098 ἕδραι]
889 2013 922 2071 iu
952 2013 1045 2074 litore
1077 2011 1169 2090 Pylio
1202 2011 1343 2072 exstructa

321 2113 405 2196 apud
425 2113 603 2173 Homerum
623 2113 717 2172 initio
741 2105 792 2196 [v.
809 2107 863 2197 7.]
888 2113 959 2172 libri
984 2127 1015 2192 3.
1040 2112 1147 2192 ouyff.
1203 2113 1289 2194 Qune
1306 2111 1343 2168 ite

321 2216 546 2294 interpretatur
583 2212 782 2274 Euilathiust
831 2211 859 2274 ol
887 2208 920 2274 δὲ
955 2209 1092 2277 παλαιοί
1125 2212 1228 2294 φασιν
1263 2206 1341 2274 luia

321 2305 445 2386 Πύλοις
477 2308 568 2398 ἕδρας
601 2303 681 2376 εἶναι
713 2307 765 2374 διὰ
797 2308 838 2374 re*
874 2309 928 2375 uei
958 2309 1066 2388 πόλεις
1094 2309 1260 2388 τοσαύτας
1286 2303 1343 2372 [tui

321 2403 470 2480 ἐξουσίαν
497 2413 623 2478 κεῖσθαι
647 2415 698 2494 τῷ
726 2410 873 2501 Νέστορι.
944 2417 1047 2496 luepti
1070 2421 1149 2476 vero'
1172 2415 1258 2484 lunt,
1294 2411 1342 2492 qui

319 2515 486 2577 Nestorem
502 2515 604 2576 tribur
625 2516 688 2578 illie
704 2515 790 2595 Pylis
806 2512 967 2598 praefuille
983 2517 1123 2578 credunt.
1179 2518 1248 2578 Hoc.
1263 2515 1342 2574 euiut

319 2617 375 2698 qui
391 2619 497 2699 potuit
516 2617 595 2686 fieri.
621 2633 746 2678 auteur
763 2615 1099 2686 coutroverfiafuitter.
1122 2638 1216 2696 quarn
1236 2617 1341 2692 Prlurn

317 2719 517 2779 iutellexrll'et
544 2717 725 2779 [lourerue‘l
776 2719 883 2798 ltaque
904 2739 1014 2778 verum
1035 2718 1088 2786 est.
1114 2719 1208 2778 urbes
1231 2713 1343 2778 Nel'turi

318 2817 470 2879 subiectas
493 2815 582 2878 fuiffe
604 2817 672 2880 illae
693 2837 830 2888 novem,
866 2839 939 2900 ques
963 2819 1075 2880 ordine
1101 2819 1259 2878 recensere
1285 2819 1342 2874 tlo-

318 2939 444 2981 merum
468 2921 664 2980 monuimus.
716 2919 816 2981 Porro
839 2919 876 2978 ab
898 2918 960 2980 iltis
983 2920 1081 2980 tribue
1098 2921 1186 2998 Pylis
1204 2921 1283 2978 dicte
1306 2913 1344 2976 est

317 3021 406 3104 regio
429 3019 604 3100 Triphylia.
658 3021 775 3080 Verum
800 3020 840 3080 rie
864 3020 921 3080 hec
940 3021 1013 3080 atibt
1036 3021 1171 3102 egimus.
1209 3035 1342 3078 vusau's.

319 3120 484 3200 Nusquam
506 3117 621 3181 diserto
643 3121 776 3181 nomine
804 3121 937 3182 occurrit
957 3121 1168 3200 Eumenous,
1214 3119 1263 3180 lei
1289 3133 1343 3178 uec

321 3219 488 3298 Calllrpot's
516 3221 572 3280 hac
597 3219 667 3282 secte
695 3222 858 3300 repetitur.
913 3223 1003 3304 Quae
1027 3224 1124 3305 igitur
1150 3217 1273 3282 lollius
1296 3217 1343 3278 tul·

318 3321 405 3389 tulit.
439 3323 508 3382 veri
531 3319 648 3380 hebent
675 3319 807 3401 speciem
828 3342 893 3384 non
918 3324 1042 3392 levem,
1078 3342 1137 3384 nec
1160 3343 1176 3382 e
1199 3297 1346 3384 coutcunt

318 3421 457 3505 vestigiis
470 3423 632 3482 recedunt.
669 3421 782 3482 Effecit
803 3443 918 3504 nempe
939 3419 980 3485 ro*
1000 3446 1053 3483 ene
1069 3427 1102 3482 iu
1118 3443 1198 3482 tuce
1216 3393 1345 3502 Cyllene,

318 3537 356 3581 ut
377 3521 547 3596 Neapoli&
580 3524 662 3602 quod
685 3524 780 3602 aliqui
796 3543 861 3582 uon
885 3537 1003 3584 tetuere
1025 3525 1193 3586 exhibent.
1227 3522 1328 3580 duabu

317 3623 379 3685 illie
404 3621 527 3700 syllabis
551 3635 583 3682 et
606 3622 681 3682 hinc
704 3625 803 3703 capite
827 3621 881 3682 luo
906 3637 1111 3686 truncaretur.
1161 3625 1203 3684 At
1223 3643 1260 3683 ex
1285 3615 1330 3700 tus

317 3743 351 3784 re
376 3725 479 3806 gravis
504 3723 549 3782 illi
587 3723 715 3784 lectioni
744 3721 908 3786 difficultas
935 3725 1115 3786 obstruitur.
1166 3725 1232 3784 Etst
1259 3715 1342 3783 enini

317 3821 442 3884 Nestori
470 3821 624 3886 subiectae
654 3821 782 3884 fuissent
808 3825 919 3894 urbes,
960 3847 1121 3906 nunquam
1146 3837 1253 3884 tamen
1278 3815 1341 3896 illul

316 3941 383 3984 uuo
411 3924 545 3984 nomine
574 3925 800 4006 iufigniuutur,
840 3945 943 4004 neque
966 3927 1018 3987 hic
1046 3938 1239 4007 potuerunt,
1274 3923 1340 3996 ctuq

318 4023 416 4102 Pylue
438 4023 639 4104 praecellerit.
674 4045 752 4106 quae
768 4027 804 4085 eci
828 4027 1056 4108 complendum
1075 4047 1147 4090 eunt
1170 4029 1339 4112 ntrmerurq

316 4125 494 4206 requiritur.
565 4124 634 4188 Nec
667 4146 684 4188 a
716 4127 849 4207 Cyllene
882 4129 1005 4192 turbato
1035 4129 1144 4190 onliue
1175 4127 1277 4190 relabi
1308 4113 1338 4199 el
