2788 4942
235 465 238 476 ·
341 450 405 536 596
641 453 891 514 oourourr
931 456 1101 512 unuin

344 627 410 694 iere
438 627 599 691 Sardinia.
651 627 700 690 lta
727 647 845 712 nempe
875 629 1052 710 praeteritis
1080 629 1273 715 lingularum
1292 627 1365 687 vitiis

345 731 441 796 verba
462 731 611 792 ordinant
645 731 743 792 Vatia.
769 750 800 794 1.
828 729 938 794 Cibiu.
961 729 1057 794 Parii.
1087 751 1117 795 1.
1150 745 1182 809 3.
1211 729 1365 812 Rehdiger.

347 833 432 896 Gna.
459 834 571 896 Venet.
596 829 746 896 Claccon.
767 821 892 924 divisae
917 828 1048 924 Carfica
1070 823 1222 923 Etrusca,
1253 849 1369 913 quanin

350 932 480 1027 Corsica
494 933 581 996 litori
595 934 745 1015 prapi0r5
770 931 878 996 liuva.
893 931 989 998 Parii.
1010 955 1040 996 ι.
1058 949 1091 1014 5.
1109 935 1247 1017 llehdig.
1264 919 1367 1020 divisae

351 1034 480 1127 Corfica
496 1025 643 1124 Etrusca,
665 1055 799 1116 qrtarnm
818 1031 949 1125 Gorflea
960 1028 1100 1127 Etrusca
1113 1035 1222 1106 litori,·
1246 1030 1365 1092 vindob.

351 1129 473 1230 divisae
497 1131 627 1226 Carfica
649 1135 735 1196 litori
756 1136 905 1218 proprior
923 1138 1006 1198 inter
1026 1137 1149 1208 latera,
1182 1133 1263 1216 Lipl.
1286 1121 1367 1219 diuise

351 1239 505 1302 Sardinia
536 1228 668 1328 Africa,
709 1235 861 1298 Sardinia
897 1229 1053 1329 Ernesto,
1090 1257 1224 1320 qrrarnm
1256 1229 1365 1322 Corsica

350 1341 458 1402 italica
479 1339 565 1400 litori
584 1339 750 1419 proprior:
776 1339 876 1400 Vatic.
895 1351 928 1418 5.
954 1338 1050 1402 Parii.
1073 1355 1107 1401 α.
1132 1359 1206 1398 cum
1223 1333 1364 1398 Vallnuit,

351 1443 406 1505 etsi
428 1442 481 1502 hic
502 1441 638 1502 omnino
659 1453 783 1502 veteres
800 1439 898 1502 libros
914 1453 1089 1512 memorat,
1115 1451 1278 1520 receptum
1298 1435 1365 1496 ordi·

348 1563 426 1607 nem
451 1555 571 1604 tenent.
601 1542 791 1604 ‘Editiones
820 1561 849 1604 1.
870 1557 903 1604 a.
928 1559 962 1620 ι).
985 1561 1040 1605 11.
1064 1555 1121 1619 15.
1140 1543 1281 1624 priorum
1297 1535 1364 1596 cadi·

349 1665 424 1708 cum
448 1645 619 1706 lectionem
639 1643 795 1713 reddunt;
820 1643 896 1704 inde
915 1657 947 1721 5.
972 1651 1006 1726 4.
1025 1655 1058 1720 5.
1085 1645 1121 1706 6.
1141 1659 1174 1717 7.
1197 1653 1229 1719 8.
1254 1659 1301 1702 ιο.
1322 1649 1362 1694 to.

357 1756 412 1826 ¹4·
434 1759 465 1807 et
489 1745 564 1806 aliae
585 1734 709 1834 diuisae
725 1733 873 1835 Etrusco,
904 1765 1035 1828 quarum
1060 1741 1193 1836 Corflea
1215 1741 1295 1803 litori
1309 1755 1362 1816 pru

351 1849 444 1930 piar,
478 1842 602 1908 Vaillus
629 1843 785 1926 reposuit:
833 1836 972 1936 divisae,
1007 1841 1140 1936 Corfica
1166 1857 1197 1905 et
1227 1837 1358 1903 Sardinia.

350 1968 483 2030 quarunt
505 1941 635 2037 Carfica
650 1935 788 2036 Etntsw
808 1946 896 2008 litori
917 1959 950 2006 et
975 1947 1014 2007 fic
1034 1947 1139 2028 postea
1159 1961 1280 2014 omnes;
1304 1951 1358 1999 ante

349 2045 491 2110 Voffium
506 2061 611 2109 tamen
632 2059 687 2124 15.
709 2061 764 2120 17.
783 2061 840 2108 uo.
863 2061 919 2128 23.
942 2049 1049 2110 locum
1067 2047 1106 2108 lic
1126 2043 1356 2128 composuerunt:

350 2140 472 2238 divisae
496 2138 671 2238 Hetrusca,
702 2143 833 2238 Carfica
855 2162 886 2209 cc
904 2148 1071 2218 Sardinia,
1097 2123 1233 2232 quarum
1254 2135 1358 2230 Corfica

346 2251 449 2320 litori.
477 2261 510 2311 et
535 2251 684 2310 Vinctus:
719 2239 842 2338 divisae
865 2246 995 2342 Carstca
1016 2263 1048 2310 et
1066 2249 1228 2316 Sardinia,
1252 2257 1356 2327 quaram

353 2347 484 2438 Corfica
505 2349 601 2412 litari.
639 2351 677 2410 ln
695 2349 823 2434 lingulis
842 2351 918 2413 haec
935 2351 1000 2412 fere
1021 2353 1152 2412 notavi:
1181 2344 1305 2408 Vindob.
1322 2338 1357 2397 ii·

348 2445 437 2542 aiffa.
473 2453 560 2512 Tum
577 2451 676 2514 Vatia.
691 2470 721 2514 ι.
738 2451 878 2536 Ilehdig.
893 2465 924 2513 et
940 2444 1049 2544 rasca;
1075 2451 1186 2515 Cibin.
1203 2464 1233 2510 et
1252 2435 1355 2535 nisclltt

349 2555 402 2616 alii
424 2573 500 2615 cum
514 2551 711 2614 editionibus
728 2543 865 2642 Etrusca
881 2555 933 2614 vel
951 2544 1128 2644 Hetrusca,
1154 2553 1269 2634 aliquae
1282 2544 1355 2606 etiam

351 2675 391 2718 ex
406 2655 518 2736 primis
533 2645 710 2744 Ethrnsca,
737 2673 815 2734 quae
833 2675 898 2715 nan
916 2655 1038 2716 (liutius
1053 2674 1175 2717 moror.
1213 2654 1270 2714 Pro
1289 2637 1355 2706 litori

349 2757 522 2840 Rehdiger.
543 2755 644 2826 lateri,
666 2769 703 2814 ut
719 2753 804 2826 alibi,
828 2755 867 2816 de
883 2776 945 2838 quo
961 2757 1000 2816 ad
1021 2774 1051 2826 o,
1076 2777 1105 2826 1,
1122 2767 1158 2834 4.
1186 2767 1217 2816 et
1234 2769 1286 2832 pro
1302 2761 1353 2825 oro·

349 2861 422 2940 pior
447 2855 585 2920 vindob.
620 2855 791 2940 llelrdiger.
816 2859 980 2936 proprior,
1021 2859 1069 2919 uti
1095 2857 1205 2940 paullo
1229 2847 1352 2931 superius·

350 2961 402 3023 Sic
423 2974 455 3028 2,
475 2975 506 3029 2,
531 2979 559 3021 1.
582 2971 616 3020 et
637 2952 759 3040 pallini.
795 2977 997 3022 uzscuvcna.
1051 2957 1128 3019 Non
1150 2956 1208 3018 elie
1228 2961 1353 3014 attentan-

348 3061 427 3120 dum
441 3059 578 3121 verbum
592 3049 730 3150 Etrusca
744 3055 927 3140 persuadere
943 3061 1072 3121 videtur
1086 3059 1208 3119 Plinius
1221 3057 1249 3114 in
1265 3047 1352 3110 tertia:

348 3153 396 3246 [c.
424 3153 596 3245 12.l.6.]
633 3161 674 3220 In
702 3155 881 3252 Ligifiica,
916 3161 1038 3242 inquit,
1073 3162 1155 3220 ranri
1177 3156 1219 3250 ‹st
1240 3143 1352 3234 Corfiffl·

348 3282 445 3344 qnam
475 3260 588 3322 Graeci
615 3261 742 3343 Cyrnon
773 3261 985 3340 appellavere,
1014 3253 1076 3352 firi
1112 3251 1212 3352 Tusco
1235 3250 1352 3335 protriti·

346 3361 459 3424 Nihilo
483 3363 593 3424 minus
614 3363 740 3444 pendeo
760 3363 859 3422 anirui
877 3363 1053 3444 dubiaeque
1076 3361 1160 3433 lum,
1190 3355 1304 3436 Taplrra
1321 3363 1352 3405 ot

345 3463 408 3534 hic,
432 3485 472 3524 an
487 3454 627 3554 Etrusca
644 3463 818 3548 legendum
840 3483 878 3525 ex
899 3465 1013 3526 eodem
1030 3463 1150 3533 Plinio,
1178 3460 1261 3522 cuius
1277 3445 1352 3510 verba

345 3565 452 3647 paullo
479 3578 551 3626 ante
578 3565 674 3626 relata
706 3563 794 3624 lttrrt:
832 3567 974 3648 Itemque
998 3567 1116 3626 Pintan
1142 3577 1173 3624 ec
1201 3547 1309 3647 [σθαι.
1335 3563 1351 3604 ‘¹

345 3665 457 3750 quibus
484 3657 606 3754 fratum
630 3655 734 3756 ipsum
764 3665 909 3742 Taphros
935 3667 1125 3728 nominatur.
1179 3665 1350 3722 crustulis·

346 3767 459 3830 Forsan
475 3759 612 3858 Etrusco
633 3767 781 3827 abundat.
809 3785 1015 3829 ciacconius.
1066 3753 1268 3828 Reddidimus
1281 3762 1349 3813 oete·

269 3883 273 3892 “
344 3890 412 3932 rem
444 3871 620 3931 lectionem
649 3887 688 3929 ex
716 3868 847 3947 optimis
870 3881 902 3930 et
929 3864 1148 3948 autiquissimis
1172 3851 1347 3925 membranis·

343 3973 381 4034 In
404 3971 542 4056 vulgatis
564 3971 714 4031 hactenus
732 3969 962 4050 exemplaribus
983 3970 1105 4050 aliquot
1123 3966 1216 4028 verba
1233 3960 1346 4021 deerant.

321 4106 324 4112 ·
343 4093 488 4138 vossins.
540 4073 679 4155 Adparet
697 4057 968 4153 ex'sntiquiorum
984 4083 1016 4136 et
1038 4069 1207 4133 meliorum
1225 4059 1346 4124 cadica¹11
