2788 4942
320 435 362 508 74
618 423 861 483 rourours
894 425 1054 484 uum

322 600 423 664 Gallio
444 597 643 662 Narbonenls
668 618 687 659 e
711 597 898 664 Ptolemaeo
924 595 979 690 [2.
1003 595 1078 690 to.]
1104 615 1135 664 et
1158 601 1254 664 Plinio
1277 593 1324 688 [3.

321 719 355 782 5.
375 701 395 766 l.
412 695 469 788 4.]
496 701 687 783 appellatum
712 698 867 774 Iluberis,
892 721 959 765 uon
975 703 1016 764 tic
1031 705 1195 766 nominent
1208 703 1266 763 duo
1285 701 1326 762 ills

321 806 449 886 antiqua
471 801 671 884 exemplaris.
695 821 776 884 quoe
791 801 922 866 subinde
936 805 1010 876 cito,
1033 803 1084 867 led
1102 807 1227 868 slternm
1242 783 1332 894 Illr'se'

320 906 420 975 berre,
453 905 588 966 alterum
617 895 806 994 Eliseberrm
846 919 885 966 ut
914 903 994 968 forte
1018 927 1132 969 verum
1157 924 1268 970 nomen
1288 905 1324 974 fir.

319 999 533 1100 Elrrsaberris,
567 1019 600 1068 et
620 1025 638 1066 a
655 1004 881 1090 Tectosagibus
901 1005 997 1070 fuerit
1016 1009 1055 1070 sd
1076 1007 1199 1071 Auscios
1220 1005 1326 1068 transle-

321 1125 405 1172 tnm.
443 1127 543 1170 meu.
595 1107 795 1168 ltinersrium
812 1109 968 1172 Antonini
991 1105 1042 1198 [p.
1059 1131 1103 1173 m.
1119 1103 1221 1197 462]
1243 1107 1326 1170 Elin·

319 1209 452 1273 bermrn.
497 1211 534 1271 V.
568 1209 606 1272 C.
637 1207 863 1272 Elumbermm.
929 1213 966 1272 lu
998 1207 1215 1294 antiquiffimie
1243 1209 1326 1273 Plinii

319 1311 551 1394 exemplaribus
575 1305 623 1398 [c.
641 1303 684 1395 l.]
709 1301 877 1400 Illiseberre
897 1327 930 1373 et
946 1303 1132 1404 Elrseberre,
1157 1323 1325 1395 quopropter

319 1417 386 1477 lieri
402 1411 520 1496 potest,
544 1425 581 1472 ut
597 1431 708 1472 verum
723 1431 844 1474 nornen
860 1413 898 1474 fir
911 1406 1125 1506 Elusaberrs’s‚
1150 1416 1247 1496 iuquit
1266 1411 1325 1476 Pin·

318 1519 441 1588 tionum
476 1513 526 1576 led
552 1505 750 1604 EluJoberris
770 1514 804 1574 in
829 1513 1025 1578 Narboneuss
1049 1519 1212 1598 provincie
1237 1515 1325 1576 Plinio

317 1619 470 1682 statuitur.
521 1615 720 1696 Pomponius
748 1612 917 1678 Eliberrs'm
949 1618 1102 1700 appellet,
1134 1619 1240 1680 Livius
1260 1609 1324 1701 [su

320 1731 379 1799 24.
394 1713 458 1804 im]
484 1715 644 1778 Illiberim.
697 1715 886 1780 Hermolaus
902 1719 936 1779 in
954 1718 1101 1782 Plinium
1116 1720 1171 1784 lib.
1187 1732 1221 1804 lp.
1239 1738 1263 1782 c.
1283 1733 1324 1794 19.

316 1823 377 1892 eit,
413 1819 612 1882 Antoninum
644 1837 894 1881 commemorare
926 1821 960 1880 in
995 1820 1163 1904 Aquitania
1190 1819 1325 1903 oppidum

314 1913 526 2014 Elusaricum.
578 1917 772 1982 Claudianus
796 1921 830 1980 in
853 1921 1009 1982 Rufinum
1035 1917 1091 2011 [r.
1118 1915 1218 2008 137.]
1242 1937 1325 1982 muros

315 2023 443 2084 invadit
464 2011 591 2111 Eiusne.
643 2019 768 2084 Plinius
791 2020 845 2083 lib.
863 2031 896 2104 4.
921 2043 948 2086 c.
970 2041 1024 2106 29.
1048 2016 1160 2116 Ausci.
1187 2012 1322 2116 Elusates.

315 2141 528 2184 ereccourvs.
594 2119 684 2181 Nihil
719 2123 770 2183 hic
804 2123 956 2184 viderunt
991 2125 1193 2208 interpretes.
1245 2125 1324 2186 Vetus

314 2228 463 2286 omnium
485 2219 669 2304 scriptorum
688 2223 835 2284 codicum
852 2223 946 2286 lectio
965 2225 1008 2288 eli
1026 2227 1138 2288 Elium
1158 2227 1267 2288 berron
1284 2239 1323 2284 ex·

313 2339 407 2410 cepto
429 2345 496 2386 uno
512 2323 678 2393 Vaticano.
705 2325 739 2384 in
761 2345 825 2406 quo
849 2324 1073 2388 Cliumberrnm
1095 2330 1221 2414 legitur.
1256 2324 1323 2388 Vere

312 2429 408 2490 lectio
423 2425 465 2488 eil
488 2423 702 2487 Climberrum.
741 2423 894 2488 Recenlet
911 2427 972 2490 boc
987 2429 1151 2512 oppidum
1166 2427 1323 2494 Antoninos

313 2526 368 2618 [p.
385 2549 428 2590 m.
445 2521 553 2613 usim]
579 2529 612 2586 in
636 2528 750 2589 itinere
770 2526 808 2588 eb
831 2529 960 2612 Aginno
983 2531 1192 2615 Lugdunum.
1241 2533 1273 2592 ln
1290 2541 1322 2586 ts·

311 2631 384 2692 bula
399 2630 641 2712 Peutingeriono
659 2626 829 2691 Cliberrum
844 2643 986 2694 vocetur.
1014 2651 1158 2698 voesrrs.
1205 2629 1324 2694 Ortelios

310 2734 344 2794 in
363 2729 505 2792 thesauro
523 2730 639 2814 Geogr.
660 2728 681 2792 l.
698 2751 730 2792 v.
751 2721 966 2821 Elusuberrlr⁹
992 2751 1061 2795 eom
1082 2733 1142 2795 fibi
1162 2733 1322 2818 sulperuns

309 2833 362 2896 led
378 2827 675 2895 neoEls'umbermm
691 2844 724 2892 et
740 2829 985 2895 Heliumberrum
1000 2835 1151 2898 corlioum
1167 2835 1221 2896 fibi
1235 2831 1324 2917 cogni·

309 2949 382 2996 tum
404 2933 463 2996 elle
482 2930 607 2992 latetur.
659 2933 694 2994 si
715 2933 827 2994 doctos
847 2935 935 2996 viros
954 2935 1101 3007 audieris.
1127 2939 1204 3021 quid
1222 2937 1323 3018 eligen-

309 3035 388 3116 dum
412 3034 456 3106 sn,
489 3035 545 3093 vix
568 3031 690 3104 statuar.
724 3053 783 3095 nec
808 3035 908 3118 magis
932 3055 971 3098 ex
999 3037 1165 3100 codicibus
1187 3037 1324 3120 proficias.

307 3139 377 3197 Vna
400 3135 582 3196 terminatio
610 3149 691 3195 certa
714 3135 789 3196 inde
814 3135 945 3208 extruit,
981 3139 1066 3219 prior
1097 3139 1239 3202 nominis
1267 3152 1325 3218 pars
1365 3199 1366 3227 .

308 3236 406 3299 dubia
428 3235 528 3297 rellst.
569 3235 666 3318 Quod
683 3231 814 3296 Voffius
833 3235 1035 3299 Climberrum
1056 3241 1216 3322 praetulit.
1238 3239 1325 3301 tinto·

305 3339 377 3402 nini
400 3337 529 3418 quidem
549 3337 732 3398 auctoritate
750 3337 899 3409 firmatur¹
926 3353 958 3400 et
972 3359 988 3400 o
1003 3341 1209 3426 Wellelingio
1227 3339 1324 3422 proba·

306 3453 373 3511 tur,
399 3438 449 3500 led
468 3435 542 3498 fallo
553 3435 695 3498 tabulam
712 3437 991 3522 Peutingerienem
1006 3441 1146 3526 adlegat,
1172 3445 1282 3525 quippe
1295 3439 1324 3498 in

306 3561 371 3624 quo
392 3539 434 3625 (l.
451 3535 513 3620 D.)
536 3539 614 3600 olim
637 3537 799 3622 legebatur
818 3537 967 3612 &liberm
992 3545 1080 3623 quod
1101 3556 1134 3604 et
1154 3545 1228 3605 inde
1247 3559 1323 3621 repe·

304 3655 379 3704 tunt
393 3641 572 3724 Welseling.
590 3639 627 3699 orl
644 3641 798 3702 Antonin.
815 3661 842 3704 c.
860 3642 880 3704 1.
907 3641 1066 3705 d'bnville
1081 3645 1161 3706 odeo
1178 3648 1211 3706 in
1228 3643 1323 3706 notice

304 3746 345 3806 ‹le
367 3745 395 3804 lo
420 3743 518 3804 Gaule
542 3761 573 3822 p.
592 3753 674 3818 228.
698 3743 830 3822 aliique,
862 3763 949 3804 nunc
968 3764 1008 3806 ex
1024 3745 1167 3807 editione
1185 3742 1323 3822 Scheybii

304 3843 455 3910 Eliberre.
508 3843 548 3903 Ar
568 3861 606 3903 ex
627 3839 737 3904 eodem
760 3839 888 3904 diluitur
901 3835 1035 3936 Elnsom
1055 3845 1107 3908 hic
1124 3845 1197 3910 fallo
1216 3837 1322 3908 orceffi·

304 3959 369 4016 tom
387 3942 494 4014 inille,
527 3943 646 4025 quippe
666 3963 758 4023 quam
780 3943 838 4004 litu
854 3945 1025 4018 diversam,
1050 3947 1105 4009 etsr
1122 3969 1230 4030 parum
1250 3942 1322 4006 disli-

306 4063 388 4115 tam.
415 4044 504 4113 sistit.
530 4045 563 4103 in
586 4063 625 4104 eo
649 4059 753 4105 tamen
775 4045 864 4116 loco.
891 4060 928 4106 ut
947 4051 1101 4110 Antonini
1122 4049 1321 4111 Climberrum

304 4151 339 4212 in
356 4167 392 4212 ea
408 4143 600 4234 agnoscetur.
627 4145 712 4208 Cum
729 4146 871 4230 plerique
887 4161 920 4210 et
936 4151 1082 4212 meliores
1099 4153 1220 4214 codices
1236 4149 1321 4210 etiem
