2848 4942
291 442 333 504 52
591 425 837 484 rourourr
872 427 1033 482 uentu

299 619 356 666 20.
384 615 441 682 23.
465 601 610 672 videtne,
637 596 773 672 Vossrut,
805 601 962 664 Grorrorii
985 619 1058 662 cum
1080 601 1192 664 ceteris
1214 599 1345 662 vincta.

298 724 496 767 uzecuvcrre.
553 705 687 786 Antiqua
721 697 910 786 exempia'ria
938 706 1066 776 iunctm·
1100 701 1183 765 sorte
1208 704 1350 776 vinctu

299 823 331 869 et
346 808 385 882 sic
400 809 476 888 legit
495 807 601 876 didus,
631 809 666 867 V.
691 805 730 868 (2.
750 807 880 868 Solinus
897 827 924 869 c.
948 818 1002 882 ¹5·
1022 801 1064 892 [s.
1082 801 1163 892 om]
1188 805 1349 866 incincta.

301 927 514 970 cmocourve.
568 909 705 970 Variatio
720 928 786 968 non
803 906 985 988 infrequens
999 927 1037 968 ex
1050 908 1212 968 literarum
1234 928 1253 966 u
1271 919 1304 967 et
1321 927 1350 968 v

299 1011 506 1072 similitudine
531 1011 563 1068 iu
587 1011 715 1089 antiqua
739 1011 896 1090 scriptura.
948 1011 1001 1072 sic
1021 1011 1192 1069 coniuncta
1213 1020 1246 1070 et
1270 1029 1352 1068 con·

302 1115 413 1174 vincta
437 1110 464 1172 se
492 1113 545 1172 vix
571 1112 604 1172 in
628 1110 730 1174 Codd.
757 1109 816 1172 suis
841 1109 1016 1172 discernere
1043 1109 1177 1192 potuisse
1198 1111 1352 1171 adfirmat

305 1215 458 1275 Grutemr
479 1215 515 1274 nd
535 1212 635 1274 Cicer.
660 1233 717 1293 pro
734 1215 885 1274 Cluentio
908 1233 935 1276 c.
953 1225 985 1289 5.
1011 1232 1107 1292 quare
1125 1224 1157 1273 et
1178 1212 1223 1272 ibi
1246 1213 1353 1271 varia·

306 1329 367 1376 tur.
403 1313 454 1378 ef.
481 1316 627 1376 Heinsius
643 1317 679 1374 ad
703 1315 810 1399 virgil.
831 1317 907 1376 Aen.
929 1328 960 1393 3.
986 1316 1043 1376 26.
1098 1313 1196 1377 Corte
1218 1313 1256 1373 ad
1281 1313 1353 1375 sat·

306 1417 376 1478 inst.
398 1421 436 1478 de
453 1417 490 1479 lt.
506 1419 543 1478 C.
566 1437 592 1478 c.
612 1429 667 1492 55,
690 1425 723 1496 4.
761 1415 911 1478 Dukerue
930 1416 967 1475 ed
993 1415 1121 1477 Florum
1143 1429 1177 1492 lt·
1207 1431 1259 1482 ια.
1290 1425 1351 1489 28.

305 1518 468 1580 Drakenb.
491 1519 602 1579 adsit.
625 1517 689 1578 ud.
710 1529 742 1593 8,
766 1531 851 1594 487.
886 1519 1061 1580 Burmann.
1085 1519 1121 1578 ad
1145 1517 1246 1578 lturil.
1271 1517 1350 1578 itin.

313 1641 341 1691 t,
370 1633 455 1699 489.
499 1621 559 1680 viri
582 1619 667 1679 docti
697 1621 734 1678 ad
762 1619 883 1681 Tibuii.
916 1641 943 1687 1.
974 1641 1001 1688 r,
1027 1620 1086 1698 64.
1113 1633 1145 1680 et
1169 1633 1203 1701 4,
1233 1637 1259 1687 t,
1285 1629 1351 1694 57.

309 1721 399 1784 Oros.
421 1738 451 1788 2.
481 1741 535 1782 to.
558 1742 590 1803 p.
618 1717 899 1804 114.(Haverr.)
942 1721 1045 1783 Cicer.
1071 1735 1148 1782 orat.
1174 1740 1200 1782 o.
1230 1739 1286 1797 ¹9·
1315 1731 1355 1780 et

308 1843 389 1904 qnos
422 1823 467 1882 ilii
503 1837 766 1884 commemorant.
831 1825 884 1886 Sic
922 1843 980 1905 pro
1016 1825 1140 1883 irnrctos
1173 1821 1357 1883 emendant

308 1927 435 1986 vinctos
452 1925 483 1982 in
506 1923 635 2006 Hygino
653 1921 712 1984 fab.
733 1943 809 1984 120.
833 1947 865 2006 p.
885 1941 967 2004 213.
990 1925 1040 1986 ed.
1064 1925 1226 1988 Staveren.
1261 1924 1357 1983 Hinc

309 2029 421 2088 inruet
443 2045 517 2092 nno,
543 2027 615 2106 quia
637 2027 690 2086 vix
709 2023 852 2109 dignosci
869 2024 1004 2107 possunt,
1031 2039 1278 2095 commntantur,
1308 2025 1356 2086 de

310 2147 374 2208 qno
402 2129 536 2188 Torren.
566 2127 603 2186 od
639 2129 738 2188 Valet.
769 2128 854 2190 dian.
884 2150 911 2194 ι,
935 2127 967 2198 si,
990 2139 1024 2208 4.
1068 2127 1277 2207 Oudendorp.
1309 2125 1358 2185 ad

310 2231 429 2288 Lucan.
454 2239 487 2305 4.
516 2229 596 2290 106.
632 2242 663 2302 3,
691 2243 773 2290 202.
825 2228 875 2290 sed
910 2243 942 2290 et
985 2227 1073 2310 supra
1105 2249 1133 2298 1,
1162 2239 1194 2305 5.
1223 2242 1253 2308 3.
1289 2248 1358 2308 pro

311 2331 439 2392 irnnros
464 2330 546 2390 Cod.
574 2329 678 2391 Havn.
701 2332 755 2390 dat
780 2331 916 2391 vinctos.
972 2329 1094 2392 Vincta
1121 2332 1214 2390 unice
1234 2330 1360 2411 probat

310 2431 477 2496 Salmasius
496 2450 522 2490 c.
539 2430 559 2490 l.
588 2443 618 2490 et
638 2433 677 2490 ita
696 2433 918 2512 reponendum
937 2433 988 2493 vei
1005 2451 1096 2492 caeco
1114 2433 1259 2512 adparere
1277 2449 1359 2511 pro·

310 2534 448 2594 nuntiat.
502 2531 628 2592 Graecis
651 2531 710 2592 else
736 2530 936 2618 Xpoue'odeeo
961 2535 1085 2601 adiicit,
1125 2533 1359 2614 posterioribus

311 2636 407 2697 etiarn
425 2629 640 2718 Xpuoe'oipro.
670 2636 723 2695 Sic
738 2634 859 2710 lapides
876 2655 954 2694 auro
971 2636 1071 2694 oirrctr'
1093 2635 1124 2693 in
1142 2637 1228 2717 regio
1247 2618 1390 2694 dorno‘

311 2738 394 2820 apud
411 2735 536 2815 Ampel.
553 2753 581 2796 c.
598 2749 631 2812 8.
658 2749 691 2796 et
707 2736 828 2819 Hygin.
845 2733 907 2798 snb.
927 2749 1010 2815 223.
1044 2738 1105 2797 Sed
1123 2737 1211 2816 plura
1228 2735 1297 2796 Vol.
1317 2750 1359 2798 2.

387 2957 456 3020 pro
488 2935 680 3018 poculis)
733 2939 919 3023 Legendum
950 2939 1080 2999 videtur
1110 2959 1170 3019 pro
1201 2937 1362 3000 icorrcrrlis

313 3061 351 3102 ex
370 3041 534 3100 Herodoto
549 3041 581 3097 in
600 3039 816 3120 Melpomene.
842 3040 890 3118 [4.
909 3042 981 3120 26]
1013 3059 1212 3102 ruurrnuvs.
1265 3039 1358 3101 tuate

313 3141 390 3200 haec
411 3139 561 3200 resormat
578 3141 755 3203 Pintianue.
810 3141 922 3222 Neque
941 3143 1026 3204 enim
1043 3161 1144 3200 unum
1164 3141 1285 3203 secutus
1309 3141 1360 3202 est

313 3243 517 3302 Herodotum
540 3255 646 3302 auctor
667 3241 787 3314 noster;
822 3243 914 3303 habet
933 3245 1019 3304 enim
1042 3244 1192 3303 multaab
1210 3244 1359 3324 Epiron),

312 3343 413 3402 nudto
440 3361 566 3422 qnoque
592 3362 631 3401 ex
660 3343 817 3404 Hecataeo
844 3359 876 3404 et
905 3346 1078 3406 Helianim.
1143 3347 1183 3405 Vt
1210 3360 1245 3404 ut
1272 3365 1359 3405 vero

313 3445 422 3511 detur.
455 3443 532 3502 haec
556 3443 646 3502 ilium
673 3465 710 3506 ex
735 3446 900 3506 Herodoto
925 3445 1124 3514 transtulisse.
1153 3466 1219 3530 non
1244 3460 1358 3507 tamen

312 3547 386 3605 ideo
409 3545 661 3614 exiiiinundum.
694 3546 811 3606 oleum
836 3547 888 3607 hic
910 3547 994 3608 abire
1016 3569 1032 3608 a
1054 3561 1164 3608 mente
1182 3549 1357 3610 Herodoti.

312 3647 413 3707 Verba
437 3649 504 3706 eius
528 3646 603 3706 haec
623 3645 710 3707 sunt:
748 3643 807 3732 ripa
830 3645 863 3710 δὲ
885 3643 1036 3734 κεφαλὴν
1059 3639 1164 3713 αὑτοῦ
1183 3644 1359 3734 pridiano·

312 3743 374 3816 ‘retv
397 3741 449 3808 nui
481 3741 723 3832 ἐκκαθήραντες
750 3749 1020 3836 καταχρυσοῦσι·
1065 3745 1119 3812 καὶ
1151 3747 1261 3814 ἔπειτα
1289 3743 1356 3813 cire·

313 3841 486 3935 ἀγάλματι
513 3845 693 3934 χρέωνται,
728 3848 844 3924 θυσίας
877 3847 1027 3936 μεγάλας
1059 3847 1219 3924 ἐπετείους
1250 3847 1357 3914 ἔπιτε·

311 3945 449 4022 deuoret.
500 3944 697 4036 Ἀγᾰλματα
725 3973 800 4014 vero
828 3954 937 4012 Graeci
969 3967 1123 4014 vocarunt
1155 3973 1221 4014 non
1257 3953 1356 4013 simu·

309 4051 387 4112 lucra
406 4063 530 4110 tantum
548 4065 579 4112 et
594 4053 711 4122 icones,
737 4075 845 4116 verum
863 4056 958 4115 etiam
975 4057 1089 4136 pocula
1105 4067 1137 4116 et
1153 4053 1219 4116 vasa
1235 4057 1357 4117 rariora

310 4167 342 4214 et
361 4153 461 4214 veliet
486 4165 518 4212 et
541 4173 742 4237 quascunque
764 4157 837 4219 alias
859 4177 919 4220 ree.
974 4157 1208 4220 Grammaticus
1230 4177 1356 4238 anony-
