2880 4940
294 399 356 466 με
586 389 837 448 roucourt
880 389 1048 446 nocie

295 573 502 641 aggerctcmt
526 583 584 646 pro
603 565 705 626 variis
725 559 874 626 odoribus
894 563 984 648 Prcg.
1010 563 1111 624 vcriir
1124 554 1269 654 fervere.
1310 561 1339 625 Δ

294 663 420 726 verbio:
445 662 502 724 De
517 664 695 728 volucribus
717 685 784 750 cup.
800 674 860 744 44.
883 663 987 746 posuit
1003 665 1149 728 Vinctuc.

370 857 463 956 ipsc
487 865 683 949 incubat)
733 867 824 952 Prag.
858 867 1044 932 vindobon.
1074 865 1137 959 ipsi
1162 865 1339 930 incumbat.

296 967 485 1030 Cincconiue
506 969 644 1031 molebat
663 967 835 1042 incubitum
864 982 994 1030 temere.
1043 971 1132 1030 Turn
1155 971 1230 1032 cod.
1253 969 1341 1032 Ciac·
1428 1039 1429 1042 Ἴ

287 1069 475 1261 popchud.
500 1071 552 1132 ed.
577 1081 637 1154 44.
661 1069 752 1144 daim
787 1083 864 1134 note
892 1073 1165 1144 comntutctione;
1203 1071 1338 1149 ed.19·

312 1191 374 1232 our
391 1191 461 1254 que.

371 1371 488 1456 tube)
532 1374 956 1462 Legendumopinortcbo.
994 1376 1042 1438 Ex
1060 1377 1131 1439 tabe
1148 1378 1241 1438 enim
1258 1375 1340 1438 nihii

201 1559 205 1568 .
297 1475 484 1548 concrescit,
526 1499 586 1541 nec
622 1479 708 1542 tobes
741 1479 784 1541 eli
818 1479 1067 1560 putrescentium
1102 1479 1336 1540 membrorum.
1428 1501 1429 1522 1

297 1598 322 1642 1.
349 1597 556 1643 onouovtrc.
591 1583 670 1644 cod
687 1601 842 1662 nusquam
860 1583 1005 1642 invenias
1025 1601 1063 1641 ex
1084 1579 1339 1661 putrescentibus
1428 1567 1429 1628 l

296 1680 450 1742 membris
481 1680 562 1742 nesci
591 1683 720 1752 tabum,
753 1679 862 1764 passuri
895 1703 973 1742 vero
1005 1683 1149 1742 invenias
1177 1683 1338 1762 putridam

297 1782 415 1843 tabem.
451 1783 615 1864 Nusquam
633 1803 760 1866 quoque
776 1785 913 1866 reperias
928 1803 967 1843 cx
984 1782 1055 1844 tabo
1073 1781 1124 1842 seu
1140 1799 1208 1842 atro
1226 1803 1338 1844 cruore

296 1881 379 1944 nasci
405 1883 615 1966 phoenicem,
651 1884 701 1946 sed
728 1879 839 1946 velex
867 1883 948 1944 sanie
971 1883 1055 1950 alba.
1095 1885 1147 1944 vel
1170 1905 1209 1945 ex
1232 1887 1338 1945 cinere

297 1979 414 2046 ossium
441 1989 600 2066 permixto
625 1987 784 2048 medullis.
845 1985 912 2046 Nec
933 1987 1009 2046 dicit
1031 1985 1114 2044 oleta
1143 1986 1339 2066 phoenicem
1428 2037 1429 2048 ,

296 2105 336 2146 ex
352 2086 422 2146 tabe
439 2085 644 2157 concrescere,
662 2087 711 2148 sed
730 2087 808 2149 solvi
826 2087 896 2148 tabe
912 2085 1159 2166 putrescentium
1177 2087 1340 2148 membro·

296 2205 378 2248 rum.
417 2188 520 2248 cheo
543 2190 631 2250 enirn
652 2189 714 2250 live
735 2189 910 2250 diminutio
934 2187 1151 2248 membrorum
1169 2189 1214 2249 est
1232 2191 1282 2250 vic
1298 2189 1337 2250 ad

296 2287 443 2348 ultimam
478 2293 734 2371 corruptionem,
785 2311 881 2372 quem
920 2287 1186 2370 putrefactionem
1225 2287 1334 2371 pclsuu
1428 2283 1429 2322 l

297 2403 393 2449 vocat
412 2389 599 2454 Aristoteles.
652 2391 741 2452 litam
762 2413 838 2453 vero
855 2391 998 2451 ultimam
1020 2393 1257 2471 corruptionem
1280 2389 1330 2451 seu

297 2489 562 2573 putrefactionem
598 2491 735 2574 sequitur
766 2493 947 2561 dissolutio,
983 2489 1225 2554 dissolutionem
1255 2511 1329 2553 reru

298 2611 383 2652 nova
400 2595 559 2656 concretio
579 2609 612 2656 et
633 2597 764 2656 demum
787 2595 960 2678 generatio.
1010 2593 1045 2654 Si
1065 2615 1196 2672 pravam
1218 2594 1335 2655 lilrrarii

297 2693 387 2754 tollae
406 2693 651 2766 distinctionem,
678 2697 785 2758 omnia
801 2697 878 2756 clara
893 2708 1003 2766 eruut;
1020 2691 1088 2782 fibi
1107 2689 1179 2784 ipsa
1197 2695 1336 2766 incubat,
1428 2685 1429 2692 ἵ

289 2785 491 2885 fulciturque
511 2797 621 2858 deiude
643 2787 885 2887 putrescentium
907 2793 1108 2856 membrorum
1136 2794 1230 2857 tube:
1266 2819 1337 2858 corr-

298 2887 437 2986 cresccus
459 2889 530 2988 ipsa
550 2889 589 2988 se
614 2901 769 2979 concipit,
805 2911 901 2982 atquc
922 2919 961 2956 cx
976 2889 1015 2986 sc
1037 2888 1146 2987 rursus
1163 2889 1338 2987 enascitur.

297 3017 429 3060 voccius
452 3000 487 3058 iu
508 3000 680 3080 appendice
700 2999 743 3060 nd
763 3001 795 3061 ir.
819 3000 841 3062 s.
892 2999 980 3082 Quid
1000 3017 1077 3082 crgo
1092 2997 1134 3058 esi
1154 3003 1243 3082 apud
1257 3001 1342 3060 divi·

297 3119 378 3158 num
396 3114 501 3161 vatent
519 3103 552 3160 in
570 3102 632 3162 sine
651 3103 736 3162 tertii
751 3101 1000 3184 Georgicorum:
1027 3089 1156 3188 dilapsa
1174 3100 1341 3162 cadavera

298 3197 391 3270 tabo,
424 3220 511 3260 nunc
534 3203 608 3262 alibi
633 3196 735 3288 [ileu.
753 3216 783 3280 3,
806 3195 912 3287 oco]
939 3199 1073 3262 rncnrbrn
1082 3194 1227 3287 fluentia
1248 3200 1339 3274 tubo,

298 3321 385 3362 nunc
410 3298 510 3388 [Aen.
534 3313 567 3380 (t,
589 3299 696 3390 487]
721 3293 818 3394 snuie
847 3301 981 3385 ruboque
1004 3297 1166 3386 flucrrteir.
1195 3317 1229 3364 et
1250 3307 1338 3385 opud

297 3401 413 3462 Silium
436 3398 515 3488 [to,
535 3400 643 3490 542]
670 3406 839 3466 nronantia
860 3425 993 3484 corporo
1013 3401 1099 3464 tabo.
1151 3403 1201 3462 An
1220 3405 1339 3490 dilapsa

297 3523 332 3565 cc
358 3505 486 3566 liuentia
508 3524 543 3566 cc
563 3509 720 3567 manentia
748 3519 861 3568 notent
880 3507 957 3586 quid
978 3505 1080 3576 aliud,
1110 3523 1206 3584 quam
1230 3521 1339 3587 putre·

299 3605 435 3668 scentia?
486 3607 574 3690 Quid
602 3609 686 3668 uliud
708 3609 813 3668 voluit
837 3609 968 3668 Tacitus
994 3605 1048 3667 lib.
1068 3621 1102 3667 c.
1129 3605 1250 3670 Histor.
1276 3627 1335 3682 70.

301 3709 419 3770 Trunci
438 3721 547 3780 artus,
577 3723 685 3789 piures
713 3712 853 3770 virorum
881 3729 1087 3790 equorumque
1101 3697 1255 3794 fornice,
1290 3712 1336 3771 iu-

290 3803 384 3904 festa
405 3802 529 3894 [immo
550 3802 696 3900 infector
721 3811 787 3874 vid.
811 3809 932 3872 Ernesti
955 3811 987 3872 io
1009 3801 1151 3892 celest]
1176 3807 1255 3871 tabo
1279 3813 1336 3872 Iru-

298 3913 390 3974 rnur?
442 3913 533 3972 Vnde
562 3914 764 3974 consumetur
785 3913 854 3973 eius
881 3913 968 3974 locus
990 3911 1045 3970 lib.
1071 3923 1104 3988 3.
1131 3909 1248 3972 Histor.
1273 3925 1333 3991 35.

296 4017 396 4074 rroxia
420 4011 497 4074 tabo
520 4015 642 4074 humus.
695 4015 741 4074 lte
772 4015 894 4075 codices
923 4014 1065 4074 melioris
1090 4026 1185 4072 notae
1217 4015 1336 4094 quibuc

296 4114 450 4200 assurgere
477 4114 574 4177 debet
604 4134 713 4178 recens
737 4115 791 4178 ille
816 4115 996 4200 Agricolae,
1031 4115 1118 4176 unde
1146 4117 1334 4196 producitur
1428 4097 1429 4136 ³
