2814 4946
363 464 454 520 ΜΒ.
482 465 520 518 11.
565 463 599 520 c.
627 463 693 522 vlt.
735 459 761 532 t.
785 473 815 530 7.
1050 465 1114 532 303

72 653 212 722 perant,
255 657 322 700 non
354 660 448 721 qnam
485 639 639 702 dederunt
673 633 876 720 Sinopensem
921 633 1049 716 adparet
1074 649 1114 695 ex

71 742 233 820 Polybio.
278 761 373 823 quem
403 761 458 825 per
489 741 566 804 haec
600 741 697 802 verba
733 741 958 820 interpretatur
991 735 1113 806 Lirina.

72 845 169 928 legat.
192 857 253 919 51.
278 839 356 928 [lib.
376 855 432 923 24,
461 863 513 905 ιο.
537 847 588 906 ed.
603 837 731 929 Schm]
764 823 843 926 ἧκον
866 835 899 901 δὲ
919 829 973 900 nai
995 830 1114 899 Ῥόδιοι

73 935 313 1030 πρεσβεύοιτες
338 935 416 1030 ὑπὲρ
443 945 501 1026 τῆς
526 943 698 1007 Σινωπέων
724 939 878 1026 ἂτυχὲας.
932 941 998 1000 lam
1024 955 1113 1008 vero.

75 1047 152 1105 licet
176 1065 213 1106 ea
233 1066 298 1106 vox
315 1046 355 1107 lic
376 1046 586 1128 acciperetur,
612 1045 811 1126 Pomponiae
832 1055 937 1102 tamen
961 1039 1044 1100 llllela
1065 1057 1114 1100 re·

76 1145 260 1229 spiciendna
281 1147 370 1216 soret,
397 1167 492 1228 quem
516 1161 691 1212 tractamur.
717 1145 884 1225 aliquoties
901 1163 936 1204 ea
952 1139 1053 1208 usum,
1080 1151 1113 1200 et

75 1267 142 1328 quo
159 1244 259 1316 sensu,
284 1263 369 1329 patet
386 1269 424 1310 ex
441 1247 507 1331 ipso
528 1251 583 1310 lib.
600 1264 630 1312 2.
650 1267 715 1330 cap.
736 1261 768 1326 3.
794 1245 971 1307 clamator
990 1237 1114 1332 Perfira

79 1353 220 1408 maxime
237 1348 328 1408 clade
348 1363 508 1428 pernotus.
558 1351 601 1410 Et
622 1351 715 1432 paulo
737 1363 827 1408 ante:
854 1345 928 1407 tulit
947 1363 1023 1404 aues
1042 1361 1113 1402 cnm

71 1441 204 1540 summa
231 1449 319 1510 clade
341 1449 575 1512 advenientium
598 1473 719 1530 pennas
743 1443 832 1540 quast
856 1446 920 1508 tela
945 1445 1111 1506 incidatur.

76 1553 166 1611 llaec
188 1571 288 1630 quum
312 1555 354 1611 ita
374 1550 433 1612 esse
449 1555 631 1620 rideamne.
658 1570 821 1632 nunqnam
846 1545 1009 1614 dubitari,
1034 1545 1113 1625 qnia

77 1649 233 1732 scripserit
251 1667 375 1712 auctor:
401 1655 550 1714 flonrana
570 1645 673 1742 claffo.
715 1655 767 1732 Sic
788 1651 925 1714 Salamin
943 1649 973 1710 ei
996 1647 1114 1706 dicitnr

77 1746 205 1839 [inira]
236 1753 362 1814 excidio
384 1751 525 1846 Perficae
550 1749 650 1845 claffo
672 1757 786 1817 notior.
839 1751 910 1812 Lib.
930 1765 961 1811 a.
988 1767 1055 1828 cap.
1079 1761 1113 1810 a.

78 1847 128 1938 [§.
159 1851 215 1938 5.]
233 1855 236 1862 ’
254 1855 432 1916 Laconicae
464 1847 566 1946 claffir
593 1853 747 1946 signatus
777 1849 912 1914 excidio.
965 1850 1005 1909 Et
1034 1845 1113 1909 ibid.

76 1947 257 2044 naufragio
279 1951 380 2048 elaffir
399 1957 533 2020 Atticae.
575 1957 665 2017 Vnrlc
686 1969 821 2039 apparet,
844 1952 981 2012 obirem
996 1947 1113 2034 gellam

76 2059 159 2117 mari
178 2060 327 2126 adnotat,
352 2071 512 2118 auctorem
535 2057 654 2140 semper
669 2055 770 2120 secisse
791 2051 887 2118 clalsre
903 2053 1112 2120 mentionem,

77 2173 114 2218 ut
139 2159 203 2218 hoc
228 2159 301 2220 loca
326 2163 421 2220 etiam
445 2157 548 2222 secisse
569 2161 713 2220 arbitror.
774 2157 857 2220 Nam
881 2153 1049 2219 Pincianus
1071 2149 1114 2212 eli

78 2261 210 2322 nimius.
250 2279 274 2318 r.
301 2277 507 2322 ononorrre.
567 2262 709 2322 Eandem
732 2259 991 2322 emendationem
1015 2255 1113 2314 eriam

78 2375 169 2422 antea
183 2362 218 2421 in
235 2358 346 2421 scholia
361 2381 436 2422 eum
453 2361 653 2444 proposuisse,
674 2381 712 2424 ex
727 2363 813 2423 notia
826 2359 946 2422 MSStie
961 2355 1113 2416 intellexi.

79 2463 160 2523 lade
182 2480 263 2522 vero
283 2461 386 2522 ethic
406 2481 489 2524 acrea
510 2465 581 2526 liter
602 2465 685 2524 inter
701 2459 842 2525 Volsrum
858 2477 890 2522 et
906 2457 1113 2520 Gronovinm

78 2579 166 2624 artae
188 2561 281 2630 sunt,
314 2581 353 2624 ex
375 2585 509 2645 qrrarum
531 2563 674 2628 sordibus
698 2563 873 2648 sublegam‚
904 2579 984 2640 qrrae
1010 2557 1112 2618 Melae

78 2663 223 2748 prodesse
242 2659 368 2746 possint.
414 2661 538 2728 Vosl'un
555 2668 588 2726 in
604 2667 788 2748 appendice.
813 2675 931 2723 mutata
950 2657 1112 2725 sententia,

79 2767 164 2826 Lirii
186 2765 279 2825 illum
296 2766 402 2828 locum
418 2766 458 2828 cle
474 2767 561 2829 clarle
579 2766 715 2830 lihocliie
730 2767 824 2826 inlata
844 2763 1005 2844 intelligit.
1030 2775 1111 2838 truo-

78 2887 149 2927 mm
173 2887 273 2928 naver
300 2864 471 2928 invaserint
493 2868 694 2950 Sinopenser.
753 2865 908 2929 Gronovii
933 2877 1039 2922 tamen
1060 2875 1113 2917 ex·

79 2971 284 3051 plicationem
300 2969 527 3030 tueturStrabo
543 2969 598 3032 lib.
615 2987 666 3033 12.
682 2991 712 3050 p.
729 2989 772 3030 m.
792 2979 858 3042 375
875 2963 915 3045 iq.
942 2961 955 3022 s
981 2973 1051 3043 545
1069 2957 1112 3038 lq.
1194 2963 1196 2972 ’

80 3072 133 3129 ubi
155 3073 292 3130 eandem
311 3089 378 3130 rem
404 3071 525 3150 prolixe
546 3083 648 3130 ornat
669 3085 700 3132 et
723 3069 871 3150 erponit;
904 3083 998 3146 qnare
1015 3075 1046 3122 et
1065 3059 1113 3119 illi

79 3169 282 3231 adsenserunt
302 3169 487 3232 Perizonius
508 3172 545 3232 acl
572 3173 691 3234 rellan.
712 3173 747 3233 V.
765 3170 806 3232 ll.
834 3186 864 3236 a,
892 3178 948 3243 25.
981 3175 1013 3222 et
1036 3163 1113 3222 Dra·

80 3271 316 3332 tentanum
341 3273 468 3331 Livium
490 3292 516 3335 c.
542 3273 562 3335 l.
615 3273 746 3334 interim
764 3269 948 3332 Gronoviue
972 3265 1113 3326 irritatur

82 3371 191 3432 similia
207 3373 274 3434 loca
289 3373 328 3432 cle
343 3373 404 3434 hoc
419 3371 474 3432 usu
491 3375 578 3436 racia
596 3373 696 3434 clader
713 3375 892 3454 expromlrt.
933 3369 979 3428 lta
995 3383 1113 3446 nempe

81 3475 213 3534 Tacitus
236 3475 346 3535 llnrral.
371 3488 424 3554 ¹5·
449 3489 508 3549 37.
544 3475 621 3536 Non
645 3467 754 3564 defore
779 3463 940 3564 Arsacidis
959 3471 1111 3528 uirtutem

76 3567 312 3666 fornrnanrqrre
321 3566 453 3664 saepius
468 3579 532 3636 iarn
547 3577 696 3637 Romana
712 3573 800 3636 clade
818 3583 991 3651 expertam.
1019 3568 1130 3650 idem¹

82 3677 196 3738 Annal.
221 3687 275 3751 15,
301 3689 360 3750 72.
392 3677 480 3738 Nom
500 3689 530 3737 ct
550 3669 617 3768 ipse
635 3699 712 3758 pars
735 3679 953 3736 llonnrnarnrn
976 3666 1113 3728 cladium

82 3781 149 3839 erit.
204 3777 246 3836 Et
266 3775 404 3838 Ovidine
422 3778 551 3838 llletarn.
570 3793 602 3856 5.
624 3791 704 3854 257.
733 3775 833 3840 Clade
850 3774 961 3834 domin
976 3766 1016 3830 ob
1033 3771 1112 3846 Age·

81 3899 155 3942 nore
174 3875 300 3938 diaetae.
352 3879 396 3938 lta
415 3880 544 3958 quidem
564 3899 649 3939 nunc
668 3880 811 3962 vulgatae
831 3873 961 3937 lectioni
979 3873 1013 3930 in
1028 3867 1112 3928 Mela

82 3984 215 4060 eineque
233 3977 434 4058 explicationi
456 3979 607 4040 validiora
628 3977 757 4040 srrlrsnlia
778 3978 941 4042 admovit,
966 3983 1113 4050 recteque

82 4084 176 4143 ctiam
200 4075 326 4140 Volline
353 4080 526 4148 dubitarit,
557 4101 595 4142 an
618 4101 748 4162 nequam
771 4071 872 4166 cloffir
900 4093 958 4157 pro
983 4069 1115 4133 victoria

82 4183 186 4244 navali
210 4181 348 4264 politum
369 4183 541 4264 reperiatur
559 4184 757 4265 omninoque
779 4181 842 4242 aiei
863 4173 967 4262 possit.
1010 4171 1114 4235 llllulta
