<?xml version="1.0" encoding="UTF-8"?>
<!DOCTYPE html PUBLIC "-//W3C//DTD XHTML 1.0 Transitional//EN"
    "http://www.w3.org/TR/xhtml1/DTD/xhtml1-transitional.dtd">
<html xmlns="http://www.w3.org/1999/xhtml" xml:lang="en" lang="en">
 <head>
  <title>
</title>
<meta http-equiv="Content-Type" content="text/html;charset=utf-8" />
  <meta name='ocr-system' content='tesseract 3.04.00' />
  <meta name='ocr-capabilities' content='ocr_page ocr_carea ocr_par ocr_line ocrx_word'/>
</head>
<body>
  <div class='ocr_page' id='page_1' title='image "./pomponiimelaede05melagoog_0632.png"; bbox 0 0 2788 4942; ppageno 0'>
   <div class='ocr_carea' id='block_1_1' title="bbox 330 463 1088 566">
    <p class='ocr_par' dir='ltr' id='par_1_1' title="bbox 330 463 1088 566">
     <span class='ocr_line' id='line_1_1' title="bbox 330 463 1088 566; baseline 0.003 -28"><span class='ocrx_word' id='word_1_1' title='bbox 330 496 352 566; x_wconf 83' lang='lat'>4</span> <span class='ocrx_word' id='word_1_2' title='bbox 394 463 398 474; x_wconf 84' lang='lat'>‘</span> <span class='ocrx_word' id='word_1_3' title='bbox 623 483 879 544; x_wconf 76' lang='lat' dir='ltr'>vouvouu</span> <span class='ocrx_word' id='word_1_4' title='bbox 922 485 1088 542; x_wconf 72' lang='lat' dir='ltr'>num</span> 
     </span>
    </p>
   </div>
   <div class='ocr_carea' id='block_1_2' title="bbox 332 657 1347 846">
    <p class='ocr_par' dir='ltr' id='par_1_2' title="bbox 332 657 1347 846">
     <span class='ocr_line' id='line_1_2' title="bbox 485 657 1347 742; baseline -0.005 -18"><span class='ocrx_word' id='word_1_5' title='bbox 485 661 516 738; x_wconf 89' lang='lat'>§.</span> <span class='ocrx_word' id='word_1_6' title='bbox 547 677 578 724; x_wconf 87' lang='grc' dir='ltr'>ι.</span> <span class='ocrx_word' id='word_1_7' title='bbox 629 672 675 720; x_wconf 80' lang='grc' dir='ltr'>ιιι</span> <span class='ocrx_word' id='word_1_8' title='bbox 701 657 854 740; x_wconf 85' lang='lat' dir='ltr'>initio)</span> <span class='ocrx_word' id='word_1_9' title='bbox 902 657 994 723; x_wconf 83' lang='lat' dir='ltr'>Priut</span> <span class='ocrx_word' id='word_1_10' title='bbox 1014 657 1135 722; x_wconf 88' lang='lat' dir='ltr'>omittit</span> <span class='ocrx_word' id='word_1_11' title='bbox 1150 659 1244 722; x_wconf 80' lang='lat' dir='ltr'>Vatic.</span> <span class='ocrx_word' id='word_1_12' title='bbox 1265 657 1347 742; x_wconf 79' lang='lat' dir='ltr'>poste</span> 
     </span>
     <span class='ocr_line' id='line_1_3' title="bbox 332 761 805 846; baseline -0.002 -21"><span class='ocrx_word' id='word_1_13' title='bbox 332 763 409 826; x_wconf 80' lang='lat' dir='ltr'>riori</span> <span class='ocrx_word' id='word_1_14' title='bbox 430 761 538 824; x_wconf 86' lang='lat' dir='ltr'>Havn.</span> <span class='ocrx_word' id='word_1_15' title='bbox 564 761 740 846; x_wconf 78' lang='lat' dir='ltr'>praemittit</span> <span class='ocrx_word' id='word_1_16' title='bbox 761 761 805 824; x_wconf 86' lang='lat' dir='ltr'>iu.</span> 
     </span>
    </p>
   </div>
   <div class='ocr_carea' id='block_1_3' title="bbox 333 935 1348 1936">
    <p class='ocr_par' dir='ltr' id='par_1_3' title="bbox 333 935 1348 1936">
     <span class='ocr_line' id='line_1_4' title="bbox 407 935 1347 1020; baseline -0.004 -20"><span class='ocrx_word' id='word_1_17' title='bbox 407 937 574 1020; x_wconf 79' lang='lat' dir='ltr'><em>cingit)</em></span> <span class='ocrx_word' id='word_1_18' title='bbox 610 937 761 1000; x_wconf 72' lang='lat' dir='ltr'>Boethius</span> <span class='ocrx_word' id='word_1_19' title='bbox 783 935 839 999; x_wconf 92' lang='lat' dir='ltr'>lib.</span> <span class='ocrx_word' id='word_1_20' title='bbox 862 943 917 1016; x_wconf 76' lang='grc'>14.</span> <span class='ocrx_word' id='word_1_21' title='bbox 943 936 1151 1000; x_wconf 71' lang='lat' dir='ltr'>Adueniant.</span> <span class='ocrx_word' id='word_1_22' title='bbox 1172 953 1224 1012; x_wconf 75' lang='lat'>27.</span> <span class='ocrx_word' id='word_1_23' title='bbox 1238 957 1269 1020; x_wconf 87' lang='lat' dir='ltr'>p.</span> <span class='ocrx_word' id='word_1_24' title='bbox 1281 945 1347 1012; x_wconf 77' lang='lat'><strong>585.</strong></span> 
     </span>
     <span class='ocr_line' id='line_1_5' title="bbox 333 1033 1348 1128; baseline -0.011 -22"><span class='ocrx_word' id='word_1_25' title='bbox 333 1055 366 1106; x_wconf 91' lang='lat' dir='ltr'>et</span> <span class='ocrx_word' id='word_1_26' title='bbox 389 1041 445 1102; x_wconf 87' lang='lat' dir='ltr'>lib.</span> <span class='ocrx_word' id='word_1_27' title='bbox 469 1049 528 1122; x_wconf 75' lang='lat'>49.</span> <span class='ocrx_word' id='word_1_28' title='bbox 554 1061 582 1102; x_wconf 91' lang='lat' dir='ltr'>c.</span> <span class='ocrx_word' id='word_1_29' title='bbox 607 1059 637 1102; x_wconf 95' lang='grc' dir='ltr'>ι.</span> <span class='ocrx_word' id='word_1_30' title='bbox 672 1035 719 1128; x_wconf 81' lang='lat' dir='ltr'>[c.</span> <span class='ocrx_word' id='word_1_31' title='bbox 750 1033 829 1126; x_wconf 76' lang='lat'>13.]</span> <span class='ocrx_word' id='word_1_32' title='bbox 860 1059 893 1121; x_wconf 88' lang='lat' dir='ltr'>p.</span> <span class='ocrx_word' id='word_1_33' title='bbox 918 1053 1029 1119; x_wconf 77' lang='lat'><strong>2309.</strong></span> <span class='ocrx_word' id='word_1_34' title='bbox 1053 1039 1235 1102; x_wconf 81' lang='lat' dir='ltr'><strong>emendabat</strong></span> <span class='ocrx_word' id='word_1_35' title='bbox 1261 1038 1348 1118; x_wconf 77' lang='lat' dir='ltr'>giguit</span> 
     </span>
     <span class='ocr_line' id='line_1_6' title="bbox 337 1139 1348 1221; baseline -0.01 -15"><span class='ocrx_word' id='word_1_36' title='bbox 337 1143 492 1206; x_wconf 76' lang='lat' dir='ltr'><em>Oceanus.</em></span> <span class='ocrx_word' id='word_1_37' title='bbox 540 1159 573 1204; x_wconf 78' lang='grc' dir='ltr'>ι.</span> <span class='ocrx_word' id='word_1_38' title='bbox 608 1159 815 1202; x_wconf 81' lang='lat' dir='ltr'>ououovtve.</span> <span class='ocrx_word' id='word_1_39' title='bbox 894 1139 1021 1221; x_wconf 81' lang='lat' dir='ltr'>Nempe</span> <span class='ocrx_word' id='word_1_40' title='bbox 1056 1141 1227 1202; x_wconf 82' lang='lat' dir='ltr'>offenderat</span> <span class='ocrx_word' id='word_1_41' title='bbox 1257 1139 1348 1218; x_wconf 77' lang='lat' dir='ltr'>cingit,</span> 
     </span>
     <span class='ocr_line' id='line_1_7' title="bbox 334 1239 1348 1326; baseline -0.009 -22"><span class='ocrx_word' id='word_1_42' title='bbox 334 1247 420 1326; x_wconf 90' lang='lat' dir='ltr'>quod</span> <span class='ocrx_word' id='word_1_43' title='bbox 438 1241 490 1324; x_wconf 69' lang='grc' dir='ltr'>τῷ</span> <span class='ocrx_word' id='word_1_44' title='bbox 502 1243 654 1304; x_wconf 84' lang='lat' dir='ltr'>circuitus</span> <span class='ocrx_word' id='word_1_45' title='bbox 670 1243 778 1322; x_wconf 87' lang='lat' dir='ltr'>inepte</span> <span class='ocrx_word' id='word_1_46' title='bbox 795 1241 1030 1326; x_wconf 81' lang='lat' dir='ltr'>adiungeretur,</span> <span class='ocrx_word' id='word_1_47' title='bbox 1053 1257 1085 1304; x_wconf 88' lang='lat' dir='ltr'>et</span> <span class='ocrx_word' id='word_1_48' title='bbox 1101 1243 1241 1310; x_wconf 81' lang='lat' dir='ltr'>alterum,</span> <span class='ocrx_word' id='word_1_49' title='bbox 1261 1239 1348 1319; x_wconf 78' lang='lat' dir='ltr'>giguit</span> 
     </span>
     <span class='ocr_line' id='line_1_8' title="bbox 334 1339 1348 1428; baseline -0.01 -21"><span class='ocrx_word' id='word_1_50' title='bbox 334 1347 447 1407; x_wconf 83' lang='lat' dir='ltr'>Latine</span> <span class='ocrx_word' id='word_1_51' title='bbox 472 1357 505 1405; x_wconf 87' lang='lat' dir='ltr'>et</span> <span class='ocrx_word' id='word_1_52' title='bbox 531 1344 691 1428; x_wconf 82' lang='lat' dir='ltr'>eleganter</span> <span class='ocrx_word' id='word_1_53' title='bbox 715 1344 836 1404; x_wconf 84' lang='lat' dir='ltr'>dictum</span> <span class='ocrx_word' id='word_1_54' title='bbox 862 1343 1002 1424; x_wconf 80' lang='lat' dir='ltr'>putabat.</span> <span class='ocrx_word' id='word_1_55' title='bbox 1055 1345 1103 1405; x_wconf 82' lang='lat' dir='ltr'>lta</span> <span class='ocrx_word' id='word_1_56' title='bbox 1125 1347 1220 1406; x_wconf 81' lang='lat' dir='ltr'>etiam</span> <span class='ocrx_word' id='word_1_57' title='bbox 1240 1341 1303 1402; x_wconf 89' lang='lat' dir='ltr'>vult</span> <span class='ocrx_word' id='word_1_58' title='bbox 1323 1339 1348 1398; x_wconf 88' lang='lat' dir='ltr'>in</span> 
     </span>
     <span class='ocr_line' id='line_1_9' title="bbox 333 1441 1347 1528; baseline -0.014 -17"><span class='ocrx_word' id='word_1_59' title='bbox 333 1447 453 1511; x_wconf 82' lang='lat' dir='ltr'>Avieni</span> <span class='ocrx_word' id='word_1_60' title='bbox 476 1443 571 1508; x_wconf 82' lang='lat' dir='ltr'>defer.</span> <span class='ocrx_word' id='word_1_61' title='bbox 596 1465 629 1507; x_wconf 90' lang='lat' dir='ltr'>v.</span> <span class='ocrx_word' id='word_1_62' title='bbox 650 1457 708 1522; x_wconf 76' lang='lat'>78.</span> <span class='ocrx_word' id='word_1_63' title='bbox 747 1442 803 1504; x_wconf 91' lang='lat' dir='ltr'>ubi</span> <span class='ocrx_word' id='word_1_64' title='bbox 833 1443 933 1506; x_wconf 87' lang='lat' dir='ltr'>hodie</span> <span class='ocrx_word' id='word_1_65' title='bbox 959 1443 1121 1528; x_wconf 81' lang='lat' dir='ltr'>probatur.</span> <span class='ocrx_word' id='word_1_66' title='bbox 1171 1441 1347 1509; x_wconf 84' lang='lat' dir='ltr'>Commutni</span> 
     </span>
     <span class='ocr_line' id='line_1_10' title="bbox 333 1541 1346 1629; baseline -0.009 -18"><span class='ocrx_word' id='word_1_67' title='bbox 333 1563 504 1629; x_wconf 84' lang='lat' dir='ltr'>utmmque</span> <span class='ocrx_word' id='word_1_68' title='bbox 523 1545 660 1608; x_wconf 85' lang='lat' dir='ltr'>verbum</span> <span class='ocrx_word' id='word_1_69' title='bbox 676 1547 772 1606; x_wconf 84' lang='lat' dir='ltr'>docet</span> <span class='ocrx_word' id='word_1_70' title='bbox 788 1545 905 1606; x_wconf 81' lang='lat' dir='ltr'>Avieni</span> <span class='ocrx_word' id='word_1_71' title='bbox 924 1546 1012 1609; x_wconf 80' lang='lat' dir='ltr'>locut</span> <span class='ocrx_word' id='word_1_72' title='bbox 1031 1561 1063 1608; x_wconf 87' lang='lat' dir='ltr'>et</span> <span class='ocrx_word' id='word_1_73' title='bbox 1080 1549 1143 1608; x_wconf 82' lang='lat' dir='ltr'>viri</span> <span class='ocrx_word' id='word_1_74' title='bbox 1158 1547 1244 1610; x_wconf 84' lang='lat' dir='ltr'>docti</span> <span class='ocrx_word' id='word_1_75' title='bbox 1257 1544 1291 1606; x_wconf 78' lang='lat' dir='ltr'>ad</span> <span class='ocrx_word' id='word_1_76' title='bbox 1303 1541 1346 1604; x_wconf 85' lang='lat' dir='ltr'>Sil.</span> 
     </span>
     <span class='ocr_line' id='line_1_11' title="bbox 333 1646 1346 1732; baseline -0.002 -19"><span class='ocrx_word' id='word_1_77' title='bbox 333 1652 403 1714; x_wconf 79' lang='lat' dir='ltr'><strong>Ital.</strong></span> <span class='ocrx_word' id='word_1_78' title='bbox 421 1665 453 1728; x_wconf 76' lang='grc'>8,</span> <span class='ocrx_word' id='word_1_79' title='bbox 471 1650 556 1724; x_wconf 86' lang='grc' dir='ltr'><strong>6ι7.</strong></span> <span class='ocrx_word' id='word_1_80' title='bbox 591 1649 653 1710; x_wconf 83' lang='lat' dir='ltr'>Sed</span> <span class='ocrx_word' id='word_1_81' title='bbox 670 1667 743 1708; x_wconf 89' lang='lat' dir='ltr'>cum</span> <span class='ocrx_word' id='word_1_82' title='bbox 760 1665 874 1709; x_wconf 71' lang='lat' dir='ltr'>omnes</span> <span class='ocrx_word' id='word_1_83' title='bbox 890 1647 1009 1710; x_wconf 83' lang='lat' dir='ltr'>libriin</span> <span class='ocrx_word' id='word_1_84' title='bbox 1024 1649 1151 1732; x_wconf 78' lang='lat' dir='ltr'>volgata</span> <span class='ocrx_word' id='word_1_85' title='bbox 1167 1646 1346 1711; x_wconf 76' lang='lat' dir='ltr'>consentiant</span> 
     </span>
     <span class='ocr_line' id='line_1_12' title="bbox 333 1745 1346 1832; baseline -0.012 -16"><span class='ocrx_word' id='word_1_86' title='bbox 333 1767 406 1816; x_wconf 87' lang='lat' dir='ltr'>tum</span> <span class='ocrx_word' id='word_1_87' title='bbox 429 1753 550 1812; x_wconf 86' lang='lat' dir='ltr'>dictum</span> <span class='ocrx_word' id='word_1_88' title='bbox 572 1749 632 1812; x_wconf 83' lang='lat' dir='ltr'>effe</span> <span class='ocrx_word' id='word_1_89' title='bbox 654 1747 755 1832; x_wconf 83' lang='lat' dir='ltr'>potest</span> <span class='ocrx_word' id='word_1_90' title='bbox 776 1761 814 1808; x_wconf 91' lang='lat' dir='ltr'>ut</span> <span class='ocrx_word' id='word_1_91' title='bbox 835 1749 941 1810; x_wconf 86' lang='lat' dir='ltr'>vivere</span> <span class='ocrx_word' id='word_1_92' title='bbox 959 1752 1063 1811; x_wconf 84' lang='lat' dir='ltr'>vitam</span> <span class='ocrx_word' id='word_1_93' title='bbox 1086 1752 1196 1813; x_wconf 75' lang='lat' dir='ltr'>etalio</span> <span class='ocrx_word' id='word_1_94' title='bbox 1219 1745 1346 1810; x_wconf 75' lang='lat' dir='ltr'>vocabule</span> 
     </span>
     <span class='ocr_line' id='line_1_13' title="bbox 333 1850 1345 1936; baseline -0.01 -20"><span class='ocrx_word' id='word_1_95' title='bbox 333 1867 483 1936; x_wconf 77' lang='lat' dir='ltr'>cognata,</span> <span class='ocrx_word' id='word_1_96' title='bbox 518 1853 605 1934; x_wconf 85' lang='lat' dir='ltr'>quod</span> <span class='ocrx_word' id='word_1_97' title='bbox 639 1865 671 1912; x_wconf 87' lang='lat' dir='ltr'>et</span> <span class='ocrx_word' id='word_1_98' title='bbox 702 1850 740 1912; x_wconf 82' lang='lat' dir='ltr'>ad</span> <span class='ocrx_word' id='word_1_99' title='bbox 771 1851 932 1912; x_wconf 76' lang='lat' dir='ltr'>Avienum</span> <span class='ocrx_word' id='word_1_100' title='bbox 965 1853 1094 1912; x_wconf 88' lang='lat' dir='ltr'>monuit</span> <span class='ocrx_word' id='word_1_101' title='bbox 1126 1850 1345 1916; x_wconf 81' lang='lat' dir='ltr'>Wernsdotfiut.</span> 
     </span>
    </p>
   </div>
   <div class='ocr_carea' id='block_1_4' title="bbox 330 1947 1165 2035">
    <p class='ocr_par' dir='ltr' id='par_1_4' title="bbox 330 1947 1165 2035">
     <span class='ocr_line' id='line_1_14' title="bbox 330 1947 1165 2035; baseline -0.002 -15"><span class='ocrx_word' id='word_1_102' title='bbox 330 1955 406 2021; x_wconf 81' lang='lat' dir='ltr'>Post</span> <span class='ocrx_word' id='word_1_103' title='bbox 422 1954 530 2018; x_wconf 81' lang='lat' dir='ltr'>Cibin.</span> <span class='ocrx_word' id='word_1_104' title='bbox 554 1952 696 2016; x_wconf 87' lang='lat' dir='ltr'>vindob.</span> <span class='ocrx_word' id='word_1_105' title='bbox 721 1963 758 2012; x_wconf 84' lang='lat' dir='ltr'>ut</span> <span class='ocrx_word' id='word_1_106' title='bbox 771 1951 846 2013; x_wconf 83' lang='lat' dir='ltr'>alibi</span> <span class='ocrx_word' id='word_1_107' title='bbox 865 1947 978 2035; x_wconf 83' lang='lat' dir='ltr'><strong>paffim</strong></span> <span class='ocrx_word' id='word_1_108' title='bbox 999 1973 1165 2020; x_wconf 81' lang='lat' dir='ltr'><em>occeanus.</em></span> 
     </span>
    </p>
   </div>
   <div class='ocr_carea' id='block_1_5' title="bbox 330 2127 1346 2524">
    <p class='ocr_par' dir='ltr' id='par_1_5' title="bbox 330 2127 1346 2524">
     <span class='ocr_line' id='line_1_15' title="bbox 409 2127 1344 2231; baseline -0.005 -33"><span class='ocrx_word' id='word_1_109' title='bbox 409 2127 715 2227; x_wconf 81' lang='lat' dir='ltr'>infinitumque</span> <span class='ocrx_word' id='word_1_110' title='bbox 720 2133 739 2218; x_wconf 90' lang='lat'><em>)</em></span> <span class='ocrx_word' id='word_1_111' title='bbox 767 2135 925 2200; x_wconf 88' lang='lat' dir='ltr'>·Vindob.</span> <span class='ocrx_word' id='word_1_112' title='bbox 946 2151 979 2200; x_wconf 78' lang='lat' dir='ltr'>et</span> <span class='ocrx_word' id='word_1_113' title='bbox 1000 2136 1174 2231; x_wconf 78' lang='lat' dir='ltr'>infinitum,</span> <span class='ocrx_word' id='word_1_114' title='bbox 1197 2139 1242 2200; x_wconf 85' lang='lat' dir='ltr'>uti</span> <span class='ocrx_word' id='word_1_115' title='bbox 1256 2151 1344 2199; x_wconf 71' lang='lat' dir='ltr'>omnes</span> 
     </span>
     <span class='ocr_line' id='line_1_16' title="bbox 331 2237 1346 2332; baseline -0.014 -28"><span class='ocrx_word' id='word_1_116' title='bbox 331 2239 492 2304; x_wconf 76' lang='lat' dir='ltr'>editiones</span> <span class='ocrx_word' id='word_1_117' title='bbox 506 2253 580 2300; x_wconf 81' lang='lat' dir='ltr'>onte</span> <span class='ocrx_word' id='word_1_118' title='bbox 594 2249 654 2317; x_wconf 76' lang='lat'>4¹·</span> <span class='ocrx_word' id='word_1_119' title='bbox 683 2239 717 2298; x_wconf 89' lang='lat' dir='ltr'>in</span> <span class='ocrx_word' id='word_1_120' title='bbox 734 2259 795 2320; x_wconf 81' lang='lat' dir='ltr'>quo</span> <span class='ocrx_word' id='word_1_121' title='bbox 813 2242 838 2302; x_wconf 93' lang='lat' dir='ltr'>l.</span> <span class='ocrx_word' id='word_1_122' title='bbox 857 2239 1043 2302; x_wconf 72' lang='lat' dir='ltr'>Gronovius</span> <span class='ocrx_word' id='word_1_123' title='bbox 1063 2244 1185 2322; x_wconf 84' lang='lat' dir='ltr'>recepit</span> <span class='ocrx_word' id='word_1_124' title='bbox 1201 2237 1346 2332; x_wconf 73' lang='lat' dir='ltr'>infinitum·</span> 
     </span>
     <span class='ocr_line' id='line_1_17' title="bbox 330 2336 1343 2426; baseline -0.003 -26"><span class='ocrx_word' id='word_1_125' title='bbox 330 2362 404 2426; x_wconf 83' lang='lat' dir='ltr'>que,</span> <span class='ocrx_word' id='word_1_126' title='bbox 438 2341 527 2422; x_wconf 88' lang='lat' dir='ltr'>quod</span> <span class='ocrx_word' id='word_1_127' title='bbox 550 2339 655 2423; x_wconf 77' lang='lat' dir='ltr'>postea</span> <span class='ocrx_word' id='word_1_128' title='bbox 681 2339 857 2421; x_wconf 80' lang='lat' dir='ltr'>probarunt</span> <span class='ocrx_word' id='word_1_129' title='bbox 884 2359 997 2406; x_wconf 73' lang='lat' dir='ltr'>omnes</span> <span class='ocrx_word' id='word_1_130' title='bbox 1021 2355 1055 2404; x_wconf 85' lang='lat' dir='ltr'>et</span> <span class='ocrx_word' id='word_1_131' title='bbox 1080 2343 1235 2406; x_wconf 76' lang='lat' dir='ltr'>exhibent</span> <span class='ocrx_word' id='word_1_132' title='bbox 1255 2336 1343 2418; x_wconf 82' lang='lat' dir='ltr'>teliq&#39;</span> 
     </span>
     <span class='ocr_line' id='line_1_18' title="bbox 331 2439 857 2524; baseline -0.002 -18"><span class='ocrx_word' id='word_1_133' title='bbox 331 2443 475 2514; x_wconf 71' lang='lat' dir='ltr'>codices,</span> <span class='ocrx_word' id='word_1_134' title='bbox 501 2455 635 2524; x_wconf 86' lang='lat' dir='ltr'>excepto</span> <span class='ocrx_word' id='word_1_135' title='bbox 651 2439 733 2504; x_wconf 79' lang='lat' dir='ltr'>sorte</span> <span class='ocrx_word' id='word_1_136' title='bbox 750 2442 857 2506; x_wconf 79' lang='lat' dir='ltr'>Havn.</span> 
     </span>
    </p>
   </div>
   <div class='ocr_carea' id='block_1_6' title="bbox 330 2619 1344 2814">
    <p class='ocr_par' dir='ltr' id='par_1_6' title="bbox 330 2619 1344 2814">
     <span class='ocr_line' id='line_1_19' title="bbox 404 2619 1344 2712; baseline -0.004 -22"><span class='ocrx_word' id='word_1_137' title='bbox 404 2641 441 2690; x_wconf 81' lang='lat' dir='ltr'>et</span> <span class='ocrx_word' id='word_1_138' title='bbox 466 2627 650 2710; x_wconf 78' lang='lat' dir='ltr'>maguis)</span> <span class='ocrx_word' id='word_1_139' title='bbox 698 2625 806 2692; x_wconf 90' lang='lat' dir='ltr'>Cibin.</span> <span class='ocrx_word' id='word_1_140' title='bbox 837 2627 937 2690; x_wconf 78' lang='lat' dir='ltr'>Vatic.</span> <span class='ocrx_word' id='word_1_141' title='bbox 960 2628 988 2689; x_wconf 85' lang='lat' dir='ltr'>it</span> <span class='ocrx_word' id='word_1_142' title='bbox 1017 2631 1154 2710; x_wconf 83' lang='lat' dir='ltr'>maguis.</span> <span class='ocrx_word' id='word_1_143' title='bbox 1206 2619 1344 2712; x_wconf 69' lang='lat' dir='ltr'>Magno</span> 
     </span>
     <span class='ocr_line' id='line_1_20' title="bbox 330 2727 1030 2814; baseline -0.001 -20"><span class='ocrx_word' id='word_1_144' title='bbox 330 2750 455 2794; x_wconf 85' lang='lat' dir='ltr'>nexum</span> <span class='ocrx_word' id='word_1_145' title='bbox 476 2727 551 2792; x_wconf 74' lang='lat' dir='ltr'>facit</span> <span class='ocrx_word' id='word_1_146' title='bbox 567 2732 666 2813; x_wconf 81' lang='lat' dir='ltr'>print.</span> <span class='ocrx_word' id='word_1_147' title='bbox 704 2729 798 2814; x_wconf 79' lang='lat' dir='ltr'><strong>Prog.</strong></span> <span class='ocrx_word' id='word_1_148' title='bbox 821 2731 1030 2793; x_wconf 70' lang='lat' dir='ltr'>convinctum.</span> 
     </span>
    </p>
   </div>
   <div class='ocr_carea' id='block_1_7' title="bbox 325 2909 1343 3203">
    <p class='ocr_par' dir='ltr' id='par_1_7' title="bbox 325 2909 1343 3203">
     <span class='ocr_line' id='line_1_21' title="bbox 406 2909 1341 2997; baseline -0.015 -17"><span class='ocrx_word' id='word_1_149' title='bbox 406 2916 521 2979; x_wconf 82' lang='lat' dir='ltr'>modo</span> <span class='ocrx_word' id='word_1_150' title='bbox 547 2913 752 2994; x_wconf 78' lang='lat' dir='ltr'>inundat)</span> <span class='ocrx_word' id='word_1_151' title='bbox 800 2915 893 2978; x_wconf 71' lang='lat' dir='ltr'>Prius</span> <span class='ocrx_word' id='word_1_152' title='bbox 907 2915 990 2977; x_wconf 82' lang='lat' dir='ltr'>deest</span> <span class='ocrx_word' id='word_1_153' title='bbox 1007 2917 1040 2975; x_wconf 89' lang='lat' dir='ltr'>in</span> <span class='ocrx_word' id='word_1_154' title='bbox 1058 2915 1144 2997; x_wconf 82' lang='lat' dir='ltr'><strong>Lips.</strong></span> <span class='ocrx_word' id='word_1_155' title='bbox 1185 2915 1267 2976; x_wconf 88' lang='lat' dir='ltr'>Tum</span> <span class='ocrx_word' id='word_1_156' title='bbox 1280 2909 1341 2967; x_wconf 72' lang='lat' dir='ltr'>ven.</span> 
     </span>
     <span class='ocr_line' id='line_1_22' title="bbox 326 3005 1343 3107; baseline -0.015 -26"><span class='ocrx_word' id='word_1_157' title='bbox 326 3017 432 3081; x_wconf 82' lang='lat' dir='ltr'>Vatic.</span> <span class='ocrx_word' id='word_1_158' title='bbox 453 3033 485 3098; x_wconf 79' lang='lat'>3.</span> <span class='ocrx_word' id='word_1_159' title='bbox 510 3019 617 3079; x_wconf 85' lang='lat' dir='ltr'>Havn.</span> <span class='ocrx_word' id='word_1_160' title='bbox 640 3013 734 3078; x_wconf 83' lang='lat' dir='ltr'>Parii.</span> <span class='ocrx_word' id='word_1_161' title='bbox 755 3033 786 3080; x_wconf 84' lang='grc'>9.</span> <span class='ocrx_word' id='word_1_162' title='bbox 809 3017 914 3077; x_wconf 81' lang='lat' dir='ltr'>nudat</span> <span class='ocrx_word' id='word_1_163' title='bbox 935 3039 1004 3078; x_wconf 88' lang='lat' dir='ltr'>cum</span> <span class='ocrx_word' id='word_1_164' title='bbox 1026 3007 1161 3107; x_wconf 78' lang='lat' dir='ltr'>refugit.</span> <span class='ocrx_word' id='word_1_165' title='bbox 1199 3018 1244 3077; x_wconf 81' lang='lat' dir='ltr'>Ita</span> <span class='ocrx_word' id='word_1_166' title='bbox 1262 3005 1343 3096; x_wconf 85' lang='lat' dir='ltr'>potest</span> 
     </span>
     <span class='ocr_line' id='line_1_23' title="bbox 325 3115 966 3203; baseline -0.006 -21"><span class='ocrx_word' id='word_1_167' title='bbox 325 3121 453 3203; x_wconf 85' lang='lat' dir='ltr'>utique,</span> <span class='ocrx_word' id='word_1_168' title='bbox 479 3117 531 3180; x_wconf 84' lang='lat' dir='ltr'>sed</span> <span class='ocrx_word' id='word_1_169' title='bbox 550 3117 667 3182; x_wconf 80' lang='lat' dir='ltr'>melius</span> <span class='ocrx_word' id='word_1_170' title='bbox 684 3115 785 3180; x_wconf 84' lang='lat' dir='ltr'>divise</span> <span class='ocrx_word' id='word_1_171' title='bbox 806 3131 840 3180; x_wconf 87' lang='lat' dir='ltr'>et</span> <span class='ocrx_word' id='word_1_172' title='bbox 856 3117 966 3181; x_wconf 84' lang='lat' dir='ltr'>solute.</span> 
     </span>
    </p>
   </div>
   <div class='ocr_carea' id='block_1_8' title="bbox 254 3292 1342 4302">
    <p class='ocr_par' dir='ltr' id='par_1_8' title="bbox 254 3292 1342 4302">
     <span class='ocr_line' id='line_1_24' title="bbox 402 3292 1341 3388; baseline -0.012 -20"><span class='ocrx_word' id='word_1_173' title='bbox 402 3327 480 3368; x_wconf 87' lang='lat' dir='ltr'>uon</span> <span class='ocrx_word' id='word_1_174' title='bbox 507 3303 617 3366; x_wconf 83' lang='lat' dir='ltr'>alios</span> <span class='ocrx_word' id='word_1_175' title='bbox 644 3303 855 3388; x_wconf 83' lang='lat' dir='ltr'>aliosque)</span> <span class='ocrx_word' id='word_1_176' title='bbox 897 3305 944 3365; x_wconf 78' lang='lat' dir='ltr'>lta</span> <span class='ocrx_word' id='word_1_177' title='bbox 960 3305 1086 3366; x_wconf 69' lang='lat' dir='ltr'>codices</span> <span class='ocrx_word' id='word_1_178' title='bbox 1101 3297 1216 3370; x_wconf 76' lang='lat' dir='ltr'>Voffii.</span> <span class='ocrx_word' id='word_1_179' title='bbox 1237 3313 1266 3360; x_wconf 89' lang='lat' dir='ltr'>et</span> <span class='ocrx_word' id='word_1_180' title='bbox 1281 3292 1341 3357; x_wconf 81' lang='lat' dir='ltr'><strong>Abr.</strong></span> 
     </span>
     <span class='ocr_line' id='line_1_25' title="bbox 327 3393 1342 3488; baseline -0.016 -19"><span class='ocrx_word' id='word_1_181' title='bbox 327 3407 499 3476; x_wconf 85' lang='lat' dir='ltr'>Gronovii‚</span> <span class='ocrx_word' id='word_1_182' title='bbox 523 3409 664 3488; x_wconf 83' lang='lat' dir='ltr'>itemque</span> <span class='ocrx_word' id='word_1_183' title='bbox 688 3405 794 3466; x_wconf 85' lang='lat' dir='ltr'>Fulvii</span> <span class='ocrx_word' id='word_1_184' title='bbox 811 3405 927 3476; x_wconf 83' lang='lat' dir='ltr'>Vrfiui,</span> <span class='ocrx_word' id='word_1_185' title='bbox 951 3405 1025 3469; x_wconf 84' lang='lat' dir='ltr'>teste</span> <span class='ocrx_word' id='word_1_186' title='bbox 1047 3405 1226 3472; x_wconf 82' lang='lat' dir='ltr'>Ciacconio,</span> <span class='ocrx_word' id='word_1_187' title='bbox 1248 3393 1342 3460; x_wconf 82' lang='lat' dir='ltr'>etmti</span> 
     </span>
     <span class='ocr_line' id='line_1_26' title="bbox 326 3497 1342 3592; baseline -0.013 -21"><span class='ocrx_word' id='word_1_188' title='bbox 326 3527 457 3580; x_wconf 87' lang='lat' dir='ltr'>omnes;</span> <span class='ocrx_word' id='word_1_189' title='bbox 489 3521 615 3568; x_wconf 83' lang='lat' dir='ltr'>tantum</span> <span class='ocrx_word' id='word_1_190' title='bbox 636 3505 740 3568; x_wconf 86' lang='lat' dir='ltr'>Vatio.</span> <span class='ocrx_word' id='word_1_191' title='bbox 760 3521 791 3582; x_wconf 74' lang='lat'>3.</span> <span class='ocrx_word' id='word_1_192' title='bbox 817 3521 849 3568; x_wconf 85' lang='lat' dir='ltr'>et</span> <span class='ocrx_word' id='word_1_193' title='bbox 872 3507 961 3592; x_wconf 80' lang='lat' dir='ltr'><strong>Prag.</strong></span> <span class='ocrx_word' id='word_1_194' title='bbox 984 3527 1040 3566; x_wconf 87' lang='lat' dir='ltr'>uec</span> <span class='ocrx_word' id='word_1_195' title='bbox 1056 3506 1137 3566; x_wconf 83' lang='lat' dir='ltr'>alios</span> <span class='ocrx_word' id='word_1_196' title='bbox 1160 3533 1209 3547; x_wconf 90' lang='lat'>-·</span> <span class='ocrx_word' id='word_1_197' title='bbox 1257 3497 1342 3560; x_wconf 82' lang='lat' dir='ltr'>Nont</span> 
     </span>
     <span class='ocr_line' id='line_1_27' title="bbox 254 3602 1342 3688; baseline -0.011 -14"><span class='ocrx_word' id='word_1_198' title='bbox 254 3615 258 3620; x_wconf 86' lang='lat'>&#39;</span> <span class='ocrx_word' id='word_1_199' title='bbox 324 3614 421 3673; x_wconf 80' lang='lat' dir='ltr'>etiam</span> <span class='ocrx_word' id='word_1_200' title='bbox 439 3609 627 3672; x_wconf 78' lang='lat' dir='ltr'>Ciacconiue</span> <span class='ocrx_word' id='word_1_201' title='bbox 647 3627 710 3668; x_wconf 85' lang='lat' dir='ltr'>non</span> <span class='ocrx_word' id='word_1_202' title='bbox 725 3607 874 3688; x_wconf 80' lang='lat' dir='ltr'>aliosque,</span> <span class='ocrx_word' id='word_1_203' title='bbox 900 3611 951 3670; x_wconf 87' lang='lat' dir='ltr'>cui</span> <span class='ocrx_word' id='word_1_204' title='bbox 967 3609 1048 3669; x_wconf 78' lang='lat' dir='ltr'>addo</span> <span class='ocrx_word' id='word_1_205' title='bbox 1065 3626 1103 3668; x_wconf 84' lang='lat' dir='ltr'>ex</span> <span class='ocrx_word' id='word_1_206' title='bbox 1118 3602 1210 3668; x_wconf 80' lang='lat' dir='ltr'>Parii.</span> <span class='ocrx_word' id='word_1_207' title='bbox 1225 3616 1255 3682; x_wconf 81' lang='lat'>3.</span> <span class='ocrx_word' id='word_1_208' title='bbox 1272 3611 1342 3658; x_wconf 84' lang='lat' dir='ltr'>none</span> 
     </span>
     <span class='ocr_line' id='line_1_28' title="bbox 324 3705 1340 3795; baseline -0.008 -21"><span class='ocrx_word' id='word_1_209' title='bbox 324 3713 407 3774; x_wconf 84' lang='lat' dir='ltr'>alios</span> <span class='ocrx_word' id='word_1_210' title='bbox 429 3741 478 3754; x_wconf 91' lang='lat'><em>-</em></span> <span class='ocrx_word' id='word_1_211' title='bbox 505 3713 553 3772; x_wconf 89' lang='lat' dir='ltr'>uti</span> <span class='ocrx_word' id='word_1_212' title='bbox 572 3711 692 3795; x_wconf 81' lang='lat' dir='ltr'>legitur</span> <span class='ocrx_word' id='word_1_213' title='bbox 712 3710 746 3770; x_wconf 91' lang='lat' dir='ltr'>in</span> <span class='ocrx_word' id='word_1_214' title='bbox 768 3709 840 3772; x_wconf 86' lang='lat' dir='ltr'>edd.</span> <span class='ocrx_word' id='word_1_215' title='bbox 870 3731 897 3772; x_wconf 87' lang='lat'>1.</span> <span class='ocrx_word' id='word_1_216' title='bbox 923 3726 957 3772; x_wconf 88' lang='grc'>9.</span> <span class='ocrx_word' id='word_1_217' title='bbox 980 3723 1012 3788; x_wconf 77' lang='grc'>5.</span> <span class='ocrx_word' id='word_1_218' title='bbox 1036 3721 1072 3789; x_wconf 72' lang='lat'>4.</span> <span class='ocrx_word' id='word_1_219' title='bbox 1097 3723 1129 3786; x_wconf 87' lang='lat'>5.</span> <span class='ocrx_word' id='word_1_220' title='bbox 1153 3705 1184 3772; x_wconf 89' lang='lat'>6.</span> <span class='ocrx_word' id='word_1_221' title='bbox 1210 3721 1239 3781; x_wconf 88' lang='lat'>7.</span> <span class='ocrx_word' id='word_1_222' title='bbox 1263 3713 1291 3778; x_wconf 84' lang='lat'>8·</span> <span class='ocrx_word' id='word_1_223' title='bbox 1312 3713 1340 3773; x_wconf 88' lang='lat'>9·</span> 
     </span>
     <span class='ocr_line' id='line_1_29' title="bbox 328 3811 1338 3891; baseline -0.006 -17"><span class='ocrx_word' id='word_1_224' title='bbox 328 3835 384 3878; x_wconf 86' lang='grc' dir='ltr'>ιο.</span> <span class='ocrx_word' id='word_1_225' title='bbox 408 3835 461 3874; x_wconf 95' lang='grc' dir='ltr'>ιι.</span> <span class='ocrx_word' id='word_1_226' title='bbox 486 3828 541 3875; x_wconf 84' lang='grc' dir='ltr'>ι9.</span> <span class='ocrx_word' id='word_1_227' title='bbox 566 3826 622 3890; x_wconf 79' lang='lat'>13.</span> <span class='ocrx_word' id='word_1_228' title='bbox 650 3820 703 3889; x_wconf 76' lang='lat'>¹4·</span> <span class='ocrx_word' id='word_1_229' title='bbox 726 3823 780 3888; x_wconf 81' lang='lat'>15.</span> <span class='ocrx_word' id='word_1_230' title='bbox 810 3812 865 3873; x_wconf 82' lang='grc' dir='ltr'>ιδ.</span> <span class='ocrx_word' id='word_1_231' title='bbox 896 3831 949 3891; x_wconf 80' lang='lat'>¹7·</span> <span class='ocrx_word' id='word_1_232' title='bbox 978 3823 1034 3888; x_wconf 70' lang='grc' dir='ltr'>ιδ.</span> <span class='ocrx_word' id='word_1_233' title='bbox 1058 3829 1112 3889; x_wconf 86' lang='grc' dir='ltr'>ι9.</span> <span class='ocrx_word' id='word_1_234' title='bbox 1138 3823 1194 3871; x_wconf 88' lang='grc' dir='ltr'>9ο.</span> <span class='ocrx_word' id='word_1_235' title='bbox 1218 3823 1269 3869; x_wconf 84' lang='lat'>21·</span> <span class='ocrx_word' id='word_1_236' title='bbox 1290 3811 1338 3860; x_wconf 74' lang='lat'>22·</span> 
     </span>
     <span class='ocr_line' id='line_1_30' title="bbox 326 3899 1339 3996; baseline -0.012 -16"><span class='ocrx_word' id='word_1_237' title='bbox 326 3931 384 3996; x_wconf 74' lang='lat'>23.</span> <span class='ocrx_word' id='word_1_238' title='bbox 411 3925 468 3994; x_wconf 72' lang='lat'>24.</span> <span class='ocrx_word' id='word_1_239' title='bbox 492 3927 550 3990; x_wconf 86' lang='grc'>95.</span> <span class='ocrx_word' id='word_1_240' title='bbox 582 3911 741 3974; x_wconf 81' lang='lat' dir='ltr'>Vadiann.</span> <span class='ocrx_word' id='word_1_241' title='bbox 776 3911 912 3976; x_wconf 83' lang='lat' dir='ltr'>Olivavv.</span> <span class='ocrx_word' id='word_1_242' title='bbox 944 3913 1056 3974; x_wconf 86' lang='lat' dir='ltr'>Vinet.</span> <span class='ocrx_word' id='word_1_243' title='bbox 1082 3910 1215 3974; x_wconf 82' lang='lat' dir='ltr'>Schotto</span> <span class='ocrx_word' id='word_1_244' title='bbox 1240 3899 1339 3986; x_wconf 66' lang='lat' dir='ltr'>placuit</span> 
     </span>
     <span class='ocr_line' id='line_1_31' title="bbox 319 4007 1335 4096; baseline -0.014 -17"><span class='ocrx_word' id='word_1_245' title='bbox 319 4017 441 4080; x_wconf 78' lang='lat' dir='ltr'>necati</span> <span class='ocrx_word' id='word_1_246' title='bbox 463 4016 543 4076; x_wconf 77' lang='lat' dir='ltr'>alios</span> <span class='ocrx_word' id='word_1_247' title='bbox 563 4015 722 4096; x_wconf 84' lang='lat' dir='ltr'>aliosque,·</span> <span class='ocrx_word' id='word_1_248' title='bbox 755 4008 883 4084; x_wconf 86' lang='lat' dir='ltr'>Voffio‚</span> <span class='ocrx_word' id='word_1_249' title='bbox 918 4035 1013 4096; x_wconf 86' lang='lat' dir='ltr'>quem</span> <span class='ocrx_word' id='word_1_250' title='bbox 1037 4015 1175 4076; x_wconf 87' lang='lat' dir='ltr'>reddunt</span> <span class='ocrx_word' id='word_1_251' title='bbox 1198 4007 1265 4070; x_wconf 87' lang='lat' dir='ltr'>edd.</span> <span class='ocrx_word' id='word_1_252' title='bbox 1287 4011 1335 4078; x_wconf 74' lang='lat'>40·</span> 
     </span>
     <span class='ocr_line' id='line_1_32' title="bbox 318 4100 1338 4203; baseline -0.021 -23"><span class='ocrx_word' id='word_1_253' title='bbox 318 4129 379 4203; x_wconf 75' lang='grc' dir='ltr'>[μ.</span> <span class='ocrx_word' id='word_1_254' title='bbox 397 4129 456 4196; x_wconf 83' lang='grc'>49.</span> <span class='ocrx_word' id='word_1_255' title='bbox 479 4137 542 4178; x_wconf 82' lang='lat' dir='ltr'>nott</span> <span class='ocrx_word' id='word_1_256' title='bbox 562 4116 626 4176; x_wconf 87' lang='lat' dir='ltr'>alio</span> <span class='ocrx_word' id='word_1_257' title='bbox 649 4117 795 4197; x_wconf 82' lang='lat' dir='ltr'>alioque;</span> <span class='ocrx_word' id='word_1_258' title='bbox 820 4117 896 4176; x_wconf 85' lang='lat' dir='ltr'>inde</span> <span class='ocrx_word' id='word_1_259' title='bbox 919 4138 993 4177; x_wconf 83' lang='lat' dir='ltr'>cunt</span> <span class='ocrx_word' id='word_1_260' title='bbox 1012 4115 1186 4178; x_wconf 74' lang='lat' dir='ltr'>Reinoldio</span> <span class='ocrx_word' id='word_1_261' title='bbox 1208 4129 1245 4172; x_wconf 87' lang='lat' dir='ltr'>ex</span> <span class='ocrx_word' id='word_1_262' title='bbox 1264 4100 1338 4165; x_wconf 79' lang='lat' dir='ltr'>tibris</span> 
     </span>
     <span class='ocr_line' id='line_1_33' title="bbox 317 4201 1336 4302; baseline -0.007 -20"><span class='ocrx_word' id='word_1_263' title='bbox 317 4223 415 4296; x_wconf 79' lang='lat' dir='ltr'>rediit</span> <span class='ocrx_word' id='word_1_264' title='bbox 430 4239 494 4282; x_wconf 87' lang='lat' dir='ltr'>non</span> <span class='ocrx_word' id='word_1_265' title='bbox 511 4219 592 4280; x_wconf 85' lang='lat' dir='ltr'>alios</span> <span class='ocrx_word' id='word_1_266' title='bbox 609 4219 761 4302; x_wconf 79' lang='lat' dir='ltr'>aliosque.</span> <span class='ocrx_word' id='word_1_267' title='bbox 789 4235 997 4283; x_wconf 74' lang='lat' dir='ltr'>vzscovcno.</span> <span class='ocrx_word' id='word_1_268' title='bbox 1039 4219 1136 4280; x_wconf 82' lang='lat' dir='ltr'>Nunc</span> <span class='ocrx_word' id='word_1_269' title='bbox 1157 4212 1225 4302; x_wconf 82' lang='lat'>-)</span> <span class='ocrx_word' id='word_1_270' title='bbox 1272 4201 1336 4269; x_wconf 66' lang='lat'>50¹5·</span> 
     </span>
    </p>
   </div>
   <div class='ocr_carea' id='block_1_9' title="bbox 0 0 1398 4942">
    <p class='ocr_par' dir='ltr' id='par_1_9' title="bbox 0 0 1398 4942">
     <span class='ocr_line' id='line_1_34' title="bbox 0 0 1398 4942; baseline 0 0"><span class='ocrx_word' id='word_1_271' title='bbox 0 0 1398 4942; x_wconf 95' lang='lat' dir='ltr'> </span> 
     </span>
    </p>
   </div>
  </div>
 </body>
</html>
