2814 4946
320 423 384 496 493
620 411 866 472 rourorsrr
909 413 1072 500 uenire

320 588 500 670 Stephanus
521 601 553 650 et
568 585 748 666 Hesychius
765 585 798 650 h.
812 606 846 651 v.
871 583 1019 654 scribunt.
1046 607 1084 648 ex
1099 586 1220 652 Latinis
1234 586 1350 652 Plinius

323 705 357 772 5,
384 707 416 754 r.
437 689 455 752 s.
475 703 510 771 4.
544 691 672 752 Solinus
696 709 762 768 cap.
783 701 841 764 5ο.
859 685 879 750 s.
898 703 955 760 27.
1010 687 1060 751 Cs.
1079 692 1117 749 de
1138 691 1195 752 hac
1212 693 1350 750 variatio·

322 815 365 858 ne
392 797 424 854 iu
450 792 632 854 auctoribus
658 791 752 852 obvia
779 793 823 848 du
855 787 967 850 Fresne
996 793 1035 852 ad
1064 791 1186 854 Chrou.
1214 791 1351 853 Paschale

322 917 356 982 p.
377 911 434 966 2„
459 896 538 956 Vsu.
591 893 681 954 Nihil
706 891 805 976 igitur
821 891 854 952 iu
873 908 996 973 recepta
1019 889 1118 954 sorma
1136 895 1277 961 mutavi.
1302 893 1352 952 etsi

323 1017 437 1062 ornnes
454 993 517 1056 sere
535 994 607 1054 libri
628 995 742 1056 Illerrix
761 995 881 1065 velint.
904 996 991 1076 quod
1005 996 1136 1077 quidem
1151 997 1287 1058 omnino
1304 995 1353 1056 vix

323 1099 465 1162 damnari
486 1097 569 1180 polle
595 1098 732 1160 ridetur.

404 1297 637 1380 Carcinite)
688 1293 770 1360 Vols.
800 1317 830 1362 ι.
863 1297 1039 1361 Mediolau.
1075 1299 1185 1364 Cibin.
1212 1300 1355 1372 Certina‚·

325 1403 418 1486 Prag.
441 1407 588 1472 circum
617 1399 754 1460 Vindob.
773 1420 923 1468 carnem:
949 1399 1043 1464 Paris.
1062 1402 1239 1476 Cercinam
1266 1405 1355 1463 Vatis.

327 1504 411 1588 Lips.
435 1504 518 1564 Gud.
540 1501 713 1582 Rehdiger.
740 1502 849 1564 l'euet.
874 1501 1022 1564 Cioccon.
1041 1504 1186 1567 Cercina.
1225 1505 1305 1564 Edd.
1326 1523 1352 1565 1.

327 1607 493 1676 odardum
536 1619 566 1666 2.
593 1603 770 1671 ecbereiuor
815 1623 868 1664 st.
897 1603 1084 1676 charentum·
1121 1607 1262 1686 reliquae
1290 1607 1354 1666 Cer·

325 1709 421 1770 cinna
438 1719 560 1787 praeter
584 1717 636 1778 ⁸3.
656 1717 686 1764 et
708 1703 943 1773 Reiuoldianas.
967 1705 1133 1786 inquibus
1155 1709 1274 1790 legitur
1291 1706 1355 1767 Cer·

325 1811 414 1877 ct'na,
446 1805 530 1888 quod
549 1805 662 1886 probat
688 1805 722 1864 A.
744 1803 929 1866 Gronovius
949 1823 985 1868 ert
1005 1807 1191 1870 Ptolemaeo
1210 1821 1245 1885 4.
1272 1823 1301 1886 3.
1326 1819 1354 1866 et

325 1911 434 1973 Plinio
459 1921 490 1984 5,
514 1921 547 1977 7.
567 1903 580 1965 s
604 1921 637 1984 4.
691 1907 737 1966 lta
759 1924 836 1966 vero
854 1903 1035 1986 praeferunt
1054 1909 1106 1968 alii
1127 1911 1242 1980 multi,
1268 1911 1298 1968 in
1321 1907 1355 1966 iis

325 2013 461 2074 Diodor.
481 2021 513 2085 5,
536 2023 590 2070 ια.
617 2007 771 2082 Polybius
791 2021 822 2090 5,
838 2009 897 2086 96.
921 2025 975 2072 to.
1003 2011 1193 2073 Plutarchus
1210 2014 1242 2072 in
1263 2010 1354 2068 Mario

327 2127 430 2188 coo.
454 2111 499 2172 in.
536 2109 738 2191 Agathemer.
764 2128 792 2178 t,
818 2119 851 2185 5.
887 2129 926 2168 ex
949 2111 1070 2172 Latinis
1094 2113 1280 2191 Lirius33‚
1301 2121 1353 2186 48.

325 2214 455 2274 Tacitus
471 2210 579 2270 dunas.
605 2229 632 2279 t,
650 2221 708 2284 53.
734 2219 769 2287 4,
794 2201 847 2285 13.
886 2211 926 2270 Et
946 2209 985 2272 stc
1002 2211 1192 2292 posteriores
1207 2216 1352 2275 Antonin.

325 2314 360 2374 in
378 2313 447 2372 itin.
466 2333 497 2394 p.
518 2321 602 2388 5ι8.
630 2309 747 2393 Geogr.
765 2311 911 2372 Ravenn.
931 2323 963 2389 5,
987 2323 1031 2388 25
1063 2315 1182 2376 etalii.
1224 2317 1260 2375 lo
1282 2319 1354 2374 Stra·

324 2413 411 2476 bone
432 2413 487 2474 lib.
508 2427 562 2489 17.
586 2432 617 2494 p.
634 2431 678 2474 ru.
699 2422 783 2490 574.
801 2409 822 2472 s.
840 2423 925 2490 854.
949 2412 993 2474 cll
1010 2412 1186 2500 Κέρκιννα,
1216 2413 1264 2476 sed
1287 2413 1355 2498 lisp-

326 2537 400 2580 κινα
423 2514 478 2577 lib.
506 2530 538 2578 2.
565 2533 597 2593 p.
620 2521 678 2590 84.
703 2509 722 2572 s.
751 2525 829 2590 123.
881 2515 1008 2594 Duplex
1029 2539 1045 2578 v
1069 2516 1163 2578 habet
1192 2519 1353 2594 Dionysius

324 2639 358 2678 v.
383 2627 467 2696 48η.
497 2635 564 2676 non
582 2627 687 2674 tamen
704 2613 766 2674 stne
783 2613 972 2676 MSStoruns
994 2619 1218 2698 discrepantia,
1245 2633 1278 2680 et
1300 2619 1353 2676 Eu·

324 2718 453 2782 slathius
477 2730 637 2777 auctorem
661 2713 752 2775 suurn
783 2713 922 2785 secutus,
964 2731 996 2778 et
1019 2717 1196 2781 Priscianus
1221 2739 1253 2784 v.
1276 2733 1352 2796 509.

325 2815 406 2883 Inde
430 2837 506 2880 vero
530 2817 657 2898 adparet
685 2817 851 2897 plerosque
875 2817 1041 2898 suuplexv
1064 2818 1239 2901 praeferre,
1272 2818 1351 2900 qnod

324 2921 472 3003 probarit
493 2921 571 2980 oliui
595 2919 646 2978 hic
672 2918 851 2986 Pincianus.
883 2921 990 2980 miuus
1013 2934 1119 2980 tamen
1143 2923 1352 2983 constantibus

323 3023 402 3084 locis
421 3025 523 3087 stirne.
550 3019 619 3102 post
634 3018 730 3078 etiarn
747 3019 779 3076 iu
799 3019 904 3080 Hirtio
921 3021 960 3081 de
977 3021 1012 3082 ll.
1033 3021 1095 3084 Asr.
1112 3043 1180 3104 cap.
1201 3037 1235 3101 8.
1252 3040 1283 3085 et
1301 3033 1351 3100 54.

326 3121 591 3204 Oudendorpius,
623 3120 677 3200 qui
704 3119 741 3178 ad
762 3117 966 3200 posteriorem
996 3123 1106 3184 locum
1135 3125 1243 3206 plures
1266 3125 1354 3183 surius

324 3224 468 3282 nominis
508 3221 728 3303 corruptiones
765 3220 924 3283 indicavit.
988 3223 1073 3285 Cum
1109 3227 1160 3286 hic
1200 3241 1353 3307 praeterea

323 3325 473 3383 accedant
506 3323 648 3404 codices,
687 3321 821 3384 Cercina
851 3343 925 3384 cum
949 3325 1122 3389 Reinoldio
1154 3326 1256 3390 sillere
1290 3343 1353 3386 non

324 3423 481 3484 dubitari.

404 3625 654 3708 Tarichiae)
705 3627 802 3690 Valde
829 3628 882 3690 hic
911 3627 1039 3690 turbant
1069 3629 1153 3692 libri.
1207 3630 1295 3714 Quid
1321 3630 1352 3688 iu

324 3723 386 3787 suis
406 3728 589 3789 invenerint
606 3723 728 3790 Vossius
746 3743 777 3790 et
795 3729 964 3800 Gronovii,
991 3751 1056 3791 non
1080 3735 1188 3813 liquet.
1229 3735 1352 3794 Ciacco·

322 3829 398 3890 nius
417 3843 539 3888 tontum
563 3829 639 3890 haec
658 3828 873 3912 adscripscrat:
902 3833 984 3894 Alias
1010 3833 1147 3914 Chynre,
1177 3833 1258 3915 Tyle.
1307 3832 1351 3891 Ex

321 3931 404 3990 meis
426 3929 501 3991 haec
521 3927 660 4012 proferre
684 3931 822 4012 possunt:
858 3934 996 3994 Vaticani
1015 3935 1155 4016 Chyares
1176 3937 1228 3996 vel
1254 3933 1351 4013 Chya-

322 4051 376 4092 rae
409 4031 525 4112 Thylae
557 4045 590 4090 et
624 4033 737 4090 Tisian
769 4033 852 4106 Tile,·
897 4034 979 4116 Lipl.
1015 4035 1098 4096 Gud.
1131 4037 1202 4112 (hic
1230 4047 1350 4096 tanturn

321 4131 477 4210 iunctim>
499 4133 619 4203 chiara,
652 4133 736 4206 me,-
769 4133 863 4200 Paris.
890 4157 919 4200 ι.
948 4137 1168 4209 &suentisium
1205 4133 1298 4200 Paris.
1320 4149 1348 4197 2·
