2814 4946
374 449 462 508 mn.
492 451 528 506 n.
580 451 612 508 c.
640 451 703 512 vn.
747 451 771 520 t·
798 451 845 508 ιθ·
1065 467 1127 534 575

80 623 252 707 Hymettia
277 624 402 688 illudet
422 625 638 688 numiLatini
659 624 805 708 probant.
857 625 1025 692 Editionee
1046 645 1074 694 t.
1095 647 1127 695 2.

84 741 124 806 5.
144 737 179 806 5.
205 740 239 804 5.
265 731 299 792 6.
326 745 359 804 7.
384 743 416 806 5.
442 747 476 807 9.
505 747 558 790 ro.
587 749 640 789 ιι.
674 745 726 790 ι9.
755 737 809 806 ¹4·
833 739 887 803 ¹5·
918 731 1047 812 16.17.
1073 743 1127 808 18.

89 849 105 888 ι
114 847 148 908 9.
171 845 231 891 9ο.
253 845 311 892 91.
331 843 386 910 95.
409 831 533 902 tmere·
562 843 617 908 13.
634 829 793 910 Hyneera‚
819 829 868 888 uti
882 829 950 910 poll
966 831 1127 895 Vedianue

83 931 122 991 in
146 931 200 993 ed.
223 931 328 1002 altere,
351 933 439 1009 (99.)
464 951 559 1012 quem
581 951 654 992 cum
679 929 738 990 [uin
758 928 880 991 lecutue
902 929 944 992 eli
966 931 1126 996 Olivariue

82 1049 119 1094 et
134 1032 305 1100 Sehortue.
330 1033 436 1114 paucio
458 1035 614 1114 exceptio.
648 1033 681 1090 in
706 1031 820 1112 quibus
844 1029 914 1091 sunt
940 1035 1071 1096 Viuetue
1094 1049 1127 1097 et

82 1135 288 1216 Stephanae.
314 1137 369 1216 qui
392 1131 564 1216 posuerunt
588 1133 736 1202 Himera,
771 1147 803 1194 et
825 1131 862 1192 irc
884 1133 987 1213 postea
1003 1133 1126 1198 Voffiue

84 1235 329 1318 constanterque
359 1237 465 1297 ceteri.
518 1237 564 1298 lte
595 1235 728 1296 Himera
755 1249 787 1294 et
816 1233 956 1314 Hymera
987 1235 1059 1296 libri
1091 1239 1126 1298 in

85 1337 249 1399 Frontino
266 1352 298 1417 3,
323 1357 377 1406 ro.
399 1351 430 1416 3.
482 1337 544 1399 Sed
563 1335 694 1396 Himera
716 1337 750 1394 in
772 1337 889 1406 nuntie,
913 1351 945 1398 et
968 1339 1002 1398 iu
1021 1337 1128 1400 inleri-

83 1439 200 1518 ptione
220 1439 301 1519 apud
321 1439 492 1500 Gruterum
515 1457 547 1519 p.
573 1451 656 1517 555.
680 1435 713 1500 ir.
744 1435 908 1498 Goltzium
931 1439 965 1498 in
988 1439 1051 1502 tab.
1073 1459 1127 1502 an·

86 1541 171 1620 tiqu.
193 1537 215 1602 l'.
242 1537 347 1602 inl'crr.
373 1569 422 1582 -
455 1541 488 1599 in
514 1537 590 1600 thel.
609 1539 694 1602 Sicil.
713 1537 782 1601 Vol.
800 1539 833 1602 6.
857 1558 889 1622 p.
908 1552 992 1618 595.
1026 1555 1060 1602 et
1074 1533 1123 1632 fl.

82 1641 223 1702 Himera
239 1643 273 1701 in
290 1641 393 1703 tabula
412 1641 562 1725 Peuting.
581 1641 616 1704 6.
631 1639 671 1704 E.

164 1843 389 1924 Leontini)
447 1843 532 1906 Gud.
558 1843 710 1916 leontini,-
753 1842 925 1929 Ilehdiger.
954 1843 1126 1919 leontininie

83 1944 183 2006 Parii.
208 1964 239 2008 9.
258 1947 419 2010 Lenocini.
457 1945 529 2008 Pau
544 1957 617 2006 ante
636 1945 875 2020 Centuripinum
898 1945 1054 2008 Vndieuue
1074 1967 1126 2008 ex·

82 2049 168 2129 pulit
192 2060 240 2115 et.
268 2060 299 2108 et
321 2047 398 2108 hinc
419 2045 537 2110 locutae
560 2057 614 2123 ¹8·
634 2061 690 2108 99.
711 2059 767 2126 24.
786 2059 843 2124 95.
868 2047 1031 2118 Vedianae‚
1059 2047 1126 2110 Oli·

84 2150 245 2218 varianae,
270 2151 415 2220 Vinetue,
436 2149 597 2218 Schottue.
618 2143 752 2218 Voffim,
770 2157 828 2228 40.
846 2157 906 2228 4¹·
923 2159 984 2228 49.
1018 2149 1125 2212 Revo-

85 2253 171 2311 cavit
193 2253 317 2332 primur
340 2251 543 2312 Reinoldiue.
584 2249 677 2310 Deest
694 2251 727 2308 in
753 2249 816 2311 solu
837 2248 995 2312 Gudiano.
1033 2251 1124 2312 idem

84 2351 155 2432 post
178 2349 298 2411 factum
321 2371 337 2412 a
358 2354 497 2414 Vadinno
523 2363 595 2412 aute
618 2348 741 2432 Hybla,
775 2352 888 2412 iisdem
913 2347 1123 2432 sequentibus,

84 2469 211 2534 praeter
242 2453 430 2526 Schottum3
473 2451 522 2513 led
554 2453 629 2514 inde
651 2473 665 2512 a
691 2449 796 2514 voffio
818 2451 1010 2514 constantine
1034 2451 1122 2516 ledit.

87 2555 171 2616 Cum
198 2574 265 2614 non
286 2555 426 2616 alienum
443 2555 503 2615 hoc
520 2555 554 2614 lit
571 2575 586 2614 n
605 2553 699 2616 nollri
721 2575 827 2622 mure.
846 2535 984 2614 ¹codices
1007 2553 1124 2614 uuicui-

88 2657 143 2716 teri
168 2675 256 2717 recte
286 2657 415 2718 debent.
466 2656 538 2716 Vid.
570 2677 597 2722 r.
628 2675 680 2734 ¹9·
705 2657 749 2716 in.
778 2669 810 2716 et
833 2667 956 2736 praeter
975 2655 1032 2716 alie
1055 2655 1123 2716 loce

86 2757 110 2818 l.
125 2757 276 2818 Gronov.
294 2761 330 2816 ad
352 2778 380 2826 ι,
399 2774 429 2826 2,
445 2771 478 2832 5.
509 2757 749 2834 Centuripinum
768 2769 897 2817 tuentur
912 2775 1024 2816 omnes
1038 2755 1121 2818 libri.

86 2856 276 2920 Ciaccouiue
292 2871 397 2918 tanuen
416 2859 528 2918 maluit
545 2859 745 2934 Centuripini
758 2879 795 2918 ex
811 2857 918 2918 Plinio
934 2871 967 2933 5.
989 2867 1042 2934 ¹4·
1055 2855 1075 2918 l.
1088 2869 1121 2934 8.

85 2960 125 3020 tt
147 2961 193 3019 ibi
215 2963 255 3020 de
272 2961 386 3021 incolit
402 2961 480 3032 dici,
509 2979 607 3019 nexus
625 2973 731 3040 aperte
749 2959 899 3026 declarat,
927 2959 1073 3038 quumvis
1091 2971 1123 3020 et

85 3061 173 3122 idem
192 3081 230 3122 ex
252 3061 357 3121 Plinio
373 3059 474 3122 adfert
493 3061 632 3120 Ortelius
651 3063 683 3120 in
709 3057 784 3121 thel.
805 3060 922 3141 Geogr.
941 3059 973 3119 h.
994 3079 1025 3120 r.
1079 3061 1123 3120 Et

86 3161 122 3222 sic
151 3165 185 3221 in
217 3165 325 3224 numie
356 3163 438 3243 apud
466 3163 613 3222 Paruunn
641 3183 671 3244 p.
697 3173 777 3240 ¹98·
800 3175 833 3222 et
858 3159 950 3228 alibi.
984 3161 1063 3222 item
1087 3161 1122 3222 in

85 3261 228 3344 opusculi
251 3265 283 3323 di
310 3265 412 3324 autori
434 3263 575 3326 siciliani
599 3265 638 3325 T.
670 3273 723 3340 ¹4·
749 3283 780 3344 p.
804 3275 857 3340 ¹8·
889 3263 1122 3350 Herroprnuwr

83 3363 214 3448 legitur.
252 3363 313 3428 Sed
328 3365 454 3426 aliunde
474 3365 657 3425 terminatio
672 3366 853 3446 impugnari
868 3361 979 3444 potest.
1014 3361 1121 3426 Nemo

3 3449 4 3452 Ἴ
84 3469 172 3526 euim
200 3465 441 3544 Centuripinum
464 3465 569 3534 hebet,
596 3463 644 3526 led
669 3487 685 3526 a
708 3465 833 3526 Graecis
854 3455 1123 3528 diciturlienroir·

87 3586 176 3650 panor
202 3567 426 3650 (Ptolemaeus
455 3581 485 3646 3.
510 3565 567 3648 n.)
602 3567 653 3626 vel
686 3563 730 3628 rei
758 3561 953 3652 Κεντόριπα.
988 3565 1121 3640 (Strabo

84 3667 138 3729 lib.
165 3667 200 3732 6.
222 3689 253 3749 p.
281 3689 324 3729 m.
351 3681 429 3744 187.
450 3667 469 3729 l.
491 3663 592 3748 979.)
633 3667 728 3749 Quod
750 3671 835 3728 enirn
857 3665 914 3728 τὸν
936 3660 1120 3752 Κεντόριπα

86 3767 204 3852 legitur
220 3771 251 3828 in
268 3771 410 3830 Diodoro
425 3770 533 3830 Siculo
553 3785 610 3838 20,
630 3769 685 3845 56.
710 3771 792 3828 vitio
809 3769 840 3827 id
857 3767 1041 3828 adtribuunt
1057 3767 1119 3828 viri

87 3869 191 3939 docti,
217 3873 256 3932 de
273 3889 336 3950 quo
353 3869 392 3932 cf.
408 3871 453 3930 ibt
471 3869 650 3954 Well'eling.
692 3872 792 3950 Atque
809 3871 850 3928 ila
867 3869 1003 3950 intelligi
1022 3867 1118 3928 debet

88 3971 118 4028 in
140 3971 279 4050 Polybio
303 3991 332 4040 ι.
357 3989 390 4050 9.
412 3983 446 4048 4.
473 3971 527 4030 ubi
548 3967 616 4054 περὶ
641 3969 821 4048 tierriprru
843 3971 988 4029 occurrit.
1042 3970 1120 4030 Rev·

87 4069 219 4158 τόριπας
240 4075 316 4134 dicit
337 4074 543 4150 Thucydides
561 4087 593 4146 7.
620 4086 678 4152 59.
704 4073 724 4132 fi
745 4089 829 4132 recte
847 4071 938 4130 tranet
960 4088 1017 4150 pro
1042 4071 1118 4130 Κεν-

87 4169 215 4264 ripere.
248 4175 355 4236 Latini
373 4175 496 4238 malunt
515 4173 714 4256 Centuripae,
732 4187 765 4238 et
781 4175 819 4238 lic
836 4173 1007 4236 ediderunt
1021 4173 1118 4236 etiem
