2792 4940
204 384 213 402 '
252 383 256 390 '
338 405 399 463 170
628 395 873 456 rourrouu
917 398 1080 454 uanae

334 565 461 634 Voffiue
476 569 515 632 erl
536 570 697 652 Scylacem
720 592 752 654 p.
777 569 836 637 61.
857 569 909 634 ed.
933 569 1033 633 Gran.
1065 569 1099 630 in
1121 589 1185 652 quo
1207 569 1293 632 idem
1313 591 1367 652 pro

333 665 466 760 ’Δλωρὶς
497 691 571 734 cum
605 673 753 736 Salmaiio
780 673 910 757 corrigit
931 663 1087 757 Ἀλωρος.
1137 672 1176 731 ln
1202 671 1266 735 tab.
1292 671 1366 734 Peu-

334 775 415 856 tiug.
444 789 477 849 7.
506 773 720 837 videturesse
747 773 861 838 Arolos
890 773 1083 858 transpositi·
1110 773 1225 845 literie,
1265 775 1315 834 uti
1337 787 1367 836 et

333 873 433 938 habet
456 875 574 961 Geogr.
598 877 745 939 Ravana.
772 889 805 956 3,
826 893 862 958 9.

409 1097 580 1181 lauris)
630 1095 770 1162 Volliaoi
802 1100 932 1181 quidem
959 1097 1034 1160 libri
1058 1099 1207 1181 Syebaris
1231 1111 1262 1162 et
1286 1097 1367 1180 Hya·

334 1201 431 1264 caris.
485 1203 533 1262 Ex
550 1200 630 1262 meie
648 1202 746 1264 Vatia.
768 1223 797 1264 1.
814 1202 946 1273 itlran's3
972 1199 1080 1264 Cibin.
1107 1201 1205 1264 Vatia.
1224 1215 1256 1281 5.
1279 1200 1363 1282 Prag.

335 1301 471 1375 scharim
502 1301 676 1386 Rebdiger.
698 1303 818 1385 iearym
851 1303 966 1384 reliqui
986 1321 1060 1364 cum
1080 1301 1231 1365 Boccatio
1250 1323 1275 1364 c.
1294 1301 1314 1363 l.
1336 1313 1366 1360 et

334 1401 442 1488 priscis
462 1403 537 1466 edd.
560 1403 681 1476 Icaria
716 1405 789 1466 edd.
813 1403 846 1468 6.
873 1419 906 1480 7.
931 1415 965 1481 8.
992 1423 1047 1467 ru.
1077 1421 1132 1466 ιε.
1157 1417 1211 1484 13.
1239 1411 1292 1484 14.
1314 1411 1364 1477 ¹5·

340 1507 397 1568 16.
427 1519 482 1576 17.
515 1515 569 1582 ag.
608 1521 662 1584 ¹9·
692 1521 751 1568 ao.
780 1521 838 1568 aa.
864 1523 919 1568 aa.
951 1518 1009 1584 25.
1037 1513 1095 1584 24.
1117 1517 1178 1582 25.
1207 1505 1364 1570 Vedianae,

335 1604 535 1669 Olivarianae
557 1605 690 1678 Derris;
722 1607 877 1670 Schottue
901 1605 1016 1680 Iesum
1054 1607 1190 1668 Viuotue
1210 1606 1365 1668 revocarit

333 1707 458 1777 Iearis,
485 1727 580 1788 quem
599 1705 694 1769 secuti
711 1705 784 1768 surrt
801 1705 933 1777 Voffius,
961 1707 1129 1778 Gronovii,
1156 1708 1268 1790 reliqui
1287 1725 1365 1788 prae·

335 1821 385 1871 ter
403 1808 623 1878 lleiuoldium,
654 1809 710 1889 qui
732 1809 848 1870 arreluit
870 1811 1001 1872 Ichnae.
1034 1827 1242 1872 azecurcue.
1291 1807 1363 1869 Scri·

334 1908 479 1972 bendum
499 1907 632 1972 arbitror
652 1909 770 1971 Derris
791 1931 812 1970 a
830 1911 931 1971 Peneo
948 1911 1072 1990 Sepias.
1124 1913 1176 1972 De
1196 1907 1257 1993 ipsa
1274 1905 1365 1969 Dani

334 2011 476 2083 Pliniue‚
505 2007 560 2100 [4,
584 2005 776 2098 1¹7.s.1o.]
804 2011 1021 2082 Ptolemaeus,
1046 2007 1102 2099 [3,
1131 2005 1210 2098 13.]
1242 2009 1363 2090 Stepha-

334 2132 398 2175 nue
419 2131 518 2195 prope
544 2111 699 2192 Cydnum,
726 2113 801 2182 live,
832 2113 919 2194 quod
939 2113 1026 2174 idem
1049 2113 1092 2174 eil
1111 2113 1268 2196 Pydnam.
1319 2111 1363 2170 De

335 2213 469 2291 Sepiade
490 2211 557 2294 post
585 2213 720 2273 Peneum
744 2233 872 2275 amnem
898 2213 950 2275 sua
974 2213 1072 2276 iidem
1093 2229 1250 2276 auctores.
1290 2229 1363 2272 aaa·

334 2333 452 2376 aeuus.
515 2313 652 2394 Antiqua
674 2315 768 2376 lectio
791 2315 899 2376 Icaris
920 2313 1125 2399 praeferebat.
1181 2313 1360 2376 Hermolaus

332 2436 393 2500 pro
417 2417 522 2476 Icaris
541 2413 657 2477 Derris
678 2413 839 2498 supposuit
862 2437 900 2478 ex
922 2417 1116 2486 Ptolemaeo.
1149 2417 1267 2486 Plinio,
1300 2416 1362 2476 Ste-

333 2517 454 2600 phano,
481 2536 496 2576 a
517 2515 634 2597 quibua
655 2519 699 2576 ait
720 2517 842 2578 Derrin
862 2519 957 2580 locari
978 2538 1077 2600 prope
1098 2517 1255 2600 Pydnam,
1280 2513 1359 2595 quod

332 2616 414 2680 salva
432 2620 575 2680 manium
593 2617 755 2680 Hermolai
777 2637 863 2702 pace,
889 2615 999 2680 salsum
1022 2619 1074 2690 est,
1105 2620 1307 2700 defideroque
1328 2634 1360 2676 ea

332 2722 367 2781 in
384 2741 418 2782 re
434 2719 597 2782 Hermolai
618 2719 850 2803 ingenuitatem
865 2733 896 2782 et
914 2721 947 2781 iu
963 2721 1128 2802 prodendo
1146 2721 1253 2783 fidem.
1282 2717 1358 2778 Nam

330 2820 449 2884 Derris
471 2823 729 2903 promontorium
747 2821 789 2882 est
811 2821 996 2883 Ptolemaeo
1018 2835 1050 2883 et
1071 2822 1235 2904 Stephano
1257 2817 1359 2902 procul

333 2923 494 3002 aPydua,
521 2923 602 2991 finio,
632 2937 670 2983 ut
693 2922 768 2991 dixi,
796 2923 877 2984 sinus
896 2923 1079 2994 Toronaici,
1106 2924 1242 2998 Baream
1260 2917 1357 2982 versus

331 3036 364 3086 et
387 3025 582 3105 principium
606 3025 763 3107 Singitici.
815 3023 937 3084 Derrin
960 3037 1065 3085 autem
1084 3024 1197 3086 urbem
1220 3021 1357 3084 Macedo·

330 3125 402 3185 niae
425 3143 593 3205 nusquam,
616 3139 706 3206 puto,
729 3124 873 3188 osleodet
891 3126 971 3185 mihi
988 3126 1188 3188 Hermolaus.
1226 3124 1356 3186 Derram

331 3222 488 3284 salumin
511 3225 618 3285 Plinio
639 3220 692 3312 [4,
722 3219 912 3311 t7.s.1o.]
937 3227 1091 3311 legimus,
1123 3227 1182 3286 ubi
1204 3227 1243 3287 de
1262 3223 1356 3284 Mace·

332 3325 428 3386 donia
447 3323 578 3396 disserit,
610 3327 645 3385 in
668 3346 740 3408 quo,
767 3341 804 3386 ut
827 3327 961 3398 constet,
988 3329 1071 3409 paria
1092 3326 1157 3390 fere
1179 3325 1249 3387 sunt
1268 3335 1355 3385 errata

330 3445 404 3486 cum
429 3423 544 3497 perbis.
597 3426 772 3508 Quomodo
791 3441 896 3490 autem
918 3431 951 3488 in
974 3448 1013 3490 eo
1035 3429 1206 3513 legendum
1223 3429 1267 3495 su,
1292 3424 1355 3504 qula

330 3545 397 3588 non
412 3539 535 3608 poterat
554 3528 661 3608 paucio
679 3528 817 3600 ostendi,
844 3529 953 3592 distuli
974 3531 1007 3590 iu
1025 3531 1111 3590 aliud
1127 3549 1218 3611 opue,
1245 3530 1276 3589 in
1297 3541 1353 3606 quo

331 3627 433 3688 dicata
460 3646 553 3709 opera
582 3647 631 3688 ree
652 3629 736 3689 mihi
762 3632 821 3692 erit
849 3651 924 3692 cum
948 3631 1065 3693 Plinio.
1124 3631 1276 3694 Ceterum
1300 3641 1352 3709 ego

330 3747 390 3812 pro
410 3730 513 3790 Iearis
532 3729 654 3790 Ichnae
675 3727 835 3802 substituo,
862 3732 1006 3794 nobilem
1028 3733 1140 3794 urbem
1158 3733 1191 3793 in
1213 3751 1265 3794 ora
1281 3729 1352 3788 smus

331 3829 513 3892 Thermaici
536 3849 634 3912 prope
656 3830 869 3924 Chalastram,
893 3833 1049 3915 Pydnam,
1072 3834 1197 3905 sisaran,
1221 3849 1293 3914 quae
1307 3828 1352 3887 hic

330 3929 487 3993 recensuit
508 3931 604 3994 Mela.
647 3931 820 4017 Colligitur
846 3935 878 3994 id
904 3955 943 3995 ex
969 3935 1149 4018 Stephano,
1185 3934 1351 3996 Herodoto,

333 4027 348 4120 l
359 4047 391 4108 7·
417 4025 520 4118 Ἢν]
547 4031 656 4096 ΡῙῖῦῖθ
678 4031 735 4114 [4,
765 4053 818 4116 17·
844 4033 865 4100 s.
890 4032 970 4126 ιο.]
1001 4049 1118 4121 aperte.
1162 4047 1350 4099 murreum.
