2880 4940
396 425 488 484 Lm
516 429 570 485 m.
613 429 719 486 (ΗΧ.
761 427 786 498 i.
811 439 841 484 ι.
1076 439 1141 504 5²5

93 599 211 666 Nescit
224 611 382 684 praeterea
398 601 599 672 Gronovius,
632 602 716 662 inter
733 621 807 664 avee
829 620 897 664 non
918 603 1050 686 capellae
1071 615 1139 666 tan·

94 717 188 774 cnm,
216 701 267 764 led
283 715 315 764 et
331 705 463 782 tityrus,
490 703 585 766 idest
607 703 727 771 hircos,
756 707 897 784 reperiri.
950 705 1009 766 lile
1030 717 1137 766 tamen

94 825 169 868 non
185 817 368 874 contemne,
394 805 526 866 stabilite
543 825 559 865 a
575 805 652 867 virie
673 805 774 867 doctis
790 805 938 876 lectione,
964 819 1000 867 nt
1018 807 1152 889 aliquid,

94 908 181 970 novi
203 905 376 988 procudere
399 907 560 976 videatur,
591 907 683 990 fingit
707 925 823 968 vocem
846 906 908 990 ipio
927 911 1027 993 magio
1045 927 1139 970 mon·

96 1005 227 1072 llrolem
241 1027 318 1078 eve;
343 1025 401 1088 pro
418 1019 612 1088 tragopanes
626 1009 715 1070 enim
732 1007 795 1070 fine
813 1009 1017 1072 haefitatione
1031 1011 1140 1096 legen·

98 1110 181 1172 (lum
196 1108 256 1172 elle
277 1105 412 1170 affirmat
429 1121 653 1189 tragopaones.
705 1111 745 1170 Vt
762 1110 919 1172 Graecum
935 1113 1005 1184 fiat,
1032 1113 1138 1173 dicen·

97 1212 182 1272 elnm
211 1208 314 1270 luillet
348 1221 565 1291 tragoenones.
617 1211 915 1273 Graeco-Latinum
945 1233 1013 1276 non
1039 1211 1141 1295 potest

96 1311 175 1383 elle,
201 1311 257 1372 nifi
275 1313 328 1372 fiat
340 1323 587 1392 tragopnvones.
622 1331 753 1374 voenve
771 1313 803 1373 in
820 1313 993 1394 appendice
1006 1313 1052 1376 nd
1064 1315 1096 1376 Ιι.
1114 1313 1137 1376 l.

95 1415 153 1476 lta
168 1431 245 1474 vero
263 1413 452 1481 Victoriam,
484 1413 678 1496 Cupidinem
694 1427 727 1473 et
742 1415 828 1476 Deoe
850 1417 1039 1498 gemilium,
1068 1416 1153 1498 qui.

97 1515 164 1577 bue
184 1514 245 1576 alae
263 1511 444 1596 frequenter
463 1513 636 1586 addebant,
670 1509 792 1576 Voffiue
814 1515 935 1578 censuit
961 1515 1020 1580 elle
1040 1515 1140 1579 evee‘l

98 1618 326 1700 Tregopeonee
348 1617 445 1701 agitet
465 1617 548 1698 apud
570 1613 618 1686 le,
649 1629 759 1679 utrum
783 1617 912 1679 heberet
931 1637 990 1700 pro
1008 1619 1138 1688 Graeco,

97 1737 143 1780 an
167 1717 467 1789 Graeco-Latinum
491 1717 633 1780 diceret?
682 1717 769 1802 Quid
788 1717 811 1779 fi
831 1721 941 1782 dixero
958 1720 1141 1782 Alexandri·

97 1817 207 1882 numi
232 1819 309 1901 quid
327 1817 347 1876 sn
363 1818 635 1882 Macedonicum?
670 1807 785 1900 Vtique
803 1839 906 1903 nuper
923 1821 1056 1884 docebat
1073 1841 1138 1892 me.

100 1913 164 2008 [ed
182 1937 213 1991 ι,
239 1937 271 1990 2.
299 1914 377 2008 tm]
408 1939 459 1983 ree
485 1939 587 1983 novae
611 1921 775 1984 vocabulis
801 1923 897 1984 novio
924 1936 957 1985 et
983 1923 1139 1986 incitatio

98 2021 209 2088 efferri
227 2019 342 2084 solitae.
394 2023 500 2084 lmmo
515 2035 551 2084 ut
568 2021 658 2093 inies,
686 2024 814 2094 Lector,
841 2023 898 2086 heo
917 2043 971 2086 me
986 2025 1049 2107 pile
1069 2023 1139 2086 irri-

100 2137 169 2186 tare
192 2122 328 2186 voluiffe
351 2118 509 2196 Voffium,
544 2143 605 2208 ego
628 2126 720 2207 plane
742 2122 854 2187 censeo
874 2138 907 2188 et
923 2124 1045 2198 censui,
1079 2125 1139 2188 elie

99 2225 213 2289 omnic
227 2245 244 2286 ιι
260 2223 328 2286 ΜΒ.
346 2224 527 2308 significan
557 2226 720 2308 inquibus
735 2245 808 2288 cnm
823 2226 860 2287 lit
878 2227 1139 2309 Trngapomenes,

99 2339 232 2410 apparet
245 2325 346 2389 flmile
361 2327 393 2386 id
408 2326 620 2410 compofitum
636 2327 696 2390 effe
715 2327 777 2388 illie
792 2323 1032 2414 Τραγὲλαφος,
1052 2331 1139 2418 Tpa-

96 2422 272 2514 γὰκανθα,
306 2427 363 2489 ubi
392 2429 554 2500 vocalem,
595 2449 677 2511 quae
710 2427 863 2510 sequitur,
896 2429 1016 2508 lilteree
1040 2450 1137 2518 τραγ.

98 2543 207 2614 petet,
238 2547 306 2592 non
326 2527 387 2592 elie
408 2532 617 2612 appendicem
641 2530 755 2592 herum
776 2529 968 2604 litterarum,
1000 2529 1052 2593 led
1074 2533 1138 2614 pri·

97 2651 190 2694 mem
212 2643 334 2712 partem
357 2628 566 2712 sequentium.
619 2633 667 2692 lta
686 2631 748 2693 hoc
768 2631 961 2692 vocabulum
982 2633 1138 2716 composn-

96 2748 173 2796 tum
189 2733 287 2794 statuo
302 2729 389 2792 inille
406 2751 444 2794 ex
460 2755 547 2819 τραγ
562 2745 595 2794 et
612 2753 777 2823 απομειις,
796 2731 1010 2816 quodeunque
1026 2736 1139 2796 evium

100 2837 198 2913 (aveo
218 2834 306 2896 enim
328 2832 471 2896 denotari
488 2833 607 2896 debent
622 2835 672 2896 hie
691 2833 825 2904 litteris,
857 2835 943 2894 utin
964 2836 1139 2918 composita

99 2954 184 2999 voce
206 2947 375 3018 appareant
401 2953 476 2998 evee
501 2938 671 3014 cornutae)
708 2955 808 3020 genus
835 2933 890 2995 iub
914 2935 967 2996 illa
991 2951 1139 3021 corrupte

99 3055 186 3100 voce
209 3037 312 3099 lateat.
372 3037 480 3121 Quem
502 3039 540 3098 ad
564 3057 633 3099 nem
655 3049 693 3097 ut
713 3049 744 3098 te
765 3037 926 3108 adiuvem,
957 3055 1027 3110 nec,
1060 3038 1139 3121 qnid

102 3136 246 3220 suspicer,
273 3137 384 3208 celem,
410 3138 497 3210 vide,
520 3159 561 3202 en
579 3159 618 3202 ex
631 3139 747 3200 vicinia
767 3139 943 3200 litterarum
960 3157 1027 3202 non
1045 3138 1141 3202 fuerit

100 3239 399 3327 Τραγιιτταγῆνες,
429 3239 688 3320 Trogoteegenes.
737 3235 923 3326 ’Δτταγῆνα
944 3243 1051 3305 nullus
1071 3261 1140 3305 ιιοιι

102 3361 238 3410 eorum,
263 3343 318 3422 qui
334 3360 461 3422 operam
482 3341 570 3404 illam
587 3339 778 3411 sumserunt,
809 3343 864 3403 vel
886 3343 971 3424 opud
994 3347 1142 3426 antiquos

103 3443 159 3506 vel
183 3441 306 3504 nollroe
328 3445 515 3524 interpretee
537 3441 596 3502 nbi
620 3443 799 3524 explicabit.
838 3461 862 3505 ι.
887 3462 1082 3506 οιοιιοιινι
1106 3445 1141 3506 in

87 3557 186 3610 ,nota
206 3541 382 3637 posteriori.
436 3541 640 3624 Trogopanes
655 3543 951 3626 comprobetetinm
965 3543 1088 3608 Lndolf
1104 3547 1141 3608 in

104 3645 235 3720 historie
257 3643 409 3728 Aethiop.
432 3645 466 3704 in
488 3657 696 3708 commentar.
713 3647 752 3707 ed
774 3645 830 3708 lib.
849 3665 880 3709 1.
903 3665 930 3708 c.
949 3663 1005 3712 12.
1028 3669 1060 3710 n.
1078 3665 1139 3729 90.

105 3769 141 3833 p.
155 3748 235 3812 162.
253 3823 256 3832 Α
272 3747 363 3808 ldem
381 3743 554 3821 edientinn
567 3747 713 3809 Salmeseo
730 3767 756 3808 c.
771 3747 794 3810 1.
815 3748 868 3829 qni
886 3747 925 3808 fic
942 3751 1080 3830 expedit,
1105 3761 1142 3812 nt

110 3849 217 3930 Trogo
240 3849 277 3910 lit
298 3867 316 3909 ιι
337 3847 487 3910 comibue
510 3848 654 3918 hircinis,
685 3850 760 3910 Pan
782 3867 799 3909 a
823 3847 900 3910 facie
921 3848 1034 3922 rubra,
1068 3871 1143 3934 qua·

104 3952 173 4014 lem
198 3949 341 4010 tribuent
362 3949 452 4012 Pani.
495 3949 688 4030 Tragopana
708 3951 741 4010 in
761 3951 865 4010 Plinio
886 3971 939 4021 ιιι,
965 3967 1022 4026 70.
1042 3951 1062 4014 l.
1077 3964 1139 4032 49.

106 4052 179 4116 ram
199 4071 239 4114 ex
259 4050 348 4112 librie
369 4052 469 4112 tuitue
490 4049 533 4112 ess
555 4051 758 4122 lietduinus,
790 4053 843 4132 qui
866 4063 897 4112 et
921 4051 961 4112 fio
981 4051 1143 4137 reposuit;

103 4171 225 4240 nempe
248 4149 381 4237 sequeno
399 4149 514 4218 noculo
534 4149 573 4214 cle
588 4167 678 4216 antea
695 4153 778 4216 male
800 4153 935 4237 repetita
954 4153 1142 4220 adhaerent.
