2792 4940
331 389 419 446 Ltn.
448 391 486 448 ls.
527 391 568 490 ,0.
594 392 645 446 m.
688 389 714 460 ἦ.
739 409 767 447 ι.
1009 401 1068 460 172

49 561 122 621 inne
140 561 323 645 legendnm
352 563 493 632 selaune,
525 581 622 645 qnam
649 561 732 626 inter
753 561 869 626 tatum
891 577 925 628 et
949 563 1070 630 Aloron

47 662 147 724 liniue
166 677 341 726 memorat.
389 664 478 746 Quid
499 663 519 724 st
537 665 695 726 Heracleo
709 685 748 728 ex
762 665 882 738 Plinio,
905 669 962 750 qui
981 668 1070 730 illam

46 767 109 823 incr
125 765 251 826 Axium
269 780 303 828 et
320 765 443 844 Pieres,
469 763 521 828 sed
539 767 648 830 Peneo
670 769 811 830 iunctam
833 768 950 852 pouit?
985 789 1072 832 crae·

46 885 157 929 contre.
212 867 339 928 Ichnae
359 869 459 952 magia
479 867 601 948 probo.
634 887 728 951 quam
750 869 839 952 quod
860 869 972 932 Herm.
997 869 1072 932 Bar·

45 967 119 1028 barus
140 965 314 1050 supposuit
332 967 462 1039 Derris,
496 987 570 1030 cum
593 989 611 1032 e
631 969 770 1054 vesligiia
790 971 938 1052 antiquae
961 972 1071 1036 lectio·

45 1071 225 1140 nascaris,
263 1083 336 1130 tum
360 1089 378 1130 e
406 1069 514 1134 Plinio
538 1069 673 1136 ibidem.
712 1090 897 1136 acuorrva.
955 1071 1071 1136 Forsan

45 1170 151 1250 duris,
180 1191 267 1252 quae
286 1171 377 1232 aliter
390 1173 572 1252 Sycurium.
625 1172 687 1236 Sed
703 1175 812 1255 potina
826 1173 969 1236 exislimo
989 1174 1071 1238 bano

4 1289 5 1312 ι
45 1272 97 1344 ese,
120 1293 204 1354 quae
227 1273 418 1336 Ptolemaeo
443 1269 501 1360 [3.
527 1269 604 1362 15.]
627 1275 744 1336 dicitur
764 1263 893 1362 Κύριος,
918 1275 1010 1346 male.
1034 1291 1071 1340 nt

44 1376 167 1442 ridetur,
194 1394 260 1456 pro
277 1364 393 1462 Iidptr,
426 1375 480 1434 vel
500 1366 617 1464 lidppc.
671 1376 719 1438 Ab
739 1375 798 1439 hac
819 1370 944 1442 ἐθιικὸν
967 1377 1073 1465 liupr)-

43 1473 108 1536 n'rar
131 1491 166 1538 et
194 1489 360 1538 contracte
384 1469 568 1562 liupuorni,
602 1481 658 1560 qui
683 1475 755 1539 sunt
785 1477 931 1559 Cyrellae
960 1478 1071 1542 Plinii.

41 1569 240 1671 [d'yrrirestoe
257 1587 292 1658 4,
323 1597 375 1656 ¹7·
394 1576 415 1640 s.
436 1573 515 1666 to.]
549 1598 689 1642 voeatvt.
742 1579 828 1644 Cttm
844 1580 896 1641 bic
915 1580 1009 1642 urbae
1025 1599 1074 1642 re·

41 1679 160 1748 unsara,
200 1677 378 1742 immisceri
404 1682 529 1750 Derria,
572 1683 833 1762 promontorium
859 1681 945 1746 fiune
969 1683 1073 1744 Toro-

41 1783 120 1850 nuci.
148 1779 222 1865 ipso
240 1783 340 1842 etiam
363 1781 421 1842 satu
442 1782 584 1844 alienum
607 1795 641 1842 et
662 1781 752 1864 supra
769 1779 823 1844 suo
844 1783 914 1845 loco
932 1801 1073 1846 comme·

41 1901 203 1952 notatum.
231 1879 313 1944 ferri
334 1886 457 1964 nequit.
507 1883 604 1948 Sinna
624 1885 712 1946 enim
726 1885 924 1946 Toronaicua
942 1903 959 1946 a
976 1881 1075 1948 Cana·

39 1983 121 2048 snam
142 1987 180 2046 ad
201 1986 325 2046 Derrin
347 1985 560 2066 permittitur,
591 2001 629 2046 ut
646 1985 759 2048 diserte
779 1985 923 2048 adfirmat
942 1985 1073 2067 Stepha-

39 2085 124 2146 nus
145 2107 177 2147 r.
200 2080 360 2172 Topaiavu,
388 2085 672 2169 comprobantibus
694 2087 879 2150 Ptolemaeo
905 2099 937 2166 3.
964 2097 1075 2166 13.st

39 2187 182 2250 Strabone
198 2191 235 2248 in
255 2189 335 2270 epit.
355 2187 411 2250 lib.
428 2203 460 2260 7.
480 2209 511 2270 p.
530 2201 599 2260 107
617 2186 660 2270 sq.
684 2185 784 2251 Hnds.
827 2187 991 2250 Praeterea
1008 2187 1072 2251 hoo

41 2289 163 2350 nurnine
184 2289 264 2351 urbe
287 2309 355 2351 non
376 2287 467 2350 facile
485 2293 518 2350 iu
539 2291 679 2370 antiquit
704 2287 905 2373 scriptoribus
925 2287 1073 2350 excitabi-

44 2403 96 2458 tnr,
122 2391 177 2450 nisi
193 2391 271 2472 quie
287 2389 448 2452 Derrkom
465 2391 563 2452 Plinii
584 2401 619 2468 4.
643 2405 697 2464 17.
715 2389 735 2454 l.
758 2411 812 2453 to.
840 2392 872 2452 iu
890 2391 957 2452 sinu
972 2389 1074 2452 Ther·

46 2495 132 2552 maico
151 2493 219 2552 buc
240 2489 360 2554 referre
381 2492 477 2562 velit,
510 2493 565 2554 etfi
588 2491 683 2554 dubia
704 2493 842 2554 lectione
867 2505 901 2554 et
919 2491 1073 2572 inquieta.

44 2592 117 2652 Tum
138 2594 260 2654 Derris
284 2593 381 2677 longe
405 2593 524 2656 recedit
544 2613 561 2654 a
584 2593 737 2654 librorum
758 2593 912 2662 lectione.
945 2593 1075 2678 longiua

43 2705 132 2754 tamen
152 2696 281 2754 lebuine
304 2709 337 2756 et
354 2695 523 2766 IIeracIen,
549 2695 637 2776 quod
657 2697 753 2756 etiam
775 2695 807 2754 in
824 2707 900 2755 nota
923 2691 1076 2776 superiori

40 2793 187 2858 substituit
217 2796 386 2860 Scbottua.
444 2791 581 2878 Pr'opiua
614 2797 735 2858 accedit
766 2791 863 2858 voffit
893 2785 994 2883 lsdpta
1022 2793 1075 2858 vel

39 2889 152 2980 Ripae,
185 2897 379 2960 Ptolemaeo
405 2909 438 2972 3,
470 2911 523 2977 23.
547 2891 684 2984 liupada.
718 2913 865 2980 proquo
891 2895 1077 2958 Harduinue

39 3000 70 3058 ad
84 3001 235 3061 Plinium
258 3019 286 3060 c.
306 2999 327 3061 l.
347 2999 436 3060 malit
457 2995 598 3086 Κυῤῥός,
625 3000 675 3058 uti
697 2999 816 3084 legitur
833 2999 866 3057 in
882 2995 1076 3076 Thucydide

41 3117 66 3168 2.
93 3121 177 3166 tuo.
206 3119 313 3184 prope
334 3100 464 3164 Pellam.
517 3099 569 3164 (is.
587 3099 741 3164 Cellariue
764 3101 797 3160 in
814 3099 932 3182 Geogr.
955 3109 1020 3160 ant.
1044 3115 1075 3168 a.

43 3217 89 3282 15,
113 3217 178 3284 53.
255 3203 300 3264 At
325 3199 386 3262 suit
411 3203 445 3262 in
478 3203 734 3272 mediterraneia,
769 3213 806 3262 ut
826 3199 919 3271 aliae.
955 3197 975 3259 st
1005 3199 1077 3282 quie

41 3303 94 3367 huc
108 3303 240 3368 adserre
260 3303 348 3366 velit.
399 3303 509 3386 Quod,
534 3299 640 3366 Vosl'to
657 3303 785 3384 quidem
803 3301 889 3372 telle.
915 3301 989 3362 libri
1010 3301 1080 3384 qui·

41 3407 102 3468 dam
125 3401 319 3490 praeferunt
342 3405 506 3488 &charin
538 3405 634 3466 latare
657 3405 710 3466 hic
738 3403 881 3466 videatur
905 3402 1079 3486 Sycurium.

42 3509 119 3570 'snm
137 3509 239 3569 altera
258 3507 396 3570 lectione
416 3507 534 3568 itineris
555 3505 668 3570 omisso
686 3527 719 3576 s.
745 3504 831 3588 qnod
853 3521 920 3564 non
939 3501 1079 3566 insolena

43 3609 91 3691 ed,
124 3609 219 3670 idem
246 3609 339 3668 innui
368 3609 527 3670 videatur.
587 3607 713 3688 Synarii
738 3606 955 3674 mentionem.
991 3603 1080 3686 quod

45 3707 139 3778 iciam.
165 3709 227 3772 soli
244 3705 364 3772 iaciunt
380 3709 535 3789 Polybiua
553 3725 609 3782 27.
626 3719 659 3788 8·
676 3705 699 3772 s.
726 3720 759 3770 et
773 3707 886 3768 Liviua
902 3715 962 3785 42.
979 3715 1038 3784 54.
1056 3701 1079 3768 s.

44 3826 68 3870 et
89 3813 181 3874 alibi.
245 3809 309 3872 Hic
332 3825 439 3874 tamen
470 3809 538 3893 poll
559 3809 704 3874 Peneum
729 3806 783 3870 sub
808 3806 966 3870 radicibua
991 3805 1081 3870 Ossae

4 3935 8 4014 p
48 3917 162 3976 nuntie
179 3909 290 3975 versuo
305 3913 475 3974 meridiem
492 3913 580 3974 irrxta
594 3911 765 3974 Thessaliae
781 3927 910 3991 campoa
925 3909 1019 3978 locat,
1040 3925 1083 3968 ex

48 4037 97 4091 quo
117 4013 259 4077 mirifice
282 4015 428 4076 ordinem
450 4034 466 4074 a
485 4013 571 4076 Mela
590 4013 770 4075 inslitutum
786 4011 906 4072 turbari
925 4023 958 4074 et
980 4009 1085 4070 dieiici

48 4117 177 4198 adparet.
226 4115 348 4178 Verum
371 4117 469 4202 igitur
490 4135 611 4178 nomen
633 4113 768 4178 dubium
790 4125 910 4185 manet,
936 4125 979 4186 et,
1005 4095 1088 4172 duni
