2810 4944
317 425 405 484 Ltu.
436 427 474 482 n.
519 427 551 484 c.
579 427 644 486 vn.
687 427 712 496 t·
735 434 765 501 a·
788 435 819 496 ⁵·
1027 428 1090 499 487

66 601 215 684 pugnabit.
267 599 389 682 Artceps
409 601 581 684 disputatio
610 601 643 660 in
672 599 789 660 ultimo
809 595 938 660 urbium
962 597 1086 658 illarum

67 707 148 764 trium
172 706 309 765 nomine
333 703 486 786 agitatur,
521 703 541 762 fi
561 703 707 763 codicum
728 702 946 782 corruptiones
972 699 1085 780 separa·

67 807 147 867 reris.
197 804 324 886 Nempe
347 801 431 886 Lipi.
461 801 600 866 Vindob.
626 803 711 864 (ind.
734 799 829 864 Paris.
855 823 883 864 r.
910 819 939 862 a.
970 803 1082 862 Venst.

67 919 92 966 et
109 907 176 968 edd.
197 926 227 968 1.
254 922 286 967 2.
310 923 344 985 9.
370 896 488 994 Ilisos,·
526 903 633 968 Cibin.
657 903 832 986 Ilehdiger.
855 901 949 966 Paris.
969 915 1001 980 3.
1028 903 1085 963 Va·

67 1008 147 1070 tican.
168 1029 198 1070 r.
220 999 344 1097 llysos3
371 1006 469 1068 Vatic.
490 1019 523 1086 5.
543 1005 634 1090 Prag.
657 1001 775 1092 llt'fios.
826 1005 908 1066 Edd.
930 1019 962 1080 3.
987 1013 1022 1084 4.
1050 1017 1084 1080 5.

68 1110 94 1170 6.
114 1123 143 1180 7.
161 1121 193 1186 8.
218 1129 273 1170 ro.
294 1125 348 1171 12.
371 1117 426 1189 14.
448 1125 503 1186 ¹9·
524 1097 663 1196 lelys0s‚·
699 1127 753 1166 rr.
785 1119 839 1182 13.
865 1094 1018 1194 lalyffos,·
1049 1105 1083 1164 in

18 1237 19 1242 ¹
67 1211 138 1280 aliis,
170 1209 274 1271 reluti
308 1209 380 1270 Alo.
413 1209 499 1270 lunt.
528 1208 626 1270 Vadrl.
653 1219 686 1268 et
712 1205 932 1288 sequentibus,
965 1205 1083 1288 legitur

67 1302 185 1400 Ialysos.
214 1329 420 1372 rzscnvcns.
469 1309 681 1378 Ptolemaeus,
702 1303 754 1394 [5.
774 1324 806 1370 Ω.
825 1321 902 1370 extr.
919 1301 1084 1392 Ἰηλυσσός

69 1405 179 1497 ionice]
206 1411 398 1493 Stephanus,
420 1403 475 1498 [h.
495 1404 550 1495 v.]
579 1403 856 1492 Herodotus,[1.
882 1403 982 1494 144]
1017 1407 1084 1468 Ho-

66 1531 165 1584 merus,
192 1509 255 1600 [ll.
281 1529 313 1582 2,
339 1507 446 1599 6502]
471 1531 545 1573 cum
569 1510 685 1592 duplici
703 1501 750 1601 ss
769 1501 926 1598 Iolyffits,·
958 1507 1083 1586 Strabo,

68 1609 131 1698 [lib.
160 1625 214 1697 14.
243 1635 278 1695 p.
306 1635 350 1676 m.
375 1624 461 1694 450.
486 1611 507 1674 l.
531 1605 639 1696 655.]
678 1612 865 1691 Dionysius,
897 1605 951 1695 [v.
977 1601 1082 1694 505.]

67 1715 271 1794 Thucydides.
298 1709 353 1802 [8,
375 1708 460 1800 44]
487 1711 653 1776 Pausanias
674 1707 730 1800 [l]
758 1733 825 1774 uno
847 1725 1004 1772 tantuma
1034 1713 1086 1769 la·

68 1809 144 1904 ipsos.
171 1835 374 1878 rrnrrsnrs.
424 1815 572 1896 Plerique
588 1813 725 1876 scribunt
740 1834 796 1896 per
803 1805 834 1904 s
842 1813 980 1894 simplex.
1004 1829 1084 1891 quos

67 1936 166 2000 urguo
186 1937 325 1980 numero
348 1937 386 1978 ex
409 1915 535 2000 Graecis
558 1927 590 1976 et
613 1915 733 1978 Latinis
754 1917 904 1976 excitavit
923 1913 1024 1974 Waffe
1046 1911 1085 1972 ari

69 2019 197 2098 Thutyd.
222 2035 260 2099 3,
281 2029 340 2098 44.
393 2019 430 2078 ln
452 2019 520 2080 aliis
539 2017 635 2079 etiarn
659 2017 830 2098 simplicem
851 2016 973 2076 literam
994 2029 1086 2076 tuen·

70 2131 109 2178 tur
127 2123 268 2192 codices,
303 2122 351 2181 nti
367 2119 500 2181 Coislin.
524 2119 558 2180 in
579 2117 781 2188 Ptolemaeo,
816 2131 848 2178 et
869 2119 902 2177 in
921 2117 1085 2197 Stephano

71 2219 232 2284 Eostathius
257 2223 295 2282 ad
318 2223 451 2282 Homer.
475 2221 513 2282 ll.
538 2239 569 2290 2.
593 2217 676 2296 656.
713 2220 767 2300 qni
794 2219 884 2278 illum
917 2215 1083 2298 oxlcripiit.

70 2319 125 2402 ipis
140 2324 234 2384 etiam
255 2319 433 2404 Stephanus
447 2319 467 2384 l.
484 2343 516 2382 v.
540 2309 638 2408 Σύμη
661 2322 795 2382 eandem
809 2321 967 2394 rationem
988 2317 1089 2379 oileu-

72 2423 117 2484 rlit.
149 2425 315 2486 Accedunt
330 2437 494 2504 poetarum
509 2423 586 2492 loca,
606 2421 660 2502 qui
676 2423 886 2502 penultimam
903 2421 1087 2502 corripiunt,

73 2525 101 2582 ad
118 2545 206 2603 qnam
233 2525 474 2606 producendam
498 2523 659 2584 Homerus
689 2525 907 2606 geminatione
933 2519 1005 2582 ulus
1034 2517 1088 2580 eil.

74 2625 114 2684 Sic
129 2625 283 2688 Pindarus
300 2625 430 2705 Olymp.
450 2640 483 2700 7,
505 2625 587 2704 136.
611 2637 691 2700 137.
726 2623 896 2703 Dionysius
916 2623 949 2683 in
966 2621 1090 2683 Antho-

73 2723 141 2807 logia
164 2729 265 2788 Tom.
283 2743 314 2792 2.
336 2747 369 2808 p.
389 2739 471 2805 232.
498 2721 572 2810 (erl.
599 2723 742 2810 latobs.)
777 2725 875 2788 Ouid.
900 2723 1032 2786 Metam.
1056 2737 1090 2796 7,

77 2827 144 2902 365.
179 2826 315 2906 Dionys.
341 2829 376 2888 in
404 2829 524 2910 perieg.
556 2847 589 2888 r.
617 2837 702 2902 505.
754 2827 803 2887 Ex
832 2828 939 2888 numia
962 2823 1092 2884 sublidit

77 2925 188 3000 tetum,
220 2943 304 2990 certo
322 2929 454 3009 quidem
474 2943 506 2990 et
527 2927 676 2996 indubia.
702 2930 750 2986 nti
767 2929 892 2988 monuit
910 2923 1035 2986 Eoklrel
1057 2923 1093 2982 in

77 3026 202 3092 doctrina
223 3049 353 3092 nnmor.
376 3029 413 3092 P.
436 3049 465 3092 r.
491 3029 563 3091 Vol.
580 3043 613 3090 a.
636 3049 667 3110 p.
693 3029 777 3090 606.
829 3029 891 3092 sen
916 3025 984 3087 latis
1006 3023 1094 3105 lupe·

77 3128 144 3190 rinra
169 3131 333 3192 evincunt.
387 3131 472 3192 Aliae
494 3129 685 3190 variationes
713 3123 825 3212 palinn
848 3127 988 3190 inlibris
1015 3125 1095 3186 obii·

78 3230 196 3302 ciuntur,
222 3253 256 3294 v.
274 3253 301 3294 c.
326 3231 461 3292 Diodori
477 3233 537 3294 Sic.
560 3243 615 3310 13,
639 3241 698 3308 75.
736 3231 788 3293 Sic
806 3229 888 3294 Cod.
912 3226 1096 3292 Coisliu.in

78 3327 248 3396 Ptolemaeo
271 3345 304 3412 5,
328 3349 361 3396 a.
383 3332 477 3394 habet
497 3325 622 3408 Ἰλισός.

213 3539 243 3616 §.
272 3547 306 3614 5.
358 3533 495 3630 Quae)
544 3537 657 3598 Venet.
677 3535 784 3598 Harn.
804 3531 871 3630 pne
885 3535 961 3618 qnia
976 3543 1100 3594 contra.

81 3629 134 3696 Pro
154 3636 353 3716 importunas
377 3637 494 3698 multae
511 3637 667 3699 editiones
688 3655 717 3698 r.
745 3635 791 3698 2‘l
812 3651 844 3716 5.
867 3647 900 3718 4.
924 3665 974 3678 -
995 3653 1034 3695 ex
1053 3651 1102 3694 re·

84 3737 265 3800 acutioribus
290 3739 508 3812 Olivarisnas,
544 3739 650 3798 ilineti
676 3737 796 3798 habent
828 3741 1020 3818 importune,
1054 3735 1105 3794 uti

84 3837 165 3898 etiam
190 3841 223 3900 in
248 3843 351 3924 prima
375 3841 516 3902 editione
546 3837 701 3922 scripserat
727 3839 896 3901 Varlianns.
948 3836 1106 3919 Ambigua

86 3935 121 3996 eit
141 3939 215 4002 haec
235 3942 268 4002 in
292 3939 399 4023 priscis
422 3941 509 4004 libris
534 3941 687 4003 scribendi
710 3941 805 4009 ratio,
838 3939 892 4000 etsi
910 3939 1107 4018 aliquatenus

87 4045 200 4121 proprie
215 4047 313 4104 etiam
337 4043 471 4124 intelligi
495 4039 602 4126 poiltt.
654 4039 719 4105 Pro
738 4039 940 4102 Chelidoniae
956 4040 989 4099 in
1008 4037 1107 4100 Vstic.

91 4139 233 4205 lulidonia
261 4143 404 4206 exilitiffe
428 4145 576 4216 videtum
616 4143 802 4205 Vindobon.
825 4141 921 4202 habet
942 4137 1109 4212 celidonie‚·
