2788 4942
329 505 421 562 LlB.
452 506 504 558 Ili.
550 504 582 560 C.
612 505 635 558 1.
679 503 704 574 ἦ.
731 523 776 562 ιο.
1033 517 1074 582 6¹

43 701 92 760 per
113 699 192 762 quos
213 669 369 770 nauuofir.
412 678 495 740 Eilil.
518 699 546 740 s.
567 695 597 740 2.
624 691 656 756 5.
676 689 710 755 4.
731 691 763 755 5.
789 697 821 756 9.
844 697 899 744 tt.
919 677 1075 762 qrrordam

45 771 138 870 uosa;
164 782 240 842 inde
258 800 381 848 omnes.
402 799 480 860 quae
499 793 587 840 autea
606 780 763 840 dederunt
781 779 985 860 Origeuiones
1002 805 1076 846 cum

45 883 160 944 Vineto
190 881 342 964 quosdam
364 873 494 971 Nesuar
533 881 742 950 Reiuoltlius,
775 893 836 960 44.
859 893 905 959 45
934 913 982 926 -
1009 887 1076 946 Να·

45 975 128 1073 noso.
164 983 254 1066 Quid
279 981 445 1044 Boccatius
467 985 500 1042 in
522 981 606 1042 Mela
630 983 757 1066 legerit,
783 1003 849 1044 non
869 983 936 1046 latis
950 986 1077 1066 adparet

45 1085 74 1144 in
89 1089 284 1146 enarratione
299 1085 491 1154 fluviorum
518 1081 573 1144 sub
591 1105 621 1144 v.
638 1085 773 1146 Saunius
795 1087 927 1164 repetit:
957 1083 1077 1172 fluuius

45 1183 332 1274 estcaurabrorum
356 1206 412 1264 per
433 1187 617 1262 aooriginos
638 1199 669 1246 et
690 1207 868 1268 orgeneruos
882 1181 1011 1276 fluens,·
1043 1203 1077 1252 et

43 1285 62 1348 l.
84 1308 113 1349 v.
138 1286 292 1348 Namnasa
323 1305 381 1368 pro
410 1305 475 1368 quo
504 1283 648 1347 Namnasa
679 1287 730 1350 ed.
759 1301 864 1369 1473.
889 1288 930 1380 ‘ss'
954 1285 1077 1376 firmius

45 1388 125 1464 opud
146 1387 318 1449 cantabros
334 1389 513 1468 onorigines
529 1399 561 1446 et
578 1409 754 1466 orgenornes
774 1389 845 1472 (etl.
866 1392 943 1452 l'eo.
970 1403 1073 1472 ¹494·

46 1487 89 1548 led
113 1488 207 1552 Paris.
237 1487 571 1570 Ι511·()Γῑ’έ-,’θ”()”“ῑῐ)
596 1487 826 1575 disterminans.
872 1511 1076 1558 rzscuvouo.

45 1591 138 1652 Scribi
157 1591 261 1672 potest
283 1613 340 1670 prr
358 1592 546 1670 Arrtrigoues
565 1601 597 1650 et
617 1587 822 1670 Origeoione's
842 1593 995 1674 quosdam
1013 1595 1077 1656 Ne·

38 1683 95 1780 suo
109 1685 281 1784 descendit.
317 1695 365 1754 De
385 1688 637 1771 Origevionibns,
663 1691 724 1754 sive
743 1707 778 1752 ut
796 1694 918 1755 Plinius
941 1689 996 1780 [4.
1018 1709 1075 1776 34.

46 1789 64 1852 l.
83 1789 158 1880 um]
188 1793 344 1872 Origeuis,
373 1795 565 1860 Antoninus.
591 1787 644 1878 [p.
661 1813 705 1856 m.
719 1793 828 1879 427.l
853 1799 908 1876 qui
927 1795 1077 1876 Origines

47 1915 138 1974 aquas
158 1899 318 1956 nominat.
371 1895 574 1956 Ptolemaeus
600 1887 655 1978 [α.
682 1889 738 1980 6.]
769 1915 896 1976 quoque
922 1897 1077 1976 Origenes

48 1995 145 2059 eliseus
162 2016 232 2064 eos.
257 2011 288 2058 et
305 1995 542 2076 Origauiolcom
560 1995 671 2056 urbem
690 2017 812 2058 eorum.
853 1999 951 2081 Quod
969 2017 1076 2062 autem

49 2099 76 2156 iu
93 2099 197 2160 Plinio
218 2099 338 2158 dietum
356 2099 449 2160 nobis
466 2097 517 2166 est.
544 2099 717 2176 Aurigeuos
735 2101 768 2158 iu
781 2100 961 2180 Pomponio
976 2102 1079 2164 virleri

48 2199 99 2260 elle
116 2201 287 2280 Origenos.
314 2201 427 2260 melius
449 2197 500 2267 est,
527 2213 564 2258 ut
579 2201 777 2270 Autrigones,
805 2203 1079 2280 quemmltuurlum

49 2299 101 2361 hoc
129 2303 201 2364 loco
234 2303 389 2368 diximus.
423 2301 556 2382 legatur.
610 2301 740 2362 Etenim
767 2301 970 2362 Ptolemaeus
996 2305 1080 2364 iuter

50 2405 231 2482 Autrigones
245 2417 276 2462 et
293 2401 529 2481 Origour'olcorn
548 2401 706 2482 oppidum
732 2401 853 2462 flumen
870 2395 1012 2492 sl'esuarn
1036 2409 1081 2468 ait

52 2503 158 2574 delabi.
201 2523 393 2584 ‹uraruquam
425 2505 546 2564 ner-ve
570 2503 604 2562 iu
638 2499 705 2582 ipso
737 2499 949 2584 frequentius,
984 2525 1104 2586 quam·

52 2597 149 2693 u‘esua
173 2605 325 2685 scriptum
351 2603 403 2666 est.
468 2606 529 2666 sm
552 2623 631 2684 quae
658 2603 710 2664 hic
733 2603 902 2685 leqrumtur
925 2605 963 2666 tle
985 2627 1079 2668 amne

52 2704 147 2774 Deua.
173 2709 312 2766 dubium
331 2727 395 2766 uon
412 2705 607 2786 relinquunt.
635 2705 720 2766 huuc
743 2705 845 2787 iplum
865 2707 1081 2788 al'orupouio

55 2807 192 2892 intelligi,
220 2809 274 2888 qui
297 2809 407 2866 tl'erua
424 2807 487 2868 live
508 2797 619 2896 Nefiro
642 2807 773 2868 dicatur.
826 2809 1024 2886 Autrigonas
1047 2823 1080 2872 et

55 2907 165 2972 Plinius
190 2911 247 2971 lib.
271 2923 303 2984 3.
330 2903 417 2994 [cup.
441 2921 475 2987 4.
496 2905 516 2970 l.
535 2901 589 2992 5.]
618 2895 867 2968 cotluuemorat:
911 2911 951 2968 ln
977 2913 1081 2972 Antrt'·

55 3031 167 3086 genum,
201 3011 315 3092 inquit,
342 3031 451 3070 uouern
475 3005 660 3068 ciuitatibus
688 3007 821 3070 Tritium
843 3023 874 3070 et
903 3009 935 3068 V
936 3003 1082 3102 eruut-sco

56 3127 267 3174 memorantur.
322 3113 370 3172 De
394 3111 586 3171 Tritiomox
607 3123 726 3194 agetur.
761 3129 947 3172 osuuauvs.
1001 3115 1081 3174 Scri·

57 3209 188 3274 bemlmu
212 3231 284 3274 reor
304 3225 333 3272 et
358 3214 531 3292 Antigenus
552 3225 580 3271 et
605 3209 747 3302 Carfios
769 3213 879 3272 ..lerna
901 3201 1081 3302 dis-erulitr

56 3329 88 3371 ex
104 3315 283 3376 Ptolemaeo
300 3327 332 3374 ot
349 3313 469 3376 Plinio.
506 3313 639 3396 Legitur
656 3327 760 3372 tamen
779 3314 812 3372 iu
828 3313 1013 3376 Ptolemaeo
1031 3317 1085 3376 ali·

57 3417 172 3492 quaudo
195 3407 320 3504 Nesna.
355 3435 448 3496 quam
473 3415 643 3474 lectionem
666 3411 769 3476 rursus
798 3415 949 3476 ridentur
970 3437 1085 3500 apum·

57 3511 128 3584 bare.
154 3519 210 3598 qui
233 3517 299 3578 lota
323 3518 373 3578 illa
396 3517 548 3585 hubitant,
575 3505 693 3600 Nausia
715 3517 822 3598 lingua
844 3519 1008 3576 vernacula
1033 3539 1083 3580 us·

59 3635 110 3694 que
129 3621 159 3678 in
177 3619 371 3680 hodiernum
392 3631 552 3678 vocantes.
594 3615 718 3678 Plinius
740 3615 892 3697 Origeuos
915 3631 1008 3680 vocat
1029 3639 1085 3700 po·

60 3719 158 3795 pillos.
194 3741 260 3780 uon
285 3721 465 3798 Antigenus.
505 3737 705 3780 etn'ttrtnvs.
758 3719 821 3779 Pro
839 3720 1029 3798 Autrigones
1052 3733 1085 3782 et

63 3815 253 3896 Origeuiones
273 3823 361 3882 aliter
385 3820 446 3902 legi
470 3819 501 3878 in
528 3819 619 3880 MSS.
643 3820 708 3878 dixi
730 3819 766 3877 ael
790 3819 845 3881 lib.
867 3839 895 3880 t.
918 3839 944 3880 c.
967 3839 997 3884 o.
1026 3823 1085 3906 lad

63 3935 88 3978 v.
107 3917 229 4010 Serae]
270 3942 294 3984 t.
319 3939 526 3982 ououovsvs.
578 3921 641 3982 Pro
667 3921 859 3998 Avarigiurn
883 3921 934 3980 rel
961 3925 1085 4000 Aurigi·

64 4039 106 4078 nes
123 4024 307 4086 Hermolaus
323 4043 397 4084 vere
413 4023 546 4085 restituit
557 4023 765 4100 Autrigonum
789 4035 820 4080 et
831 4015 1087 4111 (lrigermmesros

66 4123 107 4180 vet
127 4127 230 4206 potius
250 4115 490 4213 Orgenomescos
508 4141 566 4206 pro
586 4123 775 4200 Orgenomes
791 4141 877 4204 qnos,
902 4133 933 4182 et
948 4123 1026 4183 Non
1042 4113 1087 4212 'sa

66 4219 119 4302 (lta
146 4225 255 4314 uleus)
288 4245 346 4312 pro
381 4215 553 4316 Namnasa
588 4221 788 4302 lleyuoltlus.
843 4217 1089 4316 Or·gerrorrrejeos

672 4323 703 4385 D
730 4335 752 4388 Β
