2794 4954
363 400 764 475 munerea
999 353 1092 485 ἠ

37 586 74 648 de
90 603 150 667 qua
165 583 209 646 ad
228 601 260 646 e.
281 582 306 644 1.
359 577 481 642 Vitioie
503 579 556 639 hic
577 597 682 639 unum
701 579 863 663 exemplar
882 579 934 644 ed.
953 591 1012 659 25.
1038 583 1088 643 uti

38 689 107 751 edd.
125 703 189 766 32.
217 700 281 765 57.
305 703 400 745 etune.
452 680 527 742 Pou
547 679 685 742 Vindob.
711 681 881 744 excitarent
900 702 958 765 pro
980 705 1087 745 excur-

37 811 122 860 τω,-
154 790 279 849 Vener.
307 783 514 853 Maeotidae,
546 796 584 842 ut
610 780 721 842 firnilia
746 784 904 846 omittam.
957 785 1087 848 Proin.

37 889 177 952 elrrditru·
200 890 305 956 idem,
333 887 433 947 Vatic.
453 881 538 966 Lipi.
559 879 654 944 Paris.
678 903 707 944 r.
731 896 764 944 et
782 883 869 949 Gud.
892 905 966 948 eum
982 889 1032 950 ed.
1057 910 1086 953 ι.

38 989 185 1052 irreludit.
238 987 370 1068 Nempe
388 984 500 1066 syllaba
518 1005 555 1044 ur
572 983 672 1046 modo
688 997 809 1047 temere
826 987 963 1059 additur,
987 991 1086 1052 modo

38 1093 199 1162 demitur,
225 1090 268 1154 de
284 1087 405 1172 quoad
426 1109 458 1161 r,
476 1101 508 1166 7,
526 1099 559 1165 3·
593 1101 626 1158 2,
644 1099 678 1158 Ω,
703 1107 732 1148 1.
760 1103 794 1159 2,
812 1101 845 1168 3,
861 1085 894 1154 6.
923 1103 1083 1170 3,2,57.

36 1207 66 1256 er
84 1193 181 1258 alibi.

209 1429 242 1506 §.
279 1439 314 1505 3.
364 1425 416 1486 In
453 1419 671 1504 paludem)
722 1421 816 1486 Paris.
848 1445 879 1488 r.
906 1443 936 1488 e.
977 1427 1086 1496 Cibin.

37 1529 124 1594 out.
147 1529 248 1612 Prag.
269 1541 302 1588 et
320 1525 394 1588 edd.
421 1544 453 1588 1.
479 1541 510 1588 2.
530 1541 564 1602 9.
586 1524 621 1584 iu
641 1521 774 1604 palude,
808 1540 902 1608 atque
923 1528 966 1590 ita
989 1531 1085 1591 etiarn

36 1629 142 1693 adfert
165 1629 371 1693 ciacconius.
406 1643 612 1687 rzsenvcna.
663 1625 874 1688 scribendum
895 1630 1024 1690 videtur
1042 1634 1085 1692 In

37 1733 183 1794 Pontum
206 1730 386 1810 vergentia,
418 1727 536 1788 nonin
559 1725 722 1806 paludem,
757 1729 829 1809 quia
851 1727 956 1789 subdit
976 1733 1084 1812 paullo

38 1834 123 1916 poll,
152 1823 356 1922 refugipett'a
378 1849 476 1911 usque
492 1818 687 1918 subsequens
715 1827 826 1900 litora,
866 1851 946 1913 qrtae
973 1834 1084 1894 Satar-

40 1936 116 1994 chae
148 1945 185 1992 et
222 1929 349 1990 Taurici
378 1941 494 1990 tenent.
552 1929 616 1990 Sed
642 1929 768 1989 tolerari
800 1931 902 2013 potest
923 1933 1081 2009 paludem.

40 2035 125 2113 Npm
145 2031 312 2116 angustam
333 2031 421 2090 illam
443 2029 612 2098 cervicem,
638 2025 690 2088 seu
709 2029 862 2092 Isthmum
880 2035 963 2094 inter
984 2035 1086 2097 linum

42 2115 246 2198 Carctrrttem
279 2145 312 2193 et
346 2133 495 2191 Maeotin
534 2133 746 2212 attingentem
781 2146 955 2215 utrumque
987 2157 1084 2208 mare,

41 2239 95 2318 qui
120 2247 261 2296 vocatur
287 2233 444 2312 Taphrae,
471 2234 530 2312 (nt
552 2230 648 2312 paulo
670 2231 740 2314 post
762 2231 944 2320 subiungit)
978 2237 1088 2300 Satar-
1198 2249 1206 2266 '

42 2339 119 2396 eliae
143 2335 309 2404 habitant,
348 2346 475 2394 auctore
505 2332 665 2414 Stephano
689 2335 723 2392 in
757 2333 899 2398 dictione
927 2337 1083 2418 Taphrae.

43 2439 151 2522 Quare
167 2439 202 2496 in
219 2449 333 2518 quarto
352 2434 452 2494 Plinii
472 2433 563 2504 libro,
589 2429 637 2520 [c.
657 2435 714 2496 26.
732 2432 753 2497 s.
770 2429 846 2522 ru]
872 2437 928 2496 ubi
943 2439 987 2498 ait
1003 2441 1086 2501 Tau-

42 2543 123 2600 ricae
146 2537 292 2620 populoe
315 2535 418 2596 claudi
438 2534 477 2596 ab
494 2535 668 2596 Occidente
685 2534 924 2608 Cherrhonelo,
954 2538 1087 2602 abortu
1135 2537 1139 2549 ’

43 2641 172 2718 Scythis
193 2637 369 2706 Satarehis,
403 2637 608 2719 corrigendus
634 2635 677 2696 eli
709 2635 962 2700 mendofiffimtts
986 2641 1087 2710 locus,

44 2741 290 2826 legendumque
312 2757 379 2797 non
404 2735 537 2798 abortu
561 2737 687 2817 Scythis
710 2737 891 2816 Satarchir,
926 2737 979 2800 led
999 2740 1088 2802 laabi-

44 2857 119 2903 tata
142 2841 276 2922 Scythis
299 2837 475 2900 Satarchis.
527 2837 683 2899 Ptulendo
707 2839 871 2900 Herruolai
889 2859 1004 2910 errore,
1031 2845 1087 2928 qui

43 2947 104 3014 ait,
139 2961 212 3002 non
247 2941 281 2999 in
315 2951 423 2999 totum
456 2939 618 3020 displicere
652 2936 707 2996 fibi
732 2941 873 3020 priorem
905 2941 1088 3016 lectionem,

49 3065 149 3126 quum
169 3045 205 3103 in
229 3038 379 3101 universo
404 3054 555 3102 terrarum
579 3039 637 3098 situ
658 3037 741 3099 nihil
768 3043 967 3122 pronuntiari
994 3043 1089 3124 poffit

48 3145 232 3212 ablnrdiue,
258 3161 354 3224 quam
367 3141 534 3201 Tauricam
556 3141 658 3202 claudi
679 3139 716 3200 ab
739 3141 871 3204 Oriente
893 3143 1018 3222 Scythis
1038 3148 1092 3208 Sa-

50 3248 177 3307 tarchie.
234 3242 385 3305 Ceterum
408 3242 503 3302 libuit
525 3242 577 3303 hic
604 3241 723 3312 testari,
759 3262 811 3303 me
838 3243 876 3304 ab
905 3245 1089 3318 Hermolao,

49 3350 201 3430 quartem
225 3343 370 3414 ornauit,
397 3342 496 3405 libere
515 3342 689 3412 dissentire,
718 3363 785 3404 non
808 3357 845 3404 ut
868 3347 1038 3406 detractam
1059 3349 1092 3409 ei

47 3451 148 3512 velim
175 3449 357 3508 haerentem
381 3445 482 3523 capiti
505 3466 575 3504 cum
607 3443 709 3504 multa
740 3443 835 3505 laude
865 3465 1032 3516 coronam,
1074 3468 1093 3508 a

48 3571 108 3632 qna
129 3569 166 3610 re
188 3546 314 3627 [emper
334 3564 440 3606 rnoree
461 3546 526 3606 mei
546 3545 794 3617 abhorruerunt,
822 3544 872 3607 ted
888 3547 1092 3634 honorandae

49 3651 192 3712 reritatia
214 3643 314 3708 causa.
366 3645 467 3708 Cuiua
482 3647 617 3730 dignitas
635 3646 717 3728 apud
741 3645 910 3708 hominem
927 3667 1002 3710 vere
1023 3649 1095 3730 phi·

52 3751 236 3835 lelaphum,
263 3747 327 3808 hoc
346 3746 398 3818 est,
424 3749 480 3829 qui
494 3747 576 3808 bona
591 3747 652 3809 fide
673 3745 857 3826 sapientiam
879 3748 970 3818 colat,
997 3769 1094 3832 quam

52 3871 169 3916 ceterae
194 3867 313 3912 ornnee
328 3849 470 3910 rationes
490 3849 738 3930 praeponderare
760 3849 867 3910 debet.
920 3849 988 3908 Nec
1009 3869 1096 3910 com·

51 3953 315 4017 mittendendunr
330 3947 404 4030 fuit,
429 3964 477 4019 nt,
499 3967 577 4032 quae
593 3946 667 4011 fallo
687 3947 797 4010 tradita
818 3948 942 4010 suntab
963 3950 1096 4012 homine
1141 4027 1143 4031 Ι

51 4057 258 4141 quantumvis
274 4055 393 4121 docto,
423 4049 473 4111 led
491 4051 545 4132 qni
562 4052 596 4111 in
613 4047 764 4112 omnibus
780 4051 940 4112 collimare
955 4070 1024 4114 non
1041 4069 1097 4134 po·

92 4177 189 4248 Pomp.
212 4171 312 4228 Meta.
343 4170 384 4224 L.
405 4167 443 4220 ll.
739 4169 766 4231 B
