2836 4940
358 469 445 530 tta.
474 473 527 526 ιιι.
571 469 605 528 o.
629 471 692 530 tot.
735 471 761 542 t.
785 484 814 542 5·
1045 483 1106 550 ¹35

65 633 148 730 πρὸς
172 641 224 724 τῷ
248 635 418 724 Καυκάσῳ
441 657 501 706 etc.
533 664 600 706 non
623 644 707 728 polle
731 647 772 709 de
795 645 853 708 itac
875 645 984 708 indica
1011 661 1108 732 gente

67 745 193 826 aecipi‘l
227 745 317 830 Quid
335 744 472 808 Caucaso
491 766 754 809 commonacum
771 747 870 810 Aurea
888 747 1109 813 chersoneso?

71 866 214 909 votarva.
268 847 414 909 Liberior
432 847 485 909 hic
500 847 555 910 luo
577 867 667 910 more
685 863 837 933 evagatur
851 849 1033 920 Pintiauua‚
1056 871 1110 913 ou·

74 951 126 1008 ius
149 949 305 1030 impetum
324 949 478 1010 librorum
494 952 661 1012 auctoritas
678 971 822 1012 coercere
843 965 986 1032 poterat;
1013 953 1108 1016 nimia

72 1051 171 1111 etiam
196 1063 314 1111 temere
345 1051 493 1113 ordinem
528 1047 753 1136 progrellronia
779 1053 905 1115 diriicit.
956 1053 1109 1116 Schottua

73 1165 197 1232 praeter
217 1147 432 1214 neceffitatem
450 1151 553 1215 Melae
574 1153 720 1214 ordinem
737 1155 887 1224 invertit,
913 1175 1008 1236 quem
1024 1170 1108 1217 recte

72 1252 211 1312 [errauit
233 1254 432 1322 Ciaccooiua‚
464 1255 581 1316 idoneo
602 1269 790 1340 argumento
811 1257 1012 1340 impugnavit
1037 1255 1109 1318 vot·

70 1355 134 1414 iius
157 1351 353 1436 fugavitque.
404 1357 450 1416 Ita
466 1354 584 1438 laepiua
600 1357 634 1416 in
650 1355 756 1418 nolito
773 1357 959 1444 adpellativa
976 1359 1110 1420 uomina

70 1456 107 1514 in
134 1459 258 1536 propria
279 1455 469 1518 transierunt
489 1471 626 1529 mutata,
659 1457 699 1518 de
721 1477 784 1540 quo
802 1457 869 1519 vid.
889 1459 927 1520 ad
946 1475 978 1530 a,
997 1473 1029 1534 7,
1053 1481 1108 1523 ιι.

69 1569 106 1618 et
126 1558 159 1617 in
175 1559 286 1638 primia
301 1559 338 1618 ad
358 1573 389 1626 a,
407 1571 439 1638 3.
457 1579 487 1622 ι.
531 1561 619 1620 Τιιιιι
636 1573 730 1630 recte,
755 1561 878 1641 opinor,
902 1559 1038 1642 posrtum
1055 1561 1108 1632 eli,

68 1677 171 1740 qnam
192 1671 229 1718 ut
247 1679 305 1740 pro
328 1679 422 1742 quam
446 1657 514 1732 ulti,
545 1661 631 1742 quoti
655 1659 826 1723 molestum
847 1657 967 1722 iaciunt
987 1681 1110 1744 praece·

70 1761 195 1820 dantia.
246 1761 298 1823 sic
319 1781 346 1830 t,
378 1775 432 1839 13.
457 1775 490 1840 3.
516 1753 682 1852 spatium,
716 1763 833 1843 magis,
865 1781 960 1844 quum
983 1775 1018 1824 ut
1038 1783 1111 1842 pro·

69 1859 166 1942 gredi
185 1863 343 1942 quispiam
363 1858 449 1954 arastt
468 1861 620 1924 horribile.
651 1861 750 1934 ‚Non
765 1865 853 1924 enim
875 1861 1031 1925 insolitam
1050 1863 1110 1926 elle

67 1963 158 2022 hunc
179 1962 433 2024 commistionem
450 1965 567 2026 docent
588 1961 751 2026 Drakenb.
770 1965 806 2025 ad
824 1965 897 2026 Liv.
916 1975 972 2046 24.
994 1979 1049 2041 15.
1065 1966 1111 2028 in.

68 2079 109 2124 et
139 2081 220 2142 quoa
251 2065 451 2126 memoravit.
514 2067 564 2127 De
596 2065 726 2129 Coliade
756 2063 970 2128 dubitationes
1002 2079 1112 2128 contra

69 2159 178 2226 voffit
194 2165 452 2228 emendationem
473 2169 579 2228 movit
596 2167 713 2251 Georg.
732 2169 830 2230 Henr.
847 2167 975 2229 Urimur
995 2169 1027 2227 in
1050 2169 1112 2228 dia·

71 2267 163 2327 tribe
181 2266 221 2326 tle
243 2265 371 2328 Seribua
388 2287 421 2350 p.
438 2267 521 2345 366.
548 2265 635 2352 (vid.
657 2269 704 2330 lo.
721 2269 821 2330 Henr.
837 2269 939 2330 Ursini
961 2267 1113 2330 Miscella-

70 2386 215 2428 neorum
235 2367 307 2428 libri
321 2365 377 2452 6.)
402 2370 475 2450 quia
497 2369 586 2432 Colit
609 2367 628 2432 l.
650 2369 756 2432 Colias
776 2371 1033 2452 promontorium
1058 2369 1114 2431 ob·

71 2471 195 2530 lectam
227 2468 339 2532 habeat
364 2469 604 2552 Taprobanem.
641 2473 692 2530 uti
716 2471 861 2552 adpareat
893 2491 930 2532 ex
959 2470 1113 2551 Dionylio

71 2591 112 2632 v.
142 2581 228 2648 59¹·
261 2571 386 2633 Avieno
409 2591 442 2633 v.
465 2583 549 2650 774.
573 2587 607 2633 et
629 2571 706 2634 aliia.
758 2569 826 2654 iple
850 2569 957 2632 Iulida
980 2573 1112 2640 mauult.

74 2673 172 2733 cuiue
194 2673 334 2734 nominis
354 2671 483 2756 vestigia
506 2671 607 2735 servet
626 2673 725 2734 hodia
746 2691 832 2732 nunc
851 2671 925 2732 urba
945 2670 1035 2732 lori.
1053 2671 1113 2742 Iol,

74 2793 111 2836 et
129 2791 188 2854 pro
206 2769 316 2835 tidini
335 2775 370 2836 in
391 2775 575 2836 Ptolemaeo
591 2793 618 2837 c.
632 2775 656 2836 l.
674 2775 823 2836 emendat
841 2765 952 2845 Ίώλις.
1006 2771 1114 2834 Nemo

74 2889 190 2936 tamen
207 2874 313 2934 Iolirla
333 2875 444 2946 norit,
469 2889 501 2936 et
516 2876 537 2936 st
554 2895 666 2937 verum
683 2876 726 2938 eli
745 2891 883 2944 nomen,
910 2875 979 2935 eiua
1000 2874 1115 2936 notitia

75 2979 139 3038 uni
163 2975 267 3036 Melae
288 2975 432 3040 debetur.
484 2977 589 3047 Certe,
615 2977 769 3060 quidquid
792 2975 844 3046 eil,
872 2976 950 3036 ordo
972 2973 1115 3056 postulat,

3 3129 5 3134 .
75 3095 118 3138 nt
140 3077 225 3137 ultra
239 3077 460 3158 Taprobanem
484 3091 516 3138 et
539 3077 671 3162 Gangen
697 3091 878 3160 quaeratur;
915 3095 974 3136 nec
997 3089 1116 3138 temere

75 3179 259 3242 Ptolemaei
278 3177 448 3241 lublrtiium
469 3175 623 3242 artellivit
640 3175 763 3240 Voffiua
778 3181 812 3239 in
826 3172 944 3240 Κῶλον
964 3169 1063 3265 ἄκροι
1085 3189 1119 3240 et

23 3353 27 3362 ¹
77 3275 215 3350 Υιῶλοι,
243 3279 296 3340 etst
312 3299 423 3362 parum
439 3281 607 3341 adiuvatur
626 3281 665 3342 ab
685 3281 767 3349 aliia,
799 3298 879 3361 quoe
898 3281 966 3340 eiua
983 3281 1119 3342 mentio·

3 3459 4 3462 Ἴ
76 3401 161 3446 rtem
178 3379 276 3441 lacere
290 3393 390 3443 notat.
427 3383 515 3446 Situe
530 3383 627 3466 igitur
640 3396 742 3444 certue
756 3379 809 3452 est.
831 3399 951 3442 nomen
969 3379 1117 3444 dubium.

77 3487 149 3548 Aut
172 3483 269 3565 igitur
284 3481 337 3543 hic
353 3497 385 3545 et
400 3479 490 3566 supra
505 3485 538 3544 in
561 3484 654 3546 initio
669 3483 777 3566 capitia
791 3483 903 3565 reponi
918 3479 1012 3541 debet
1029 3480 1119 3550 Iulis.

80 3601 140 3646 aut
170 3585 203 3643 in
233 3596 368 3664 utroque
400 3585 472 3646 ioco
499 3605 573 3646 cunt
600 3583 831 3648 recentioribus
863 3582 992 3644 retineri
1022 3581 1119 3653 Colis,

79 3686 174 3768 quod
197 3697 230 3745 et
251 3703 290 3746 ex
305 3683 445 3748 lubiecto
467 3687 583 3748 horum
600 3685 728 3747 recensu
747 3685 846 3770 magia
862 3681 1025 3766 probatur.
1069 3683 1120 3746 De

79 3784 293 3856 Patthottrts,
325 3789 374 3848 uti
397 3787 494 3850 etiam
517 3799 612 3850 vocat
630 3787 753 3851 Pliniut
770 3783 802 3858 6,
828 3801 884 3850 22·
903 3781 925 3846 s·
946 3799 1002 3864 19.
1031 3780 1121 3868 supra

79 3886 285 3952 dictumest.

136 4105 259 4156 atrae
281 4091 449 4175 gentes)
498 4089 775 4155 vindobonam
793 4097 917 4171 garriam
944 4083 1028 4171 Lipi.
1050 4105 1121 4147 aare

82 4209 210 4277 gentem
245 4195 329 4258 Gud.
356 4195 462 4262 Havu.
487 4215 527 4256 aa
551 4207 706 4276 regentem
740 4192 838 4254 Vatia.
859 4201 892 4268 3.
915 4209 955 4250 aa
982 4199 1122 4270 regentes
