<?xml version="1.0" encoding="UTF-8"?>
<!DOCTYPE html PUBLIC "-//W3C//DTD XHTML 1.0 Transitional//EN"
    "http://www.w3.org/TR/xhtml1/DTD/xhtml1-transitional.dtd">
<html xmlns="http://www.w3.org/1999/xhtml" xml:lang="en" lang="en">
 <head>
  <title>
</title>
<meta http-equiv="Content-Type" content="text/html;charset=utf-8" />
  <meta name='ocr-system' content='tesseract 3.04.00' />
  <meta name='ocr-capabilities' content='ocr_page ocr_carea ocr_par ocr_line ocrx_word'/>
</head>
<body>
  <div class='ocr_page' id='page_1' title='image "./pomponiimelaede05melagoog_0576.png"; bbox 0 0 2814 4946; ppageno 0'>
   <div class='ocr_carea' id='block_1_1' title="bbox 310 393 1050 474">
    <p class='ocr_par' dir='ltr' id='par_1_1' title="bbox 310 393 1050 474">
     <span class='ocr_line' id='line_1_1' title="bbox 310 393 1050 474; baseline -0.011 -16"><span class='ocrx_word' id='word_1_1' title='bbox 310 393 374 474; x_wconf 56' lang='grc' dir='ltr'>ὅσα</span> <span class='ocrx_word' id='word_1_2' title='bbox 605 395 846 454; x_wconf 79' lang='lat' dir='ltr'>rouroutr</span> <span class='ocrx_word' id='word_1_3' title='bbox 890 393 1050 450; x_wconf 75' lang='lat' dir='ltr'>nacae</span> 
     </span>
    </p>
   </div>
   <div class='ocr_carea' id='block_1_2' title="bbox 310 563 1349 1260">
    <p class='ocr_par' dir='ltr' id='par_1_2' title="bbox 310 563 1349 1260">
     <span class='ocr_line' id='line_1_2' title="bbox 312 563 1348 649; baseline -0.005 -18"><span class='ocrx_word' id='word_1_4' title='bbox 312 571 410 641; x_wconf 88' lang='lat' dir='ltr'>rinm;</span> <span class='ocrx_word' id='word_1_5' title='bbox 437 587 471 648; x_wconf 87' lang='lat'>9.</span> <span class='ocrx_word' id='word_1_6' title='bbox 496 567 727 648; x_wconf 68' lang='lat' dir='ltr'>linguarium</span> <span class='ocrx_word' id='word_1_7' title='bbox 753 571 786 633; x_wconf 88' lang='grc'>6.</span> <span class='ocrx_word' id='word_1_8' title='bbox 805 583 837 644; x_wconf 87' lang='grc'>7.</span> <span class='ocrx_word' id='word_1_9' title='bbox 854 579 888 646; x_wconf 82' lang='grc'><strong>8.</strong></span> <span class='ocrx_word' id='word_1_10' title='bbox 911 585 967 632; x_wconf 80' lang='lat' dir='ltr'>to.</span> <span class='ocrx_word' id='word_1_11' title='bbox 988 583 1043 632; x_wconf 84' lang='lat'>12.</span> <span class='ocrx_word' id='word_1_12' title='bbox 1065 567 1203 649; x_wconf 84' lang='lat' dir='ltr'>reliquae</span> <span class='ocrx_word' id='word_1_13' title='bbox 1226 563 1348 646; x_wconf 81' lang='lat' dir='ltr'>Tragu-</span> 
     </span>
     <span class='ocr_line' id='line_1_3' title="bbox 311 667 1349 740; baseline -0.003 -9"><span class='ocrx_word' id='word_1_14' title='bbox 311 673 408 740; x_wconf 85' lang='lat' dir='ltr'>rirnn,</span> <span class='ocrx_word' id='word_1_15' title='bbox 436 671 482 730; x_wconf 85' lang='lat' dir='ltr'>uti</span> <span class='ocrx_word' id='word_1_16' title='bbox 505 671 647 730; x_wconf 85' lang='lat' dir='ltr'>voluerat</span> <span class='ocrx_word' id='word_1_17' title='bbox 670 669 859 732; x_wconf 75' lang='lat' dir='ltr'>Hermolaus</span> <span class='ocrx_word' id='word_1_18' title='bbox 884 667 1050 730; x_wconf 83' lang='lat' dir='ltr'>Barbanu.</span> <span class='ocrx_word' id='word_1_19' title='bbox 1112 670 1237 730; x_wconf 89' lang='lat' dir='ltr'>Tnetur</span> <span class='ocrx_word' id='word_1_20' title='bbox 1265 669 1349 728; x_wconf 82' lang='lat' dir='ltr'>hana</span> 
     </span>
     <span class='ocr_line' id='line_1_4' title="bbox 311 767 1348 852; baseline -0.002 -20"><span class='ocrx_word' id='word_1_21' title='bbox 311 772 495 840; x_wconf 85' lang='lat' dir='ltr'>lectionem,</span> <span class='ocrx_word' id='word_1_22' title='bbox 525 773 558 830; x_wconf 91' lang='lat' dir='ltr'>in</span> <span class='ocrx_word' id='word_1_23' title='bbox 572 771 670 852; x_wconf 83' lang='lat' dir='ltr'>priori</span> <span class='ocrx_word' id='word_1_24' title='bbox 685 773 824 832; x_wconf 84' lang='lat' dir='ltr'>maxime</span> <span class='ocrx_word' id='word_1_25' title='bbox 839 783 926 852; x_wconf 86' lang='lat' dir='ltr'>parte</span> <span class='ocrx_word' id='word_1_26' title='bbox 942 767 1035 832; x_wconf 84' lang='lat' dir='ltr'>foede</span> <span class='ocrx_word' id='word_1_27' title='bbox 1056 784 1237 851; x_wconf 76' lang='lat' dir='ltr'><strong>corruptam</strong></span> <span class='ocrx_word' id='word_1_28' title='bbox 1260 770 1348 830; x_wconf 89' lang='lat' dir='ltr'>loco·</span> 
     </span>
     <span class='ocr_line' id='line_1_5' title="bbox 311 869 1347 952; baseline -0.004 -18"><span class='ocrx_word' id='word_1_29' title='bbox 311 893 386 934; x_wconf 82' lang='lat' dir='ltr'>rum</span> <span class='ocrx_word' id='word_1_30' title='bbox 401 887 553 934; x_wconf 76' lang='lat' dir='ltr'>notarum</span> <span class='ocrx_word' id='word_1_31' title='bbox 569 872 689 932; x_wconf 81' lang='lat' dir='ltr'>litaret</span> <span class='ocrx_word' id='word_1_32' title='bbox 710 873 902 934; x_wconf 87' lang='lat' dir='ltr'>terminatio.</span> <span class='ocrx_word' id='word_1_33' title='bbox 938 871 1052 932; x_wconf 84' lang='lat' dir='ltr'>Mitine</span> <span class='ocrx_word' id='word_1_34' title='bbox 1072 869 1159 952; x_wconf 81' lang='lat' dir='ltr'>snpra</span> <span class='ocrx_word' id='word_1_35' title='bbox 1182 889 1213 940; x_wconf 82' lang='lat' dir='ltr'>a,</span> <span class='ocrx_word' id='word_1_36' title='bbox 1231 884 1265 948; x_wconf 84' lang='grc'><strong>5.</strong></span> <span class='ocrx_word' id='word_1_37' title='bbox 1290 881 1347 946; x_wconf 92' lang='grc'>15.</span> 
     </span>
     <span class='ocr_line' id='line_1_6' title="bbox 310 971 1349 1056; baseline -0.005 -22"><span class='ocrx_word' id='word_1_38' title='bbox 310 973 345 1034; x_wconf 86' lang='lat' dir='ltr'>id</span> <span class='ocrx_word' id='word_1_39' title='bbox 368 991 487 1035; x_wconf 87' lang='lat' dir='ltr'>nomen</span> <span class='ocrx_word' id='word_1_40' title='bbox 510 972 656 1033; x_wconf 84' lang='lat' dir='ltr'>habitum</span> <span class='ocrx_word' id='word_1_41' title='bbox 673 973 725 1036; x_wconf 86' lang='lat' dir='ltr'>eil.</span> <span class='ocrx_word' id='word_1_42' title='bbox 778 973 878 1056; x_wconf 85' lang='lat' dir='ltr'>Quod</span> <span class='ocrx_word' id='word_1_43' title='bbox 901 991 978 1036; x_wconf 81' lang='lat' dir='ltr'>veto</span> <span class='ocrx_word' id='word_1_44' title='bbox 996 972 1041 1032; x_wconf 88' lang='lat' dir='ltr'>ibi</span> <span class='ocrx_word' id='word_1_45' title='bbox 1062 975 1095 1034; x_wconf 88' lang='lat' dir='ltr'>in</span> <span class='ocrx_word' id='word_1_46' title='bbox 1111 971 1262 1040; x_wconf 74' lang='lat' dir='ltr'>urbiam,</span> <span class='ocrx_word' id='word_1_47' title='bbox 1294 971 1349 1030; x_wconf 85' lang='lat' dir='ltr'>hic</span> 
     </span>
     <span class='ocr_line' id='line_1_7' title="bbox 310 1071 1347 1148; baseline -0.005 -12"><span class='ocrx_word' id='word_1_48' title='bbox 310 1076 345 1136; x_wconf 92' lang='lat' dir='ltr'>in</span> <span class='ocrx_word' id='word_1_49' title='bbox 361 1071 471 1136; x_wconf 84' lang='lat' dir='ltr'>insulie</span> <span class='ocrx_word' id='word_1_50' title='bbox 485 1072 632 1144; x_wconf 85' lang='lat' dir='ltr'>recenset,</span> <span class='ocrx_word' id='word_1_51' title='bbox 654 1073 694 1134; x_wconf 88' lang='lat' dir='ltr'>de</span> <span class='ocrx_word' id='word_1_52' title='bbox 710 1095 748 1138; x_wconf 92' lang='lat' dir='ltr'>eo</span> <span class='ocrx_word' id='word_1_53' title='bbox 767 1075 852 1136; x_wconf 83' lang='lat' dir='ltr'>alibi.</span> <span class='ocrx_word' id='word_1_54' title='bbox 887 1075 974 1134; x_wconf 87' lang='lat' dir='ltr'>Tum</span> <span class='ocrx_word' id='word_1_55' title='bbox 987 1073 1127 1134; x_wconf 85' lang='lat' dir='ltr'>Vindob.</span> <span class='ocrx_word' id='word_1_56' title='bbox 1142 1089 1179 1133; x_wconf 91' lang='lat' dir='ltr'>ut</span> <span class='ocrx_word' id='word_1_57' title='bbox 1191 1073 1269 1134; x_wconf 86' lang='lat' dir='ltr'>edd.</span> <span class='ocrx_word' id='word_1_58' title='bbox 1290 1083 1347 1148; x_wconf 82' lang='grc'>15.</span> 
     </span>
     <span class='ocr_line' id='line_1_8' title="bbox 315 1173 1348 1260; baseline -0.008 -20"><span class='ocrx_word' id='word_1_59' title='bbox 315 1193 371 1254; x_wconf 85' lang='grc'>19.</span> <span class='ocrx_word' id='word_1_60' title='bbox 400 1173 593 1246; x_wconf 68' lang='lat' dir='ltr'>Diomedem</span> <span class='ocrx_word' id='word_1_61' title='bbox 637 1175 809 1258; x_wconf 82' lang='lat' dir='ltr'>Rehdiger.</span> <span class='ocrx_word' id='word_1_62' title='bbox 842 1174 935 1260; x_wconf 82' lang='lat' dir='ltr'>Prag.</span> <span class='ocrx_word' id='word_1_63' title='bbox 969 1173 1162 1258; x_wconf 75' lang='lat' dir='ltr'>Dyaatedia.</span> <span class='ocrx_word' id='word_1_64' title='bbox 1228 1174 1348 1236; x_wconf 79' lang='lat' dir='ltr'>Veram</span> 
     </span>
    </p>
   </div>
   <div class='ocr_carea' id='block_1_3' title="bbox 310 1275 754 1360">
    <p class='ocr_par' dir='ltr' id='par_1_3' title="bbox 310 1275 754 1360">
     <span class='ocr_line' id='line_1_9' title="bbox 310 1275 754 1360; baseline 0.002 -22"><span class='ocrx_word' id='word_1_65' title='bbox 310 1275 493 1360; x_wconf 80' lang='lat' dir='ltr'>[cripturam</span> <span class='ocrx_word' id='word_1_66' title='bbox 518 1275 670 1358; x_wconf 84' lang='lat' dir='ltr'>praebent</span> <span class='ocrx_word' id='word_1_67' title='bbox 692 1277 754 1339; x_wconf 85' lang='lat' dir='ltr'>alii.</span> 
     </span>
    </p>
   </div>
   <div class='ocr_carea' id='block_1_4' title="bbox 305 1475 1393 4205">
    <p class='ocr_par' dir='ltr' id='par_1_4' title="bbox 305 1475 1393 4205">
     <span class='ocr_line' id='line_1_10' title="bbox 387 1475 1345 1572; baseline -0.004 -30"><span class='ocrx_word' id='word_1_68' title='bbox 387 1475 571 1571; x_wconf 74' lang='lat' dir='ltr'>Arsinia)</span> <span class='ocrx_word' id='word_1_69' title='bbox 623 1479 707 1542; x_wconf 88' lang='lat' dir='ltr'>Gud.</span> <span class='ocrx_word' id='word_1_70' title='bbox 729 1477 852 1572; x_wconf 80' lang='lat' dir='ltr'>Aestia3</span> <span class='ocrx_word' id='word_1_71' title='bbox 885 1479 1024 1563; x_wconf 81' lang='lat' dir='ltr'>Rahdig.</span> <span class='ocrx_word' id='word_1_72' title='bbox 1046 1475 1216 1571; x_wconf 76' lang='lat' dir='ltr'>Harsiria;</span> <span class='ocrx_word' id='word_1_73' title='bbox 1248 1475 1345 1560; x_wconf 79' lang='lat' dir='ltr'>Prag.</span> 
     </span>
     <span class='ocr_line' id='line_1_11' title="bbox 310 1579 1346 1674; baseline -0.006 -31"><span class='ocrx_word' id='word_1_74' title='bbox 310 1579 438 1674; x_wconf 67' lang='lat' dir='ltr'>Fstriaa</span> <span class='ocrx_word' id='word_1_75' title='bbox 472 1581 582 1640; x_wconf 78' lang='lat' dir='ltr'>venat.</span> <span class='ocrx_word' id='word_1_76' title='bbox 604 1579 714 1671; x_wconf 78' lang='lat' dir='ltr'>Estia3</span> <span class='ocrx_word' id='word_1_77' title='bbox 749 1582 802 1641; x_wconf 90' lang='lat' dir='ltr'>alii</span> <span class='ocrx_word' id='word_1_78' title='bbox 821 1593 917 1649; x_wconf 86' lang='lat' dir='ltr'>recte,</span> <span class='ocrx_word' id='word_1_79' title='bbox 941 1597 976 1642; x_wconf 89' lang='lat' dir='ltr'>ut</span> <span class='ocrx_word' id='word_1_80' title='bbox 991 1580 1061 1642; x_wconf 87' lang='lat' dir='ltr'>edd.</span> <span class='ocrx_word' id='word_1_81' title='bbox 1079 1581 1245 1660; x_wconf 83' lang='lat' dir='ltr'>antiquae;</span> <span class='ocrx_word' id='word_1_82' title='bbox 1279 1593 1346 1638; x_wconf 91' lang='lat' dir='ltr'>tan-</span> 
     </span>
     <span class='ocr_line' id='line_1_12' title="bbox 310 1677 1346 1772; baseline 0 -31"><span class='ocrx_word' id='word_1_83' title='bbox 310 1695 383 1742; x_wconf 88' lang='lat' dir='ltr'>tum</span> <span class='ocrx_word' id='word_1_84' title='bbox 404 1701 457 1742; x_wconf 86' lang='grc'>11.</span> <span class='ocrx_word' id='word_1_85' title='bbox 479 1679 600 1772; x_wconf 75' lang='lat' dir='ltr'>Esiria.</span> <span class='ocrx_word' id='word_1_86' title='bbox 632 1681 781 1742; x_wconf 85' lang='lat' dir='ltr'>Proxime</span> <span class='ocrx_word' id='word_1_87' title='bbox 800 1681 969 1741; x_wconf 82' lang='lat' dir='ltr'>[obiiciunt</span> <span class='ocrx_word' id='word_1_88' title='bbox 987 1683 1136 1750; x_wconf 82' lang='lat' dir='ltr'>Vaticani,</span> <span class='ocrx_word' id='word_1_89' title='bbox 1157 1677 1253 1742; x_wconf 82' lang='lat' dir='ltr'>Parii.</span> <span class='ocrx_word' id='word_1_90' title='bbox 1267 1695 1300 1740; x_wconf 77' lang='lat' dir='ltr'>a.</span> <span class='ocrx_word' id='word_1_91' title='bbox 1312 1692 1346 1756; x_wconf 90' lang='grc'><strong>5.</strong></span> 
     </span>
     <span class='ocr_line' id='line_1_13' title="bbox 312 1779 1343 1872; baseline 0.001 -30"><span class='ocrx_word' id='word_1_92' title='bbox 312 1781 497 1844; x_wconf 79' lang='lat' dir='ltr'>vindobon.</span> <span class='ocrx_word' id='word_1_93' title='bbox 520 1781 609 1864; x_wconf 82' lang='lat' dir='ltr'>Prag.</span> <span class='ocrx_word' id='word_1_94' title='bbox 637 1781 719 1862; x_wconf 88' lang='lat' dir='ltr'>Lips.</span> <span class='ocrx_word' id='word_1_95' title='bbox 745 1783 831 1844; x_wconf 89' lang='lat' dir='ltr'>Gud.</span> <span class='ocrx_word' id='word_1_96' title='bbox 854 1783 1028 1864; x_wconf 83' lang='lat' dir='ltr'>Rebdiget.</span> <span class='ocrx_word' id='word_1_97' title='bbox 1051 1779 1159 1872; x_wconf 81' lang='lat' dir='ltr'>Afiue;</span> <span class='ocrx_word' id='word_1_98' title='bbox 1189 1781 1292 1841; x_wconf 77' lang='lat' dir='ltr'>Vatia.</span> <span class='ocrx_word' id='word_1_99' title='bbox 1311 1794 1343 1857; x_wconf 83' lang='lat'>5.</span> 
     </span>
     <span class='ocr_line' id='line_1_14' title="bbox 311 1867 1393 1972; baseline -0.004 -28"><span class='ocrx_word' id='word_1_100' title='bbox 311 1881 406 1944; x_wconf 82' lang='lat' dir='ltr'>Paris.</span> <span class='ocrx_word' id='word_1_101' title='bbox 430 1897 461 1944; x_wconf 72' lang='grc' dir='ltr'><strong>Ω.</strong></span> <span class='ocrx_word' id='word_1_102' title='bbox 489 1893 584 1964; x_wconf 81' lang='lat' dir='ltr'>atque</span> <span class='ocrx_word' id='word_1_103' title='bbox 608 1879 718 1972; x_wconf 80' lang='lat' dir='ltr'>Afiue;</span> <span class='ocrx_word' id='word_1_104' title='bbox 757 1881 850 1945; x_wconf 84' lang='lat' dir='ltr'>Parii.</span> <span class='ocrx_word' id='word_1_105' title='bbox 878 1904 907 1946; x_wconf 90' lang='lat'>1.</span> <span class='ocrx_word' id='word_1_106' title='bbox 940 1883 1047 1946; x_wconf 88' lang='lat' dir='ltr'>Cibin.</span> <span class='ocrx_word' id='word_1_107' title='bbox 1074 1880 1195 1972; x_wconf 78' lang='lat' dir='ltr'>Asinae.</span> <span class='ocrx_word' id='word_1_108' title='bbox 1256 1881 1341 1942; x_wconf 84' lang='lat' dir='ltr'>Edd.</span> <span class='ocrx_word' id='word_1_109' title='bbox 1392 1867 1393 1904; x_wconf 61' lang='lat'>³</span> 
     </span>
     <span class='ocr_line' id='line_1_15' title="bbox 311 1975 1341 2072; baseline 0 -28"><span class='ocrx_word' id='word_1_110' title='bbox 311 2003 423 2044; x_wconf 88' lang='lat' dir='ltr'>omnee</span> <span class='ocrx_word' id='word_1_111' title='bbox 444 1981 481 2042; x_wconf 87' lang='lat' dir='ltr'>ad</span> <span class='ocrx_word' id='word_1_112' title='bbox 506 1979 646 2046; x_wconf 82' lang='lat' dir='ltr'>Vossiurn</span> <span class='ocrx_word' id='word_1_113' title='bbox 668 1980 779 2072; x_wconf 84' lang='lat' dir='ltr'>Astne;</span> <span class='ocrx_word' id='word_1_114' title='bbox 819 1985 894 2048; x_wconf 89' lang='lat' dir='ltr'>inde</span> <span class='ocrx_word' id='word_1_115' title='bbox 917 2005 934 2045; x_wconf 90' lang='lat' dir='ltr'>a</span> <span class='ocrx_word' id='word_1_116' title='bbox 955 1980 1060 2045; x_wconf 85' lang='lat' dir='ltr'>Voffio</span> <span class='ocrx_word' id='word_1_117' title='bbox 1083 1997 1203 2044; x_wconf 87' lang='lat' dir='ltr'>ceterae</span> <span class='ocrx_word' id='word_1_118' title='bbox 1227 1975 1341 2071; x_wconf 82' lang='lat' dir='ltr'>Sason.</span> 
     </span>
     <span class='ocr_line' id='line_1_16' title="bbox 310 2079 1341 2175; baseline -0.003 -31"><span class='ocrx_word' id='word_1_119' title='bbox 310 2101 515 2144; x_wconf 75' lang='lat' dir='ltr'>azscrrvcrta.</span> <span class='ocrx_word' id='word_1_120' title='bbox 570 2085 755 2167; x_wconf 86' lang='lat' dir='ltr'>Legendum</span> <span class='ocrx_word' id='word_1_121' title='bbox 777 2081 900 2146; x_wconf 84' lang='lat' dir='ltr'>iortaffe</span> <span class='ocrx_word' id='word_1_122' title='bbox 921 2103 987 2146; x_wconf 92' lang='lat' dir='ltr'>non</span> <span class='ocrx_word' id='word_1_123' title='bbox 1003 2083 1134 2175; x_wconf 71' lang='lat' dir='ltr'>Aeficio,</span> <span class='ocrx_word' id='word_1_124' title='bbox 1158 2079 1261 2171; x_wconf 73' lang='lat' dir='ltr'>Asine,</span> <span class='ocrx_word' id='word_1_125' title='bbox 1290 2080 1341 2142; x_wconf 87' lang='lat' dir='ltr'>[ed</span> 
     </span>
     <span class='ocr_line' id='line_1_17' title="bbox 311 2179 1341 2270; baseline -0.004 -24"><span class='ocrx_word' id='word_1_126' title='bbox 311 2183 489 2254; x_wconf 82' lang='lat' dir='ltr'><strong><em>Scardona,</em></strong></span> <span class='ocrx_word' id='word_1_127' title='bbox 522 2197 647 2246; x_wconf 85' lang='lat' dir='ltr'>auctore</span> <span class='ocrx_word' id='word_1_128' title='bbox 669 2183 873 2256; x_wconf 74' lang='lat' dir='ltr'>Ptolemaeo,</span> <span class='ocrx_word' id='word_1_129' title='bbox 906 2179 961 2270; x_wconf 80' lang='lat'>[2.</span> <span class='ocrx_word' id='word_1_130' title='bbox 989 2189 1068 2266; x_wconf 91' lang='lat'><strong>17.]</strong></span> <span class='ocrx_word' id='word_1_131' title='bbox 1102 2199 1139 2244; x_wconf 86' lang='lat' dir='ltr'>ut</span> <span class='ocrx_word' id='word_1_132' title='bbox 1161 2184 1280 2244; x_wconf 85' lang='lat' dir='ltr'>librarii</span> <span class='ocrx_word' id='word_1_133' title='bbox 1302 2202 1341 2244; x_wconf 85' lang='lat' dir='ltr'>ex</span> 
     </span>
     <span class='ocr_line' id='line_1_18' title="bbox 309 2282 1340 2370; baseline 0.001 -26"><span class='ocrx_word' id='word_1_134' title='bbox 309 2303 372 2356; x_wconf 81' lang='lat' dir='ltr'>une</span> <span class='ocrx_word' id='word_1_135' title='bbox 396 2285 552 2354; x_wconf 84' lang='lat' dir='ltr'>dictione.</span> <span class='ocrx_word' id='word_1_136' title='bbox 579 2305 658 2366; x_wconf 90' lang='lat' dir='ltr'>quae</span> <span class='ocrx_word' id='word_1_137' title='bbox 680 2287 807 2348; x_wconf 86' lang='lat' dir='ltr'>illorum</span> <span class='ocrx_word' id='word_1_138' title='bbox 827 2287 869 2348; x_wconf 84' lang='lat' dir='ltr'>eil</span> <span class='ocrx_word' id='word_1_139' title='bbox 891 2287 1069 2370; x_wconf 77' lang='lat' dir='ltr'>diligentia,</span> <span class='ocrx_word' id='word_1_140' title='bbox 1099 2286 1174 2346; x_wconf 85' lang='lat' dir='ltr'>duaa</span> <span class='ocrx_word' id='word_1_141' title='bbox 1196 2282 1340 2345; x_wconf 85' lang='lat' dir='ltr'>fecerint.</span> 
     </span>
     <span class='ocr_line' id='line_1_19' title="bbox 311 2383 1339 2478; baseline -0.002 -32"><span class='ocrx_word' id='word_1_142' title='bbox 311 2403 509 2448; x_wconf 79' lang='lat' dir='ltr'>rrnrranva.</span> <span class='ocrx_word' id='word_1_143' title='bbox 562 2383 655 2478; x_wconf 81' lang='lat' dir='ltr'>Afine</span> <span class='ocrx_word' id='word_1_144' title='bbox 673 2387 746 2447; x_wconf 88' lang='lat' dir='ltr'>alibi</span> <span class='ocrx_word' id='word_1_145' title='bbox 767 2407 833 2448; x_wconf 89' lang='lat' dir='ltr'>non</span> <span class='ocrx_word' id='word_1_146' title='bbox 853 2388 957 2450; x_wconf 85' lang='lat' dir='ltr'>exstat.</span> <span class='ocrx_word' id='word_1_147' title='bbox 1010 2387 1204 2468; x_wconf 82' lang='lat' dir='ltr'>Corruptnnt</span> <span class='ocrx_word' id='word_1_148' title='bbox 1228 2385 1339 2446; x_wconf 80' lang='lat' dir='ltr'>censeo</span> 
     </span>
     <span class='ocr_line' id='line_1_20' title="bbox 310 2480 1339 2578; baseline 0 -32"><span class='ocrx_word' id='word_1_149' title='bbox 310 2487 371 2548; x_wconf 86' lang='lat' dir='ltr'>hoc</span> <span class='ocrx_word' id='word_1_150' title='bbox 387 2487 592 2558; x_wconf 83' lang='lat' dir='ltr'>vocabulum,</span> <span class='ocrx_word' id='word_1_151' title='bbox 626 2501 658 2550; x_wconf 85' lang='lat' dir='ltr'>et</span> <span class='ocrx_word' id='word_1_152' title='bbox 677 2489 848 2572; x_wconf 82' lang='lat' dir='ltr'>legendnm</span> <span class='ocrx_word' id='word_1_153' title='bbox 868 2480 983 2578; x_wconf 85' lang='lat' dir='ltr'>Sason,</span> <span class='ocrx_word' id='word_1_154' title='bbox 1013 2508 1092 2568; x_wconf 85' lang='lat' dir='ltr'>quae</span> <span class='ocrx_word' id='word_1_155' title='bbox 1116 2483 1273 2547; x_wconf 81' lang='lat' dir='ltr'>uotisslma</span> <span class='ocrx_word' id='word_1_156' title='bbox 1298 2485 1339 2546; x_wconf 82' lang='lat' dir='ltr'>est</span> 
     </span>
     <span class='ocr_line' id='line_1_21' title="bbox 309 2587 1339 2670; baseline -0.002 -22"><span class='ocrx_word' id='word_1_157' title='bbox 309 2589 343 2648; x_wconf 89' lang='lat' dir='ltr'>in</span> <span class='ocrx_word' id='word_1_158' title='bbox 366 2589 427 2648; x_wconf 90' lang='lat' dir='ltr'>hoc</span> <span class='ocrx_word' id='word_1_159' title='bbox 447 2601 546 2650; x_wconf 83' lang='lat' dir='ltr'>tractu</span> <span class='ocrx_word' id='word_1_160' title='bbox 566 2587 680 2656; x_wconf 85' lang='lat' dir='ltr'>insula,</span> <span class='ocrx_word' id='word_1_161' title='bbox 711 2610 802 2670; x_wconf 85' lang='lat' dir='ltr'>quarn</span> <span class='ocrx_word' id='word_1_162' title='bbox 825 2591 990 2670; x_wconf 88' lang='lat' dir='ltr'>praeterire</span> <span class='ocrx_word' id='word_1_163' title='bbox 1011 2609 1078 2651; x_wconf 89' lang='lat' dir='ltr'>uon</span> <span class='ocrx_word' id='word_1_164' title='bbox 1106 2588 1226 2648; x_wconf 86' lang='lat' dir='ltr'>debuit.</span> <span class='ocrx_word' id='word_1_165' title='bbox 1268 2607 1339 2648; x_wconf 83' lang='lat' dir='ltr'>vna·</span> 
     </span>
     <span class='ocr_line' id='line_1_22' title="bbox 310 2685 1336 2770; baseline -0.002 -20"><span class='ocrx_word' id='word_1_166' title='bbox 310 2709 388 2752; x_wconf 78' lang='lat' dir='ltr'>aava.</span> <span class='ocrx_word' id='word_1_167' title='bbox 441 2688 604 2750; x_wconf 74' lang='lat' dir='ltr'>Scardona</span> <span class='ocrx_word' id='word_1_168' title='bbox 637 2691 777 2750; x_wconf 87' lang='lat' dir='ltr'>Pintiani</span> <span class='ocrx_word' id='word_1_169' title='bbox 803 2689 900 2750; x_wconf 81' lang='lat' dir='ltr'>insula</span> <span class='ocrx_word' id='word_1_170' title='bbox 932 2691 1082 2770; x_wconf 86' lang='lat' dir='ltr'>quidem.</span> <span class='ocrx_word' id='word_1_171' title='bbox 1101 2689 1269 2748; x_wconf 80' lang='lat' dir='ltr'>Liburniae</span> <span class='ocrx_word' id='word_1_172' title='bbox 1295 2685 1336 2748; x_wconf 83' lang='lat' dir='ltr'>eil</span> 
     </span>
     <span class='ocr_line' id='line_1_23' title="bbox 309 2789 1333 2868; baseline -0.002 -17"><span class='ocrx_word' id='word_1_173' title='bbox 309 2789 494 2852; x_wconf 84' lang='lat' dir='ltr'>Ptolemaeo</span> <span class='ocrx_word' id='word_1_174' title='bbox 515 2809 542 2852; x_wconf 91' lang='lat' dir='ltr'>c.</span> <span class='ocrx_word' id='word_1_175' title='bbox 563 2791 584 2852; x_wconf 93' lang='grc'>1.</span> <span class='ocrx_word' id='word_1_176' title='bbox 613 2791 681 2852; x_wconf 84' lang='lat' dir='ltr'>aliis</span> <span class='ocrx_word' id='word_1_177' title='bbox 697 2805 812 2860; x_wconf 83' lang='lat' dir='ltr'>tamen,</span> <span class='ocrx_word' id='word_1_178' title='bbox 836 2791 936 2850; x_wconf 83' lang='lat' dir='ltr'>veluti</span> <span class='ocrx_word' id='word_1_179' title='bbox 953 2791 1099 2852; x_wconf 87' lang='lat' dir='ltr'>Straboni</span> <span class='ocrx_word' id='word_1_180' title='bbox 1120 2791 1173 2851; x_wconf 91' lang='lat' dir='ltr'>lib.</span> <span class='ocrx_word' id='word_1_181' title='bbox 1193 2805 1224 2866; x_wconf 86' lang='lat'>7.</span> <span class='ocrx_word' id='word_1_182' title='bbox 1243 2809 1275 2868; x_wconf 87' lang='lat' dir='ltr'>p.</span> <span class='ocrx_word' id='word_1_183' title='bbox 1292 2810 1333 2849; x_wconf 89' lang='lat' dir='ltr'>m.</span> 
     </span>
     <span class='ocr_line' id='line_1_24' title="bbox 312 2887 1332 2978; baseline -0.007 -23"><span class='ocrx_word' id='word_1_184' title='bbox 312 2903 394 2967; x_wconf 82' lang='lat'>218.</span> <span class='ocrx_word' id='word_1_185' title='bbox 411 2889 429 2952; x_wconf 86' lang='grc'>1.</span> <span class='ocrx_word' id='word_1_186' title='bbox 448 2903 529 2971; x_wconf 88' lang='grc'><strong>515.</strong></span> <span class='ocrx_word' id='word_1_187' title='bbox 558 2891 612 2952; x_wconf 90' lang='lat' dir='ltr'>ubi</span> <span class='ocrx_word' id='word_1_188' title='bbox 636 2889 793 2978; x_wconf 68' lang='lat' dir='ltr'>Euandria</span> <span class='ocrx_word' id='word_1_189' title='bbox 816 2904 961 2962; x_wconf 84' lang='lat' dir='ltr'>vocatur,</span> <span class='ocrx_word' id='word_1_190' title='bbox 988 2892 1093 2953; x_wconf 90' lang='lat' dir='ltr'>Plinio</span> <span class='ocrx_word' id='word_1_191' title='bbox 1113 2906 1144 2966; x_wconf 82' lang='lat'>3,</span> <span class='ocrx_word' id='word_1_192' title='bbox 1166 2891 1223 2952; x_wconf 87' lang='lat'>26.</span> <span class='ocrx_word' id='word_1_193' title='bbox 1242 2887 1263 2950; x_wconf 89' lang='lat' dir='ltr'>i.</span> <span class='ocrx_word' id='word_1_194' title='bbox 1281 2906 1332 2952; x_wconf 84' lang='lat'>22.</span> 
     </span>
     <span class='ocr_line' id='line_1_25' title="bbox 308 2992 1335 3073; baseline 0 -23"><span class='ocrx_word' id='word_1_195' title='bbox 308 3005 347 3050; x_wconf 87' lang='lat' dir='ltr'>ut</span> <span class='ocrx_word' id='word_1_196' title='bbox 365 3005 455 3052; x_wconf 85' lang='lat' dir='ltr'>antea</span> <span class='ocrx_word' id='word_1_197' title='bbox 476 2993 531 3073; x_wconf 75' lang='lat' dir='ltr'>ipsi</span> <span class='ocrx_word' id='word_1_198' title='bbox 549 2993 748 3061; x_wconf 87' lang='lat' dir='ltr'>Ptolemaeo,</span> <span class='ocrx_word' id='word_1_199' title='bbox 774 2993 848 3054; x_wconf 85' lang='lat' dir='ltr'>urba</span> <span class='ocrx_word' id='word_1_200' title='bbox 871 2995 904 3052; x_wconf 92' lang='lat' dir='ltr'>in</span> <span class='ocrx_word' id='word_1_201' title='bbox 926 3011 978 3053; x_wconf 85' lang='lat' dir='ltr'>ora</span> <span class='ocrx_word' id='word_1_202' title='bbox 1001 2993 1168 3052; x_wconf 85' lang='lat' dir='ltr'>maritima.</span> <span class='ocrx_word' id='word_1_203' title='bbox 1221 2992 1271 3050; x_wconf 88' lang='lat' dir='ltr'>De</span> <span class='ocrx_word' id='word_1_204' title='bbox 1291 2993 1335 3050; x_wconf 90' lang='lat' dir='ltr'>in·</span> 
     </span>
     <span class='ocr_line' id='line_1_26' title="bbox 309 3089 1333 3174; baseline 0 -24"><span class='ocrx_word' id='word_1_205' title='bbox 309 3089 371 3152; x_wconf 78' lang='lat' dir='ltr'>inin</span> <span class='ocrx_word' id='word_1_206' title='bbox 393 3095 490 3174; x_wconf 84' lang='lat' dir='ltr'>igitur</span> <span class='ocrx_word' id='word_1_207' title='bbox 513 3093 595 3154; x_wconf 84' lang='lat' dir='ltr'>testis</span> <span class='ocrx_word' id='word_1_208' title='bbox 618 3092 698 3154; x_wconf 79' lang='lat' dir='ltr'>inlus</span> <span class='ocrx_word' id='word_1_209' title='bbox 719 3093 812 3155; x_wconf 84' lang='lat' dir='ltr'>exstat</span> <span class='ocrx_word' id='word_1_210' title='bbox 835 3094 1045 3154; x_wconf 82' lang='lat' dir='ltr'>Ptolemaeus.</span> <span class='ocrx_word' id='word_1_211' title='bbox 1097 3093 1207 3154; x_wconf 88' lang='lat' dir='ltr'>Simile</span> <span class='ocrx_word' id='word_1_212' title='bbox 1230 3105 1333 3152; x_wconf 86' lang='lat' dir='ltr'>tamen</span> 
     </span>
     <span class='ocr_line' id='line_1_27' title="bbox 309 3191 1331 3277; baseline -0.001 -25"><span class='ocrx_word' id='word_1_213' title='bbox 309 3193 490 3272; x_wconf 82' lang='lat' dir='ltr'>exemplum</span> <span class='ocrx_word' id='word_1_214' title='bbox 514 3191 723 3254; x_wconf 79' lang='lat' dir='ltr'>subministrat</span> <span class='ocrx_word' id='word_1_215' title='bbox 745 3195 846 3256; x_wconf 79' lang='lat' dir='ltr'>noster</span> <span class='ocrx_word' id='word_1_216' title='bbox 868 3197 902 3254; x_wconf 89' lang='lat' dir='ltr'>ia</span> <span class='ocrx_word' id='word_1_217' title='bbox 918 3195 1084 3277; x_wconf 85' lang='lat' dir='ltr'>Tragurio,</span> <span class='ocrx_word' id='word_1_218' title='bbox 1111 3193 1198 3272; x_wconf 90' lang='lat' dir='ltr'>quod</span> <span class='ocrx_word' id='word_1_219' title='bbox 1221 3191 1331 3251; x_wconf 85' lang='lat' dir='ltr'>urbem</span> 
     </span>
     <span class='ocr_line' id='line_1_28' title="bbox 308 3292 1333 3374; baseline -0.001 -24"><span class='ocrx_word' id='word_1_220' title='bbox 308 3293 455 3373; x_wconf 83' lang='lat' dir='ltr'>producit</span> <span class='ocrx_word' id='word_1_221' title='bbox 479 3311 508 3361; x_wconf 82' lang='lat' dir='ltr'>a,</span> <span class='ocrx_word' id='word_1_222' title='bbox 533 3307 564 3370; x_wconf 83' lang='grc'>5,</span> <span class='ocrx_word' id='word_1_223' title='bbox 589 3309 643 3374; x_wconf 88' lang='grc'>15.</span> <span class='ocrx_word' id='word_1_224' title='bbox 674 3295 724 3356; x_wconf 91' lang='lat' dir='ltr'>hic</span> <span class='ocrx_word' id='word_1_225' title='bbox 746 3294 888 3357; x_wconf 76' lang='lat' dir='ltr'>insulam.</span> <span class='ocrx_word' id='word_1_226' title='bbox 925 3295 986 3356; x_wconf 88' lang='lat' dir='ltr'>Sed</span> <span class='ocrx_word' id='word_1_227' title='bbox 1008 3297 1087 3354; x_wconf 83' lang='lat' dir='ltr'>mira</span> <span class='ocrx_word' id='word_1_228' title='bbox 1109 3307 1174 3353; x_wconf 88' lang='lat' dir='ltr'>arte</span> <span class='ocrx_word' id='word_1_229' title='bbox 1195 3292 1333 3353; x_wconf 87' lang='lat' dir='ltr'>Pintiani</span> 
     </span>
     <span class='ocr_line' id='line_1_29' title="bbox 307 3391 1332 3476; baseline 0.001 -24"><span class='ocrx_word' id='word_1_230' title='bbox 307 3393 472 3476; x_wconf 85' lang='lat' dir='ltr'>ingenium</span> <span class='ocrx_word' id='word_1_231' title='bbox 507 3394 569 3456; x_wconf 90' lang='lat' dir='ltr'>hoc</span> <span class='ocrx_word' id='word_1_232' title='bbox 602 3415 720 3458; x_wconf 85' lang='lat' dir='ltr'>nomen</span> <span class='ocrx_word' id='word_1_233' title='bbox 752 3417 791 3458; x_wconf 85' lang='lat' dir='ltr'>ex</span> <span class='ocrx_word' id='word_1_234' title='bbox 825 3394 985 3458; x_wconf 77' lang='lat' dir='ltr'>codicibus</span> <span class='ocrx_word' id='word_1_235' title='bbox 1016 3391 1154 3455; x_wconf 83' lang='lat' dir='ltr'>excuffit.</span> <span class='ocrx_word' id='word_1_236' title='bbox 1213 3393 1332 3453; x_wconf 84' lang='lat' dir='ltr'>l&#39;liniue</span> 
     </span>
     <span class='ocr_line' id='line_1_30' title="bbox 311 3491 1333 3578; baseline 0.001 -25"><span class='ocrx_word' id='word_1_237' title='bbox 311 3505 342 3570; x_wconf 86' lang='grc'>5,</span> <span class='ocrx_word' id='word_1_238' title='bbox 361 3507 417 3570; x_wconf 74' lang='lat'>25.</span> <span class='ocrx_word' id='word_1_239' title='bbox 436 3491 455 3554; x_wconf 85' lang='lat' dir='ltr'>s.</span> <span class='ocrx_word' id='word_1_240' title='bbox 475 3509 532 3557; x_wconf 78' lang='lat'>21.</span> <span class='ocrx_word' id='word_1_241' title='bbox 557 3495 619 3556; x_wconf 85' lang='lat' dir='ltr'>hoc</span> <span class='ocrx_word' id='word_1_242' title='bbox 641 3497 697 3556; x_wconf 87' lang='lat' dir='ltr'>fitu</span> <span class='ocrx_word' id='word_1_243' title='bbox 713 3500 807 3578; x_wconf 83' lang='lat' dir='ltr'>ponit</span> <span class='ocrx_word' id='word_1_244' title='bbox 828 3495 990 3558; x_wconf 83' lang='lat' dir='ltr'>Calantum</span> <span class='ocrx_word' id='word_1_245' title='bbox 1012 3493 1162 3564; x_wconf 82' lang='lat' dir='ltr'>insulam,</span> <span class='ocrx_word' id='word_1_246' title='bbox 1191 3511 1254 3572; x_wconf 91' lang='lat' dir='ltr'>quo</span> <span class='ocrx_word' id='word_1_247' title='bbox 1276 3511 1333 3554; x_wconf 90' lang='lat' dir='ltr'>no·</span> 
     </span>
     <span class='ocr_line' id='line_1_31' title="bbox 307 3593 1331 3672; baseline -0.001 -19"><span class='ocrx_word' id='word_1_248' title='bbox 307 3595 395 3654; x_wconf 84' lang='lat' dir='ltr'>ruina</span> <span class='ocrx_word' id='word_1_249' title='bbox 425 3593 535 3656; x_wconf 89' lang='lat' dir='ltr'>urbem</span> <span class='ocrx_word' id='word_1_250' title='bbox 565 3598 680 3658; x_wconf 82' lang='lat' dir='ltr'>indicat</span> <span class='ocrx_word' id='word_1_251' title='bbox 701 3600 874 3659; x_wconf 85' lang='lat' dir='ltr'>Scardonae</span> <span class='ocrx_word' id='word_1_252' title='bbox 899 3597 1111 3658; x_wconf 81' lang='lat' dir='ltr'>Ptolemaeus.</span> <span class='ocrx_word' id='word_1_253' title='bbox 1164 3594 1233 3654; x_wconf 90' lang='lat' dir='ltr'>Vid.</span> <span class='ocrx_word' id='word_1_254' title='bbox 1253 3613 1331 3672; x_wconf 87' lang='lat' dir='ltr'>qnae</span> 
     </span>
     <span class='ocr_line' id='line_1_32' title="bbox 307 3693 1332 3781; baseline -0.002 -28"><span class='ocrx_word' id='word_1_255' title='bbox 307 3693 452 3758; x_wconf 74' lang='lat' dir='ltr'>disseruit</span> <span class='ocrx_word' id='word_1_256' title='bbox 480 3697 630 3760; x_wconf 75' lang='lat' dir='ltr'>(lallariua</span> <span class='ocrx_word' id='word_1_257' title='bbox 658 3699 691 3760; x_wconf 91' lang='lat' dir='ltr'>in</span> <span class='ocrx_word' id='word_1_258' title='bbox 722 3699 838 3781; x_wconf 87' lang='lat' dir='ltr'>Geogr.</span> <span class='ocrx_word' id='word_1_259' title='bbox 868 3709 931 3758; x_wconf 84' lang='lat' dir='ltr'>ant.</span> <span class='ocrx_word' id='word_1_260' title='bbox 961 3715 991 3765; x_wconf 80' lang='lat'>2,</span> <span class='ocrx_word' id='word_1_261' title='bbox 1015 3709 1048 3773; x_wconf 79' lang='lat'>8,</span> <span class='ocrx_word' id='word_1_262' title='bbox 1076 3708 1154 3774; x_wconf 83' lang='grc'><strong>155.</strong></span> <span class='ocrx_word' id='word_1_263' title='bbox 1193 3693 1332 3754; x_wconf 84' lang='lat' dir='ltr'>Atiiad</span> 
     </span>
     <span class='ocr_line' id='line_1_33' title="bbox 306 3793 1332 3881; baseline -0.002 -26"><span class='ocrx_word' id='word_1_264' title='bbox 306 3796 430 3858; x_wconf 71' lang='lat' dir='ltr'>codices</span> <span class='ocrx_word' id='word_1_265' title='bbox 462 3798 659 3866; x_wconf 79' lang='lat' dir='ltr'>admoverit,</span> <span class='ocrx_word' id='word_1_266' title='bbox 697 3821 808 3881; x_wconf 84' lang='lat' dir='ltr'>parum</span> <span class='ocrx_word' id='word_1_267' title='bbox 834 3813 866 3860; x_wconf 89' lang='lat' dir='ltr'>et</span> <span class='ocrx_word' id='word_1_268' title='bbox 898 3799 949 3858; x_wconf 89' lang='lat' dir='ltr'>hic</span> <span class='ocrx_word' id='word_1_269' title='bbox 974 3799 1126 3878; x_wconf 72' lang='lat' dir='ltr'>proficias.</span> <span class='ocrx_word' id='word_1_270' title='bbox 1178 3793 1332 3854; x_wconf 87' lang='lat' dir='ltr'>Maiorem</span> 
     </span>
     <span class='ocr_line' id='line_1_34' title="bbox 307 3891 1331 3990; baseline 0.002 -36"><span class='ocrx_word' id='word_1_271' title='bbox 307 3898 375 3955; x_wconf 91' lang='lat' dir='ltr'>veri</span> <span class='ocrx_word' id='word_1_272' title='bbox 390 3896 524 3978; x_wconf 83' lang='lat' dir='ltr'>speciem</span> <span class='ocrx_word' id='word_1_273' title='bbox 540 3899 634 3959; x_wconf 84' lang='lat' dir='ltr'>babet</span> <span class='ocrx_word' id='word_1_274' title='bbox 649 3896 744 3962; x_wconf 85' lang='lat' dir='ltr'>Voffii</span> <span class='ocrx_word' id='word_1_275' title='bbox 762 3891 871 3990; x_wconf 85' lang='lat' dir='ltr'>Sason,</span> <span class='ocrx_word' id='word_1_276' title='bbox 895 3899 1058 3982; x_wconf 83' lang='lat' dir='ltr'>ficogitea,</span> <span class='ocrx_word' id='word_1_277' title='bbox 1076 3897 1169 3958; x_wconf 88' lang='lat' dir='ltr'>initio</span> <span class='ocrx_word' id='word_1_278' title='bbox 1185 3893 1331 3956; x_wconf 82' lang='lat' dir='ltr'>eiilnxilie</span> 
     </span>
     <span class='ocr_line' id='line_1_35' title="bbox 306 3985 1329 4089; baseline -0.004 -31"><span class='ocrx_word' id='word_1_279' title='bbox 306 3989 345 4060; x_wconf 80' lang='lat' dir='ltr'>ab</span> <span class='ocrx_word' id='word_1_280' title='bbox 364 3998 403 4066; x_wconf 86' lang='lat' dir='ltr'>S,</span> <span class='ocrx_word' id='word_1_281' title='bbox 433 3999 514 4080; x_wconf 83' lang='lat' dir='ltr'>quali</span> <span class='ocrx_word' id='word_1_282' title='bbox 539 3997 699 4089; x_wconf 84' lang='lat' dir='ltr'>Safiueex</span> <span class='ocrx_word' id='word_1_283' title='bbox 721 4002 876 4062; x_wconf 86' lang='lat' dir='ltr'>hodierno</span> <span class='ocrx_word' id='word_1_284' title='bbox 894 4001 1027 4060; x_wconf 88' lang='lat' dir='ltr'>nomine</span> <span class='ocrx_word' id='word_1_285' title='bbox 1050 3987 1180 4088; x_wconf 79' lang='lat' dir='ltr'>Saseua.</span> <span class='ocrx_word' id='word_1_286' title='bbox 1233 3985 1329 4084; x_wconf 79' lang='lat' dir='ltr'>Sason</span> 
     </span>
     <span class='ocr_line' id='line_1_36' title="bbox 305 4093 1330 4205; baseline 0 -45"><span class='ocrx_word' id='word_1_287' title='bbox 305 4099 400 4160; x_wconf 84' lang='lat' dir='ltr'>etiarn</span> <span class='ocrx_word' id='word_1_288' title='bbox 423 4100 457 4160; x_wconf 90' lang='lat' dir='ltr'>in</span> <span class='ocrx_word' id='word_1_289' title='bbox 482 4103 622 4205; x_wconf 52' lang='lat' dir='ltr'>magiae</span> <span class='ocrx_word' id='word_1_290' title='bbox 641 4115 731 4166; x_wconf 89' lang='lat' dir='ltr'>notat</span> <span class='ocrx_word' id='word_1_291' title='bbox 754 4103 872 4163; x_wconf 81' lang='lat' dir='ltr'>Lucius</span> <span class='ocrx_word' id='word_1_292' title='bbox 887 4121 913 4163; x_wconf 91' lang='lat' dir='ltr'>c.</span> <span class='ocrx_word' id='word_1_293' title='bbox 937 4101 959 4162; x_wconf 94' lang='grc'>1.</span> <span class='ocrx_word' id='word_1_294' title='bbox 984 4119 1023 4162; x_wconf 80' lang='lat' dir='ltr'>ea</span> <span class='ocrx_word' id='word_1_295' title='bbox 1048 4093 1174 4168; x_wconf 84' lang='lat' dir='ltr'>Voffio,</span> <span class='ocrx_word' id='word_1_296' title='bbox 1208 4097 1330 4180; x_wconf 86' lang='lat' dir='ltr'>opinor.</span> 
     </span>
    </p>
   </div>
   <div class='ocr_carea' id='block_1_5' title="bbox 0 0 1412 4946">
    <p class='ocr_par' dir='ltr' id='par_1_5' title="bbox 0 0 1412 4946">
     <span class='ocr_line' id='line_1_37' title="bbox 0 0 1412 4946; baseline 0 1"><span class='ocrx_word' id='word_1_297' title='bbox 0 0 1412 4946; x_wconf 95' lang='lat' dir='ltr'> </span> 
     </span>
    </p>
   </div>
  </div>
 </body>
</html>
