2836 4940
358 415 448 474 trra
478 417 530 471 m.
574 415 608 473 c.
629 417 692 476 vn.
735 411 814 485 eo.
1046 427 1107 498 ιιι

63 613 105 658 ex
120 590 208 656 Men
227 591 324 656 debet
343 591 403 654 ess'e
423 587 532 654 Tabia.
571 592 683 652 Imaus
698 611 794 674 porro
812 611 829 653 a
852 591 1010 674 plerisque
1028 607 1108 657 tam·

64 717 162 778 quam
184 715 280 758 utone
300 707 513 762 memoratur,
545 695 635 755 cuiue
657 693 752 754 etiam
768 694 841 756 fitne
862 697 900 755 ad
924 694 1108 777 septentrio·

64 817 145 860 nem
165 800 264 881 magis
278 813 310 859 et
324 801 361 858 ad
377 797 542 874 Scythiam
558 793 704 868 refertur,
731 797 781 856 uti
795 797 847 858 rel
864 815 903 860 ex
918 797 1105 862 Ptolemaeo

67 900 104 970 6,
128 909 179 978 14.
197 913 230 962 et
251 911 306 977 15.
329 897 459 962 constat.

149 1101 262 1164 Colis
270 1099 289 1183 )
322 1101 371 1162 ita
387 1101 457 1162 cod.
470 1099 674 1186 Augustinor.
691 1115 734 1172 et,
751 1100 837 1183 qnod
855 1101 993 1173 ridetur,
1010 1103 1109 1166 etiam

65 1202 272 1277 Pariiienier;
302 1205 417 1284 reliqui
439 1223 513 1264 cum
536 1205 731 1264 editionibus
753 1205 789 1264 ad
811 1205 981 1265 Schottnm
1004 1205 1110 1280 contu

65 1306 124 1366 hic
147 1303 287 1387 reposuit
312 1305 417 1375 Colis,
451 1304 575 1367 iecutne
596 1305 639 1366 est
660 1301 784 1366 Voffiua
806 1325 880 1365 cum
904 1305 984 1368 aliia.
1033 1307 1109 1370 1³0st

66 1407 155 1468 voff.
173 1427 201 1470 ι.
227 1407 403 1468 Medioian.
426 1406 513 1470 Gttd.
535 1407 631 1468 altere
652 1409 776 1485 partin
811 1405 891 1488 Vols.
911 1414 945 1488 4.
969 1429 991 1467 a
1011 1407 1109 1470 latere

63 1509 195 1590 partim
221 1507 303 1570 voff.
323 1525 355 1570 a.
377 1506 462 1570 Chii.
487 1509 524 1570 Δ.
539 1507 684 1570 Gronov.
707 1511 817 1570 Venet.
841 1509 938 1568 Vatic.
959 1521 989 1584 3.
1013 1509 1108 1595 Prag.

64 1609 198 1670 altantis
215 1609 360 1690 nugalia
393 1607 489 1674 Parii.
509 1625 540 1672 2.
564 1610 694 1670 alterius
712 1611 868 1690 anguium
900 1610 1012 1692 reliqui
1031 1611 1109 1672 alte·

66 1713 141 1772 rius
160 1713 264 1790 portis
284 1711 433 1792 angulus,
461 1711 506 1770 uti
523 1712 681 1773 editiones
698 1727 821 1794 praeter
841 1721 895 1788 15.
918 1725 972 1780 17.
990 1729 1047 1774 ao.
1072 1714 1106 1776 iu

65 1811 188 1894 quibus
204 1813 318 1896 iegitur
333 1813 464 1874 alternis
477 1815 582 1892 partis
597 1813 734 1894 angulis.
755 1831 954 1874 rzscnvcttrt.
981 1815 1108 1877 Scribo:

66 1913 174 1976 Cattis
198 1915 370 1974 communis
396 1915 558 1996 utrimque
586 1917 683 1975 moris
709 1915 855 1994 angulus.
907 1933 1107 1980 Pttt'rttrtve.

67 2012 195 2096 Collis)
249 2015 335 2098 Qnid
355 2013 375 2074 st
394 2015 483 2076 Colis
503 2015 597 2100 legas.
638 2017 739 2098 Supra
761 2017 848 2077 enirn
866 2017 944 2076 finer
965 2015 1111 2096 posuerat

63 2118 184 2179 Indiae
210 2115 371 2201 Gangem.
406 2117 507 2178 loiida
533 2117 597 2178 five
622 2115 753 2186 Colida,
785 2117 930 2186 eurtum,
965 2121 1111 2181 Taurum

65 2219 137 2281 five
156 2218 271 2280 Tabin.
325 2218 366 2279 dt
388 2237 476 2278 nunc
495 2219 539 2278 ait
555 2217 699 2302 Gangem
719 2233 753 2280 et
773 2221 891 2280 indum
909 2239 1017 2282 amnes
1040 2220 1109 2293 elie,

65 2319 189 2384 Colida
213 2338 290 2380 vero
312 2320 464 2402 anguium
493 2321 622 2381 alteriue
644 2321 756 2401 partio,
791 2321 982 2400 initiumque
1006 2322 1111 2384 luterio

67 2421 114 2484 ad
141 2423 311 2482 meridiem
337 2421 434 2492 verti,
469 2423 612 2481 Taurum
638 2441 716 2482 vero
744 2424 1014 2502 promontorium.
1067 2425 1112 2483 Et

67 2524 128 2584 hic
156 2523 286 2583 videtur
315 2543 484 2606 germanus
510 2523 684 2604 Pomponii
712 2519 826 2584 senine.
873 2521 982 2584 Caesar
1002 2524 1057 2584 lib.
1075 2537 1108 2600 5.

68 2625 165 2707 [cap.
188 2625 267 2704 13.]
290 2626 329 2683 tie
350 2624 530 2684 Britannia:
566 2614 679 2713 insula
698 2635 816 2682 notura
836 2623 999 2704 triquetro,
1024 2627 1114 2687 cuius

9 2723 10 2726 '
68 2747 171 2788 tntum
188 2725 273 2785 lotus
289 2724 331 2815 est
352 2739 464 2785 contra
484 2724 642 2798 Galliam·
675 2725 769 2786 huius
787 2724 894 2784 interit
913 2725 995 2784 alter
1014 2747 1113 2806 angu-

67 2828 133 2898 tus,
160 2827 217 2910 qui
236 2823 278 2918 est
297 2826 341 2886 ad
361 2827 522 2896 Ceruium,
545 2846 607 2909 qno
619 2815 695 2914 fere
710 2845 808 2886 naves
823 2847 862 2884 ex
881 2825 985 2886 Gallio
1006 2827 1113 2906 appel·

67 2931 185 2991 lurttur
200 2929 245 2988 ad
264 2929 411 2989 orientem
426 2921 538 3018 solem.
578 2927 673 2988 Forte
689 2929 783 2988 etiam
805 2925 995 3011 legendnm:
1026 2909 1114 2992 Colis

67 3033 156 3094 alter
179 3029 270 3090 ane
296 3031 402 3108 partis
424 3029 570 3110 angulus.
629 3027 716 3089 Alter
741 3031 829 3088 enim
858 3027 900 3088 esi
925 3045 1114 3109 promonto-

10 3207 11 3212 ἵ
67 3136 159 3196 rium
177 3130 383 3210 Scythicum,
410 3143 465 3190 aut
484 3131 614 3190 ultimus
627 3121 759 3218 frontis
778 3129 928 3208 ungulus,
951 3131 1003 3190 vei
1020 3133 1131 3203 lrru'ns¹

9 3215 11 3236 Α
67 3235 183 3317 partis
208 3233 354 3310 angulus.
391 3249 597 3292 ctncconrva.
666 3231 728 3290 Hic
755 3231 916 3312 vulgatam
942 3231 1116 3294 lectionem

69 3335 241 3399 lubentius
259 3331 383 3412 sequor,
410 3345 534 3392 tantum
556 3330 642 3392 Colis
661 3351 719 3412 pro
740 3331 826 3390 collis
847 3330 1116 3414 exsuperioribus

9 3441 11 3448 ’
69 3435 191 3500 [cribo.
230 3435 335 3496 Toriit
351 3449 459 3495 autem
476 3435 614 3503 multoe,
638 3433 723 3513 quod
745 3445 1005 3512 praetermorem
1024 3431 1118 3495 snum

70 3539 182 3609 Mela,
206 3539 263 3618 qui
285 3537 449 3617 praecipua
471 3535 613 3616 primum
636 3533 829 3617 generatim,
856 3535 924 3616 post
940 3535 997 3593 alia
1018 3534 1119 3618 lingu·
1229 3536 1233 3546 “

9 3631 10 3638 ¹
70 3643 168 3704 latim
193 3639 307 3700 eodem
332 3640 445 3699 ordine
470 3635 664 3716 exsequitur.
699 3635 752 3694 hic
774 3655 850 3696 nero
867 3636 905 3696 de
923 3635 1031 3719 Gange
1050 3655 1118 3696 non

72 3745 167 3806 unde
189 3753 334 3820 coeperat
355 3739 485 3820 incipit,
512 3735 562 3798 fed
586 3735 708 3798 definit.
740 3754 917 3796 renutans.
970 3735 1119 3816 Suspicor

72 3848 109 3907 in
129 3841 326 3903 membranis
341 3837 430 3900 iuiiie
446 3838 594 3920 scriptum
614 3835 706 3909 Ca'is,
732 3837 818 3896 unde
830 3837 1051 3918 typographus
1068 3857 1120 3898 ex·

76 3945 215 4026 scripsit,
243 3942 351 4014 onitin
388 3959 449 4024 ego
476 3941 663 4010 communis,
695 3937 727 3997 id
753 3937 812 4005 est,
844 3937 942 3997 'sabis
966 3937 1008 3996 est
1033 3957 1119 3998 cnm·

76 4047 190 4110 munia
207 4044 343 4128 angulus
357 4045 521 4122 utrimque
536 4043 641 4102 maria.
676 4057 836 4102 unumve
856 4039 888 4097 in
904 4029 1118 4120 praefatione.

76 4151 210 4214 Alterne
235 4165 253 4208 e
278 4141 543 4236 vestigiiopMSS.
576 4141 693 4225 quibua
727 4139 799 4200 nint
829 4135 907 4211 fuit,
946 4138 1121 4223 legendum

127 4264 229 4340 Pomp.
252 4259 347 4319 Mna
376 4261 416 4318 ι,
433 4261 487 4318 ιιι.
758 4242 788 4326 Q
