2814 4946
345 412 897 528 rmncmtu'
1036 467 1098 534 au

59 629 193 690 Maneat
215 647 293 714 ergo
315 627 486 700 Heracleo,
520 645 552 692 et
573 631 626 690 vel
651 631 849 714 Euonymos,
875 631 927 692 vel
950 625 1099 722 Ericuffu

61 731 277 802 existimetur,
305 733 382 792 tum
403 733 534 794 certiora
552 730 742 794 adferantur.
795 735 833 794 ln
850 732 991 814 Didyme
1009 735 1099 794 nulla

61 853 171 901 mora,
205 833 262 893 nili
284 836 355 914 quie
378 853 453 894 cum
476 833 599 896 lttsstis
619 832 859 914 praeferendum
882 847 975 918 putet
994 833 1100 916 Didy-

61 955 126 995 ma.
163 935 224 996 Sed
242 955 318 996 mox
335 935 447 998 eadem
465 937 690 996 terminatione
708 935 882 1016 Strongyle.
914 935 987 996 Poll
1001 937 1101 996 Phoe·

61 1027 189 1123 nicuffa
202 1055 242 1094 err
256 1037 344 1098 libris
359 1035 468 1118 poltri,
498 1049 570 1096 tum
591 1057 629 1098 ex
649 1037 808 1120 analogia,
836 1037 921 1117 quod
944 1057 982 1097 ex
998 1037 1100 1100 Φοινι·

63 1133 186 1199 κόεσσα
206 1151 315 1199 ortum
337 1137 395 1210 est,
422 1151 493 1198 tum
510 1139 695 1199 auctoritate
711 1139 864 1218 Stephani
881 1138 914 1200 h.
937 1158 969 1200 v.
1001 1158 1099 1218 quam

63 1237 103 1298 de
128 1239 273 1309 Pinedo,
303 1239 473 1302 Berkelius
494 1253 527 1300 et
548 1237 731 1300 Holsteniua
747 1219 881 1300 'reveriti
902 1241 997 1336 etjam
1018 1239 1099 1308 lunt,

62 1339 136 1400 licet
152 1354 186 1400 et
201 1339 246 1400 ibi
266 1341 395 1421 quidam
412 1340 542 1424 iimplex
559 1361 578 1403 σ
594 1341 721 1402 habent.
773 1341 899 1422 Duplex
915 1343 1011 1402 etiarn
1026 1342 1101 1425 legi·

64 1453 116 1499 tur
138 1443 174 1500 in
196 1443 352 1504 Strabone
373 1463 401 1505 c.
418 1443 441 1504 l.
469 1442 524 1502 ubi
545 1443 657 1523 probat
680 1441 854 1504 Cluverius
875 1463 907 1524 p.
928 1443 1098 1520 414.c.l.

64 1543 158 1602 lalem
178 1543 266 1604 valet
289 1543 357 1626 poli
378 1544 418 1604 de
439 1535 629 1632 Pitheeuffa.
683 1543 773 1626 Quae
795 1545 827 1602 in
846 1543 1009 1604 codicibus
1034 1541 1101 1603 tub·

65 1641 242 1724 lequuntur
263 1645 344 1706 mire
359 1657 522 1726 corrupta,
549 1645 631 1706 bene
648 1644 784 1706 restituit
799 1639 937 1706 Voffiue.
975 1643 1101 1726 Nempe

66 1743 233 1826 separatim
247 1747 369 1807 edenda
387 1747 468 1807 male
487 1749 521 1806 in
537 1766 639 1806 unum
659 1758 885 1806 contraxerunt
905 1745 1040 1816 librarii,
1069 1757 1102 1807 et

65 1865 103 1906 ex
125 1851 231 1908 Aetna
253 1847 377 1908 literam
399 1849 535 1930 primam
555 1849 777 1930 adpentlerunt
793 1847 844 1926 τῷ
857 1842 957 1936 fieret.
999 1853 1103 1908 Aetna

66 1951 153 2008 enim
179 1949 362 2029 [impliciter
382 1951 414 2010 in
437 1949 501 2010 hoc
519 1969 604 2010 nexu
624 1951 731 2010 locum
754 1947 868 2009 habere
890 1949 1017 2028 nequit,
1049 1947 1103 2009 vel

66 2059 188 2110 temere
210 2049 329 2112 Aeoliie
350 2049 460 2112 insulie
480 2051 717 2132 interponatur,
755 2050 811 2110 nifi
835 2051 1103 2130 comparationem

68 2149 179 2212 statuas
192 2139 340 2212 incendii
367 2151 475 2213 fimilie
494 2149 608 2214 iactam
630 2149 701 2214 effe.
754 2151 850 2234 Quod
875 2171 947 2211 cum
972 2149 1104 2212 leuliffet

69 2250 252 2320 Vadianue.
285 2253 396 2314 relicto
416 2253 571 2314 librorum
596 2255 710 2315 ordine
731 2253 768 2314 arl
795 2253 892 2316 finem
916 2253 1104 2313 narrationir

68 2369 102 2412 ea
124 2353 225 2414 verba
243 2355 362 2416 reiecit.
413 2355 465 2416 Sic
487 2373 565 2416 vero
588 2347 753 2443 Ericuffa,
783 2354 866 2434 quorl
891 2353 1104 2414 exhibuerunt

71 2455 238 2535 pleraeque
255 2457 333 2516 olim
350 2455 516 2528 editiones,
542 2455 596 2516 etfi
612 2457 645 2514 in
663 2477 769 2516 earum
785 2451 956 2514 insularum
976 2452 1105 2516 recensu

72 2556 274 2626 detideratur,
307 2555 474 2624 evanescit.
505 2571 611 2618 tamen
637 2575 706 2628 nec,
743 2555 834 2616 inseri
854 2555 964 2636 potest,
991 2567 1027 2615 ut
1047 2575 1105 2614 nu·
1182 2595 1184 2604 »

73 2676 178 2718 merus
209 2657 307 2738 polita
335 2658 404 2741 lege
440 2657 568 2720 constet.
627 2656 797 2719 lnlurrexit
826 2657 957 2736 quidem
997 2669 1105 2716 contra

72 2756 213 2820 Voffium
237 2759 362 2820 Vrsinus
391 2761 424 2818 in
449 2761 664 2840 disputatione
694 2757 913 2840 Vitembergae
941 2755 1044 2832 1668.
1068 2768 1103 2835 (4.

72 2858 194 2928 habita,
229 2879 307 2940 quae
329 2861 570 2922 exercitationes
593 2861 738 2922 continet
760 2859 967 2942 philologicaa
988 2871 1021 2916 et
1046 2875 1105 2940 pro

72 2981 135 3020 non
161 2961 245 3022 mala
270 2961 406 3022 lectione
427 2963 568 3042 peiorem
585 2963 746 3022 invectam
761 2960 820 3022 else
838 2960 925 3026 dicit.
952 2961 1023 3038 quia
1039 2959 1106 3018 Eri-

72 3061 150 3122 cuffa
173 3063 272 3122 etiam
298 3063 332 3121 in
363 3063 432 3122 aliis
460 3061 567 3122 locum
595 3063 649 3123 hic
678 3075 829 3144 occupet,
870 3079 928 3121 nec
951 3061 1046 3121 Hiera
1075 3071 1107 3121 et

72 3163 246 3246 Strongyle
279 3160 357 3224 solae
394 3161 538 3233 arserint,
580 3183 655 3224 cum
685 3165 781 3226 etiarn
813 3163 851 3224 de
879 3163 990 3244 Lipara
1020 3161 1107 3222 idem

72 3265 187 3326 Strabo
212 3277 245 3325 et
266 3263 390 3326 Plinius
413 3263 472 3326 luia
496 3265 693 3346 temporibue
716 3263 914 3325 observatum
939 3261 999 3324 eise
1021 3265 1109 3324 adfir-

72 3381 182 3436 ment,
215 3378 284 3434 aut,
320 3365 364 3425 fin
391 3363 486 3436 solae,
518 3367 646 3446 antiqua
672 3380 813 3446 tempora
837 3365 1035 3444 Pomponius
1061 3383 1108 3426 re·

73 3465 220 3546 [pexerit.
273 3469 313 3528 At
338 3467 479 3528 obiectae
508 3465 706 3528 difficultatee
739 3465 801 3526 hoc
832 3483 954 3526 nomeu
984 3465 1109 3525 admitti

45 3552 49 3561 ¹
73 3589 139 3628 non
163 3569 337 3652 patiuntur.
390 3567 426 3628 in
448 3569 617 3650 Strongyle
639 3585 716 3628 vero
733 3579 765 3628 et
782 3567 875 3627 Hiera
894 3565 979 3626 tatem
999 3566 1038 3626 de
1056 3563 1108 3626 lua

76 3683 176 3730 aetate
197 3671 341 3730 adfirmat
360 3669 521 3730 Diodorue
541 3669 603 3730 sic.
623 3681 657 3745 5.
682 3683 716 3742 7.
765 3669 803 3728 ln
830 3665 1030 3746 sequentibus
1054 3664 1108 3727 suo

77 3772 210 3854 ingenio
242 3769 348 3854 poluit
380 3765 518 3838 volnus.
559 3783 598 3829 ut
629 3769 816 3833 concinnius
851 3769 963 3828 flueret
996 3767 1107 3837 oratio.
1175 3817 1179 3830 .

77 3891 155 3952 quae
176 3873 251 3934 aliae
276 3873 356 3932 male
385 3869 559 3932 cohaereat.
625 3869 736 3940 Certe,
765 3869 822 3929 nili
844 3869 912 3950 quia
936 3867 998 3928 hoc
1019 3869 1109 3937 velit.

80 3994 152 4034 cum
174 3973 326 4034 Pintiano
347 3969 481 4034 inserere
501 3972 596 4034 debet
614 3993 711 4054 quae,
744 3970 784 4031 lic
802 3983 837 4030 ut
857 3983 990 4048 utroque
1011 3969 1109 4030 modo

78 4076 158 4139 ultra
183 4075 309 4138 codicee
341 4075 441 4138 oratio
470 4071 673 4138 informetur.
723 4073 761 4134 ln
788 4069 950 4156 postremi·
984 4068 1109 4132 duobut
