2826 4936
364 425 455 482 ΜΒ.
486 426 539 480 ill.
583 423 674 484 Μ’.
717 423 797 494 §.n
1042 439 1101 504 tt5

78 611 256 684 repugnaret
275 597 369 662 Mela.
410 598 609 680 Numquam
626 599 747 662 dittiffet
763 591 834 689 fere
854 617 969 672 onrrtes,
991 599 1101 686 inepte

76 703 224 762 adiectum
245 701 337 772 eliet,
362 703 395 762 itt
418 723 525 762 annm.
593 700 816 785 Castigandurn
841 721 917 786 ergo
939 702 1100 766 existimor

76 803 129 863 Per
140 793 179 893 fi
200 823 305 864 oattres
324 806 495 865 etiamnum
515 801 616 864 Sacas
643 801 825 884 appellant,
854 823 894 864 ex
916 803 1022 866 Plinio
1044 799 1102 892 [6.

82 921 129 984 ¹9·
144 903 163 964 l.
186 899 261 990 17.]
283 918 315 966 et
333 905 510 967 Herodoto.
540 903 589 982 [7,
610 905 685 984 64]
724 923 926 967 rrn‘rrtave.
977 906 1102 970 Pliniut

74 1005 122 1068 lib.
141 1015 173 1088 lt.
197 1025 263 1088 cap.
291 1023 346 1070 12.
372 1009 412 1068 de
433 1005 602 1067 Danubio:
643 1001 684 1064 ab
707 1025 746 1066 eo
766 1007 799 1065 in
827 1006 953 1086 pietatm
976 1007 1102 1090 quidem

75 1127 172 1168 omnes
189 1107 376 1189 Scytharum
385 1097 467 1198 fitne
486 1119 605 1187 gentes,
630 1107 743 1166 variae
762 1119 867 1168 laurea
880 1107 986 1170 littori
1002 1129 1103 1190 appa·

66 1204 132 1298 fite
150 1220 279 1270 terruere.
316 1209 357 1268 Vt
378 1209 431 1270 hic
451 1209 514 1292 legi
532 1207 631 1289 pollet
648 1209 680 1268 itt
700 1208 837 1287 plerrurrr,
864 1227 930 1272 non
946 1209 978 1270 in
994 1231 1101 1274 terrum.

74 1309 125 1370 Vel
143 1307 223 1371 forte
245 1311 315 1371 illae
335 1311 499 1377 dictionee,
518 1300 594 1396 sere
613 1329 728 1378 onmes,
755 1309 789 1370 in
807 1313 949 1394 margine
971 1307 1104 1374 inerunt

72 1409 235 1492 adscriptae
261 1426 293 1472 et
319 1430 450 1473 erronee
475 1410 542 1492 post
566 1411 667 1470 textui
691 1408 834 1474 insertae.
887 1431 1102 1476 cttcconrrrt.

71 1511 230 1574 Fastidiose
250 1513 326 1574 haec
342 1513 439 1574 nimie
457 1511 625 1574 Pintianue
645 1513 775 1594 accepit.
828 1511 912 1574 Mela
934 1513 1104 1578 minimam

72 1615 288 1695 exceptionem
311 1615 456 1698 indicat..
489 1615 577 1674 Turn
598 1613 796 1675 minuerere
818 1627 930 1684 mutat,
954 1617 1105 1694 quiaHe·
1191 1693 1199 1706 .

71 1718 198 1776 rorlotue
216 1735 285 1776 eam
308 1715 553 1796 adpellationern
569 1713 668 1776 Perire
685 1715 764 1775 olim
780 1715 922 1776 ufitatam
943 1713 1032 1779 inille
1051 1718 1105 1780 ed·

72 1817 183 1885 firmat,
214 1817 264 1876 coi
286 1817 556 1878 acceditPliniue.
597 1813 914 1898 Neoopureiicum
932 1817 1103 1882 Ciacconio

71 1917 102 1976 in
118 1918 244 1998 plenum
266 1937 396 1999 ponere.
449 1917 532 1978 Nam
548 1937 655 1978 ornnes
675 1918 708 1977 in
729 1937 823 1978 arrrtm
842 1919 923 1980 nihil
946 1919 1030 1980 aliod
1050 1919 1104 1990 et,

73 2039 159 2098 qnam
178 2019 267 2100 quod
291 2020 419 2089 Cicero,
447 2017 571 2089 Caesar,
601 2017 653 2078 elii
676 2019 787 2080 dicunt
808 2017 853 2078 ad
874 2041 967 2081 tranat
988 2039 1106 2093 oman,

71 2134 100 2180 et
122 2119 241 2182 inserto
263 2110 337 2209 fere
364 2119 499 2181 elicitur
522 2121 572 2188 id,
612 2120 697 2200 quod
727 2120 800 2181 aliea
824 2121 867 2182 est
891 2133 1019 2182 tantam
1043 2141 1107 2184 aaa

72 2239 188 2293 omnes,
216 2223 238 2284 i.
253 2242 282 2282 e.
305 2223 442 2282 maximo
459 2241 497 2282 ex
515 2237 612 2302 parte.
654 2221 807 2304 intelligit
825 2233 932 2285 autem
950 2223 1034 2286 Mela
1051 2243 1107 2288 eoa

71 2325 216 2405 populos,
239 2324 292 2404 qni
310 2323 384 2383 inde
401 2343 417 2382 a
433 2324 586 2384 Sarmatia
603 2321 704 2384 Altam
719 2323 878 2385 incolunt.
915 2323 997 2390 Cod.
1013 2325 1108 2412 trag.

72 2443 132 2485 non
156 2425 241 2486 niele
262 2417 301 2488 τὸ
322 2425 418 2484 etiarn
440 2424 571 2488 omittit.

143 2627 298 2710 Sacae)
347 2627 535 2692 ciacconius
566 2647 605 2692 ex
635 2624 696 2690 init
728 2623 820 2692 MSS.
855 2641 946 2692 notat
971 2625 1108 2709 Belgaee

71 2726 105 2790 Δ.
133 2729 339 2800 Gronovius,
372 2733 427 2811 qni
451 2731 563 2792 Belcae
586 2731 765 2814 evulgavit,
803 2731 884 2790 nihil
910 2733 950 2792 de
982 2729 1109 2792 suoram

73 2827 209 2892 lectione
228 2846 355 2898 monet,
383 2833 470 2892 node
487 2831 636 2893 credibile
653 2831 711 2899 eli,
739 2834 772 2890 in
789 2851 824 2892 ea
841 2833 978 2892 lectione
996 2849 1109 2894 omnee

71 2931 263 2994 torrlenlille.
317 2935 366 2993 De
384 2935 464 2994 mein
481 2933 573 2993 haec:
607 2935 704 2994 Vatia.
727 2933 835 2994 Cibin.
863 2931 1001 2994 Vindob.
1023 2931 1109 2994 Retr-

72 3032 168 3116 diger.
193 3033 282 3096 Gud.
304 3035 410 3095 Hera.
440 3035 530 3118 lireg.
551 3033 665 3094 Belcae
685 3033 737 3094 vel
759 3033 870 3106 Beleer
906 3031 999 3096 Perii.
1023 3053 1050 3092 t.
1074 3047 1106 3094 e.

70 3133 197 3207 Bellaa,·
239 3136 351 3198 Vener.
375 3135 488 3207 Βάσις
534 3133 627 3196 Parii.
656 3149 688 3213 5.
715 3135 852 3214 Belga05
897 3133 979 3216 Lipl.
1001 3133 1106 3214 Belga.

70 3235 150 3296 Edd.
183 3257 212 3299 t.
242 3253 271 3296 ε.
293 3250 324 3315 5.
350 3245 383 3320 lt.
409 3247 441 3312 5.
469 3254 502 3315 9.
528 3257 582 3299 tr.
605 3237 722 3316 Belgae
745 3235 795 3296 vel
817 3235 930 3314 Belge,·
964 3237 996 3298 6.
1018 3251 1052 3312 7.
1072 3247 1106 3312 8.

75 3355 128 3398 to.
152 3353 211 3398 ro.
235 3351 288 3415 ¹5·
318 3349 372 3419 ¹4·
402 3351 454 3414 15.
483 3336 536 3400 ra.
561 3353 616 3418 17.
639 3349 692 3412 ¹8·
716 3353 771 3416 ¹9·
796 3355 852 3398 eo.
874 3337 1011 3417 reliquae
1033 3355 1108 3398 cnm

69 3437 206 3498 Schotto
224 3437 344 3518 Sogaer
378 3439 521 3510 vinetus,
547 3439 613 3520 post
630 3433 753 3500 Volirue
770 3451 801 3500 et
826 3439 851 3500 t.
869 3437 1055 3508 Gronovius
1072 3439 1107 3498 irt

70 3541 118 3598 etl.
136 3550 201 3620 4⁰·
226 3538 340 3610 Sacae,
364 3541 446 3621 qnod
464 3555 553 3600 antee
570 3541 603 3600 in
620 3541 761 3622 margine
778 3537 935 3600 habebant
951 3539 1024 3600 edd.
1048 3551 1107 3610 27.

68 3653 98 3700 et
122 3655 184 3718 29.
218 3639 295 3700 hina
318 3649 377 3724 4¹·
408 3651 468 3716 aa.
497 3651 556 3720 44.
584 3653 643 3722 45.
667 3643 727 3720 46.
751 3641 882 3711 Belcae,·
922 3639 1109 3700 lieinoldiue

69 3741 188 3810 Sacae,
224 3761 318 3820 quem
342 3744 375 3802 in
400 3743 495 3804 altera
525 3743 668 3802 editione
693 3739 814 3802 secutae
844 3739 885 3801 est
909 3741 1051 3822 Kappiue
1076 3753 1110 3802 et

68 3843 174 3902 editor
195 3841 484 3926 Norimbergenlie.
518 3861 723 3904 retentare..
767 3839 912 3922 Belgae.)
965 3841 1109 3902 Scriben-

69 3945 147 4003 dum
165 3943 284 4022 Sagae,
307 3963 374 4006 nort
395 3944 521 4024 Belgae,
546 3945 731 4006 Herodotut
758 3939 812 4030 [7.
833 3934 915 4026 Gla]
938 3954 970 4004 et
987 3942 1110 4002 l‘lirtittt

67 4043 118 4106 lib.
146 4047 184 4110 6.
208 4039 299 4130 {cela
328 4063 380 4125 ¹9·
401 4045 421 4107 l.
443 4039 519 4130 17.]
550 4037 678 4135 Persae,
712 4045 834 4125 inquit,
862 4045 966 4123 Sages
991 4057 1110 4102 *riacani

66 4165 172 4251 orrares
194 4145 344 4226 Scythas.
396 4147 525 4210 Eliaml'r
554 4147 650 4210 Sacas
678 4145 789 4206 Graeci
815 4147 939 4206 malunt
969 4142 1108 4210 scribere,

682 4247 712 4308 H
743 4261 764 4308 a
