2836 4940
385 481 477 538 Lru.
508 487 560 539 ιιι.
605 483 638 540 c.
665 483 718 540 vr.
761 483 786 552 o.
812 497 840 552 7.
1079 493 1138 560 ιω

90 655 246 718 diximus.
286 657 342 719 Ex
364 656 404 718 iis
426 689 478 704 -
500 669 533 716 et
554 669 645 738 putet
667 653 787 718 lllelanr
809 657 843 718 in
863 660 996 720 nomine
1019 659 1138 731 erralle,

1 774 2 807 1
89 772 126 818 et
146 756 262 819 insoles
285 760 368 820 finus
391 757 517 820 Codani
539 758 622 819 male
644 757 803 821 Acmodae
827 760 957 822 vocnffe.
1010 759 1142 824 Relutat

92 861 192 920 illum
215 857 361 942 Cuperue
378 879 423 921 cc.
445 859 479 922 ll.
506 861 581 941 quia
604 859 637 920 id
659 879 771 941 parurn
794 861 944 924 credibile
966 862 1020 933 fit,
1050 865 1141 926 etin

1 984 14 1010 κ
94 961 206 1022 Plinio
227 965 262 1038 4,
287 963 342 1024 16.
359 957 380 1023 s.
400 975 460 1039 30.
495 962 552 1042 qui
573 960 693 1022 Melam
713 963 845 1043 repetit,
875 963 957 1024 nihil
981 965 1141 1026 eiusmodi

1 1086 2 1090 ¹
95 1063 231 1146 legetur.
281 1061 360 1145 lple,
388 1081 461 1124 curn
485 1061 581 1125 verba
602 1085 641 1122 ex
661 1063 703 1122 iis
727 1065 759 1122 in
778 1065 904 1148 vulgata
928 1067 1006 1128 olim
1030 1068 1140 1128 lectio·

94 1185 139 1226 ne
161 1163 246 1224 nihil
266 1163 422 1234 habeant.
454 1163 493 1226 ad
515 1165 600 1246 quod
618 1161 812 1232 tolerantur,
846 1167 1018 1250 legendum
1043 1171 1140 1229 etiarn

1 1292 3 1299 ,
95 1279 189 1348 putat
213 1285 253 1326 ex
277 1257 406 1357 insulis,
445 1269 534 1346 qnod
568 1263 724 1326 scribendi
763 1270 958 1350 compendio
989 1269 1141 1330 transterit

1 1394 3 1425 f
95 1367 203 1450 pollet
224 1368 259 1427 in
279 1367 356 1440 isls‚·
387 1369 421 1428 in
443 1368 513 1428 sinn
534 1369 623 1428 enirn
646 1367 780 1430 Codano
800 1369 992 1432 multeseffe
1016 1369 1139 1442 insulae,

96 1466 166 1550 ipso
183 1468 269 1530 Mela
284 1485 414 1530 anctore
432 1483 464 1548 3,
484 1481 517 1548 3.
533 1467 555 1532 l.
606 1470 653 1530 lta
674 1489 762 1540 vero,
789 1471 872 1550 qnod
891 1472 952 1532 iarn
972 1473 998 1532 1.
1017 1471 1140 1534 Grono-

93 1571 170 1632 viue
185 1571 331 1642 monuit,
359 1571 453 1632 valde
475 1571 605 1655 languet
621 1571 673 1630 illo
689 1589 754 1632 vox
777 1561 901 1662 insulis.
928 1592 1001 1632 curn
1025 1575 1059 1633 in
1077 1573 1140 1634 hoc

93 1673 199 1752 capito
221 1673 358 1733 omnino
376 1673 408 1732 id
430 1685 501 1756 aget
521 1673 622 1740 Mela.
652 1685 687 1732 ut
710 1671 825 1734 insulto
847 1675 988 1754 potiores
1007 1695 1140 1736 enume-

74 1787 159 1842 ¹ret,
184 1793 246 1833 nec
263 1774 348 1833 aliud
371 1760 448 1855 (inid
473 1773 592 1856 sperare
615 1773 766 1836 lectorem
789 1773 907 1837 iubeat.
958 1774 1062 1836 Rellat
1083 1777 1141 1859 igi·

93 1889 148 1936 tor
166 1895 207 1934 ex
228 1875 285 1946 its,
320 1875 405 1956 quod
430 1875 508 1936 olim
534 1875 628 1938 stetit.
681 1875 766 1938 Cum
781 1893 858 1937 vero
882 1877 913 1936 id
939 1873 1026 1937 l'enlu
1047 1877 1140 1958 plane

1 2026 2 2030 ,
94 1991 215 2045 careat,
242 1975 424 2057 liproximtt
438 1977 536 2038 verbe
556 1978 589 2037 in
605 1975 661 2037 t'llo
680 1973 752 2064 finu
773 2007 823 2020 —
848 1975 986 2038 diximus
1003 1977 1041 2038 ad
1059 1979 1141 2039 Hae·

93 2077 210 2138 modas
227 2079 421 2148 reiicinntur,
441 2093 495 2138 aut
512 2079 595 2139 male
611 2081 707 2138 etiarn
725 2077 908 2148 Haemodir.
925 2079 1036 2160 iniquo
1054 2098 1142 2161 prae·

94 2193 183 2240 terea
198 2180 269 2239 loco
287 2181 405 2261 positio,
427 2179 616 2244 Codanonit
633 2183 869 2252 adnumeretur,
888 2181 1015 2262 adparet
1032 2179 1141 2240 multi·

1 2356 3 2365 Ι
93 2281 220 2342 tudinis
239 2301 358 2342 nornen
375 2281 549 2350 desiderari,
573 2283 608 2342 in
625 2299 691 2362 quo
707 2282 784 2342 haec
801 2283 968 2364 praecipue
985 2283 1141 2354 emineat3

98 2383 188 2463 qnod
211 2383 341 2462 quidem
362 2397 434 2465 apte
456 2381 579 2464 subplet
600 2381 772 2444 immillom
789 2374 863 2473 sex,
890 2385 1068 2444 dummodo
1089 2401 1142 2443 au·

97 2487 187 2544 rium
204 2485 299 2544 etiam
317 2486 447 2546 adiuvet
468 2485 637 2546 iudicium.
690 2485 772 2568 Quis
787 2485 876 2544 enirn
895 2483 1041 2544 lubenter
1064 2481 1142 2544 ierat

98 2585 240 2668 asperam
264 2587 350 2646 illam
378 2585 526 2646 omilium
544 2605 663 2648 vocum
688 2587 722 2645 in
746 2585 803 2645 hec
826 2585 1017 2666 repetitione
1042 2585 1142 2645 conli-

97 2688 241 2756 lionern.
274 2699 329 2748 eut
357 2687 462 2748 lllelae
491 2687 628 2772 eleganti
655 2687 807 2750 orationis
828 2683 948 2748 formae
972 2685 1144 2748 obtrudat?

1 2866 2 2869 Ἴ
99 2791 191 2874 Quas
215 2785 413 2850 difficultates
438 2789 582 2869 undique
606 2787 743 2850 obiectae
765 2807 838 2848 curn
860 2805 1028 2847 removere
1057 2787 1143 2867 equi·

99 2895 179 2952 dern
207 2911 272 2952 non
300 2889 436 2972 pollent,
476 2891 574 2950 maloi
595 2891 646 2950 illu
673 2887 826 2950 vocabula
852 2889 942 2948 uncio
970 2887 1141 2958 includere,

98 3012 181 3074 qnae
195 3006 228 3052 et
244 2989 380 3052 absentia
399 2992 533 3053 minirne
550 2991 775 3053 desiderentur.
811 2988 965 3054 Ceterum
983 2989 1019 3049 in
1036 2990 1144 3052 Vineti

97 3095 247 3158 editione
265 3091 341 3155 hinc
363 3113 430 3176 cap.
449 3109 507 3174 29.
529 3095 654 3176 incipit.

184 3295 381 3358 Godanon
393 3293 462 3376 io)
512 3293 637 3359 Volfioe
658 3315 697 3357 ex
715 3295 847 3378 optimis
864 3293 923 3356 lois
941 3293 1030 3356 liltrie
1052 3305 1145 3356 notet

103 3397 343 3470 Cundnnovt'n,·
370 3399 405 3460 A.
424 3397 611 3460 Gronovius
626 3419 665 3460 ex
686 3395 745 3460 suit
766 3396 988 3466 Codonnonia‚
1017 3393 1145 3456 Gonda-

101 3501 214 3571 nonin,
243 3499 477 3562 Condonuont'o
495 3513 528 3562 et
553 3487 774 3562 Cadonriovicr.
813 3499 862 3559 Ex
879 3499 959 3558 meis
982 3493 1064 3577 Lipl.
1088 3495 1145 3557 Ptt·

102 3601 157 3664 rii.
179 3623 208 3664 t.
235 3615 267 3680 3.
293 3601 466 3684 Prehdiger.
493 3601 656 3686 Augullin.
679 3600 889 3670 Codononias
924 3597 1029 3658 Hovn.
1052 3596 1145 3681 Prag.

107 3702 341 3776 Condnnonia,·
368 3705 480 3764 Venet.
500 3703 753 3789 Condannonie,·
775 3699 869 3762 Parii.
887 3715 919 3760 2.
944 3697 1146 3770 Cidunont'at

104 3806 219 3870 Cibin.
240 3805 339 3868 Vatic.
362 3817 397 3866 ut
419 3803 500 3866 Voss'.
524 3825 554 3868 t.
578 3803 714 3868 Codano
730 3804 798 3866 vin.
848 3799 1016 3861 Editiones
1041 3797 1146 3861 Coda-

106 3908 223 3975 nom'o‚
254 3909 394 3988 exceptio
419 3921 476 3985 39.
503 3901 643 3984 (Voffii)
669 3914 728 3987 4ο.
753 3913 813 3982 41.
837 3911 897 3980 42.
926 3919 1004 3982 qnae
1028 3899 1148 3960 habent

109 4007 347 4079 Scandinouias
378 4021 537 4090 praetereo
560 4009 639 4070 olim
663 4018 721 4083 28.
747 4003 907 4066 Cedonia.
937 4019 1145 4064 rzscrtvcttss.

106 4113 288 4191 Tamquam
310 4107 329 4166 lt
351 4129 368 4170 a
389 4109 521 4173 Coduno
540 4109 607 4170 stnu
632 4109 671 4170 irc
691 4107 909 4190 appellaretur.
957 4104 1055 4184 Atqui
1077 4115 1148 4163 tum

111 4211 261 4292 Codania
287 4214 395 4296 potine
420 4211 495 4276 ellet
519 4211 727 4276 nominanda.
778 4207 867 4268 Libri
892 4205 1008 4289 optimi
1034 4205 1147 4290 legunt
