2836 4940
341 428 431 486 mn.
461 410 515 490 ιιι.
559 429 592 488 c.
613 429 692 490 wn.
734 427 761 500 ς.
785 447 811 486 ι.
834 441 864 487 a.
1058 426 1118 490 261

74 601 187 687 potuit
202 613 310 664 tamen
326 602 389 664 alio
411 603 545 664 nomine
563 601 664 664 finum
680 601 768 664 hunc
782 603 937 686 appellare
953 601 1048 676 Mela.
1073 617 1119 666 at·

75 725 141 786 quc
156 703 195 766 ab
215 703 368 765 omnibns
388 705 571 786 appellatur.
620 706 728 766 Vnum
743 718 867 766 tautum
885 707 996 766 inveni
1010 707 1118 769 Theo·

75 805 256 888 phrallum,
298 807 351 867 cui
379 805 461 868 sinuo
491 806 631 868 Peracto
663 807 760 868 etiam
792 820 926 868 vocatur
957 807 1116 872 Arabicus.

78 907 183 968 Verba
203 907 273 968 eiuo
304 903 358 995 [in
382 907 451 970 hist.
475 899 626 992 plantan]
656 907 713 971 lib.
734 917 770 987 4.
793 927 861 990 cap.
885 927 920 988 9.
953 907 992 970 fic
1016 911 1119 972 conci·

77 1008 194 1091 pienda
218 1006 308 1069 l'nntt
348 1005 403 1070 'Ea
424 999 527 1090 ‘filu
551 1005 585 1072 δὲ
605 1008 649 1095 τῇ
668 1005 753 1095 νήσῳ
775 1007 899 1093 (κεῖται
923 1005 956 1072 δὲ
978 1003 1063 1096 αὕτη
1086 1006 1118 1074 ἐν

77 1109 131 1190 τῷ
150 1107 318 1197 ’Δραβικῷ
334 1104 449 1193 κόλπῳ
469 1108 522 1192 τῷ
540 1107 598 1200 μὲν
620 1106 699 1198 πρδς
719 1103 787 1197 ini)
812 1109 971 1176 τοσοῦτον
990 1107 1119 1198 πλῆθος

1 1261 2 1268 ι
76 1203 163 1276 εἶναι’
180 1209 265 1290 φασι
281 1207 424 1298 δένδρων,
448 1205 498 1276 ὅτ’
518 1205 660 1290 ἐκβαίνει
682 1205 910 1301 ἣπλημμυρὶς,
936 1206 1014 1278 ὥστ’
1032 1210 1119 1277 inw-

74 1311 266 1401 χυρῶσθαι.
319 1314 361 1374 Ει
382 1312 452 1376 lane
475 1315 561 1376 nulla
584 1314 626 1376 eil
646 1316 744 1384 ratio.
771 1335 827 1375 cur
847 1334 916 1377 non
932 1335 1029 1396 aeque
1045 1317 1118 1378 Ara·

75 1415 185 1483 bicue.
217 1433 252 1475 ac
266 1413 405 1477 Perficuc
421 1417 607 1478 nominetur
628 1416 725 1484 linus,
756 1435 830 1476 cum
850 1417 1031 1498 portionem
1048 1417 1118 1479 ciue

76 1519 233 1578 maiorem
258 1517 388 1600 cingant
409 1517 536 1580 Arabee.
587 1517 635 1580 ad
658 1517 893 1578 dillinctionem
913 1529 1019 1578 umen
1043 1518 1118 1580 alte·

76 1619 144 1678 ciue
180 1617 320 1688 Arabici,
355 1617 470 1680 Persici
499 1619 555 1680 libi
582 1637 764 1703 cognomen
790 1616 949 1680 adsciviss'e
976 1619 1115 1682 videtur.

75 1737 222 1782 vocatus.
281 1718 419 1782 Codices
451 1721 518 1782 mei
543 1739 656 1783 umnec
681 1717 819 1782 scribunt
843 1715 1009 1782 Pernen:
1045 1719 1119 1784 1³0st

75 1821 250 1905 Rehdiger.
274 1821 413 1883 vindob.
435 1841 509 1883 cum
531 1822 582 1884 ed.
605 1843 634 1884 ι.
656 1823 818 1904 proprior.
846 1822 1026 1884 mutatione
1048 1840 1117 1884 nou

74 1919 220 1993 insolita.
242 1941 337 2004 quem
354 1924 467 1986 notavi
483 1924 522 1986 od
539 1942 570 1997 ι,
592 1942 648 2004 ι9,
671 1924 725 1988 16.
752 1938 785 2003 3.
802 1925 835 1988 6.
853 1924 899 1988 in.
918 1935 952 1987 et
969 1923 1055 2030 alibi.

245 2128 274 2204 §.
303 2131 336 2190 Ω.
388 2117 645 2218 Persicus,
676 2123 794 2210 qua)
844 2125 953 2192 Cibin.
979 2125 1117 2192 ulterior.

74 2227 187 2292 Huius
204 2247 269 2310 qua
288 2249 390 2301 mare,·
423 2227 563 2291 Vindob.
582 2229 659 2311 quia
681 2249 783 2298 mare,
808 2228 916 2289 usitata
941 2242 1119 2292 commuta·

77 2331 187 2399 tione,
213 2330 253 2389 de
276 2349 337 2412 qua
358 2330 424 2391 vid.
448 2329 487 2389 ad
509 2349 538 2400 ι,
561 2351 590 2401 ι,
608 2343 640 2410 5.
693 2327 766 2392 Poll
788 2329 980 2391 vocabulum
1001 2329 1119 2391 cervice

77 2431 200 2492 excidit
230 2429 264 2490 in
297 2431 370 2491 edd.
400 2449 456 2494 ιι.
486 2443 542 2510 13·
593 2429 746 2494 Ceterum
779 2431 856 2491 hinc
892 2432 973 2492 novi
1007 2431 1119 2513 capitia

76 2531 281 2616 segmentum
306 2530 427 2593 iaciunt
450 2532 570 2614 aliquae
595 2533 765 2602 editiones,
796 2533 844 2592 uti
872 2551 927 2595 ιι.
963 2528 1023 2616 (de
1036 2528 1117 2622 stnu

76 2611 208 2722 Perstc'o
224 2645 255 2694 et
270 2633 386 2695 accolis
399 2635 465 2694 eius
479 2633 655 2712 capitulum
667 2631 759 2716 ΧΠ.)
786 2633 942 2696 Vadianue
956 2653 1030 2694 cum
1044 2631 1117 2704 [uie.

77 2733 191 2819 (Sinus
205 2729 365 2824 Persicus)
387 2735 527 2815 itumque
543 2734 702 2796 Olivoriuo
717 2755 793 2794 cum
813 2735 886 2796 edd.
904 2749 962 2799 αι.
982 2743 1038 2814 24.
1056 2745 1116 2814 28.

76 2837 225 2921 cognatis
244 2851 277 2896 et
294 2837 441 2900 Schotto.
468 2835 586 2921 (Sinus
606 2837 744 2898 Persicus
767 2855 833 2918 cap.
852 2831 909 2922 8.)

156 3037 249 3100 dein
257 3037 276 3120 )
325 3039 432 3120 Aliqui
452 3039 593 3108 codicee‚
620 3037 789 3120 inquibus
811 3037 893 3120 Lipl.
917 3037 1008 3122 Prag.
1032 3037 1118 3100 Reh-

77 3143 184 3226 diger.
206 3141 348 3222 itemque
364 3143 523 3202 editiones
537 3141 574 3200 ad
589 3151 649 3218 42.
667 3159 740 3200 cum
752 3141 973 3202 Pleinoltliunie
987 3138 1119 3212 deinde,-

1 3324 2 3328 ,
75 3243 151 3328 poll
173 3241 274 3320 (44.)
296 3241 385 3312 dein,
412 3243 500 3323 quod
526 3255 558 3304 et
581 3241 710 3323 reliquis
736 3243 861 3323 placuit.
895 3243 962 3330 ‚lta
986 3240 1119 3322 quidem

77 3346 171 3426 saepe
191 3343 338 3406 variatur.
377 3341 428 3407 Cf.
450 3343 489 3403 ad
511 3365 539 3411 1.
558 3354 592 3420 4,
611 3356 645 3421 3.
693 3341 783 3404 Dein
802 3343 855 3406 bic
876 3342 1027 3405 etiamad
1050 3340 1119 3404 loni

75 3446 229 3509 einedem
251 3443 493 3506 fimilitudinetu
516 3443 678 3506 vitandam
703 3443 851 3525 praellat3
883 3459 916 3507 et
940 3443 978 3504 fic
1000 3441 1121 3505 habent

1 3530 2 3537 ἵ
78 3549 181 3610 Vatic.
212 3545 375 3608 ciacconii
401 3547 485 3616 duo,
518 3545 626 3611 Cibin.
677 3547 765 3607 Tum
797 3547 895 3608 Votic.
919 3559 950 3624 5.
981 3543 1065 3606 Gud.
1089 3556 1121 3606 et

78 3671 204 3712 omnem
223 3660 361 3730 partem.
389 3645 469 3710 fone
487 3665 546 3728 pro
568 3645 613 3707 ad
633 3667 753 3710 omnem
773 3660 916 3727 partem,
942 3645 992 3705 uti
1006 3665 1044 3706 ex
1060 3641 1122 3708 luia

77 3751 210 3814 notavit
232 3748 431 3814 Ciaccouiua.

157 3949 424 4034 cedentibus)
471 3953 519 4014 lta
547 3969 661 4014 omnet
683 3950 774 4020 libri,
805 3962 929 4010 tantum
953 3967 1121 4032 operatum

79 4055 278 4140 negligentia
300 4055 373 4116 edd.
395 4069 427 4119 2.
445 4053 479 4116 6.
497 4069 530 4130 7.
548 4065 581 4132 8.
601 4073 657 4116 ιο.
680 4067 735 4131 13.
758 4061 813 4131 ι4.
834 4063 889 4128 18.
911 4067 966 4129 19.
990 4063 1022 4112 et
1039 4047 1122 4114 forto

79 4159 158 4254 aliae
179 4152 389 4219 caedentibus.
431 4151 482 4219 Gi.
504 4175 533 4226 1.
556 4173 586 4226 ι.
603 4165 638 4238 4.
662 4167 696 4215 et
719 4167 751 4233 5,
774 4163 810 4232 4.
836 4170 868 4218 a.
912 4170 1119 4216 uztcuvcuu.
