2868 4942
297 387 360 448 5⁰⁰
605 371 848 430 tourotttt
881 371 1044 428 MELAE

298 549 388 619 diue,
415 561 448 610 et
468 547 545 610 hinc
566 546 640 608 edd.
665 555 853 626 aeceperunt
874 553 934 624 44.
955 553 1017 624 45.
1044 558 1078 606 et
1100 547 1260 628 reliquae.
1311 545 1343 606 Iu

297 665 465 732 utramque
503 661 625 732 partem
666 645 787 709 diversa
822 647 900 708 h'aec
933 659 1078 728 tempora
1112 651 1167 732 agi
1211 646 1342 728 poliunt

300 753 388 836 Quid
405 751 486 814 velit
502 749 596 820 Mela,
624 750 718 810 docet
732 740 838 838 fuere,
866 746 916 810 sed
935 749 967 808 it
986 746 1092 830 ipsum
1110 765 1145 812 et
1167 747 1343 830 pugnaudo

299 855 471 918 detuleram
492 851 619 913 videtur
642 842 778 940 defeci,
809 851 895 931 quod
920 849 1104 913 instauravi.
1166 853 1296 913 Eadem
1314 853 1344 912 in

297 957 360 1018 hoc
385 955 485 1016 verbo
510 953 719 1034 discrepantia
741 963 849 1014 notate
870 951 913 1012 est
933 953 972 1012 ad
1000 972 1027 1020 t,
1050 969 1108 1021 ια.
1132 969 1170 1016 2.
1229 956 1344 1014 Vocem

288 1049 449 1148 frugibus
471 1075 510 1116 ex
523 1046 612 1145 fatis
628 1051 811 1120 natam,effe
832 1067 923 1135 putat
940 1053 1088 1116 Berthins
1104 1075 1134 1117 c.
1156 1057 1180 1117 l.
1210 1055 1343 1137 ideoque

296 1161 335 1220 nd
356 1158 465 1242 gloffae
480 1155 612 1242 ablegat.
664 1157 793 1218 Poterat
808 1157 930 1224 omitti,
955 1154 1024 1225 sed,
1047 1176 1123 1216 cnm
1139 1177 1214 1219 non
1233 1177 1343 1220 omnen

296 1259 402 1344 {rugen
428 1259 582 1330 serantur,
615 1271 647 1320 et
666 1257 742 1318 hinc
765 1259 865 1328 maior
889 1277 1004 1341 gruum
1024 1255 1183 1319 inferatur
1206 1261 1342 1328 vexatio,

296 1362 399 1447 potest
423 1362 519 1422 etiam
541 1359 711 1422 commode
738 1359 867 1420 retineri
890 1379 965 1418 cum
993 1357 1091 1421 libris.
1147 1361 1341 1424 ceterum

295 1463 403 1526 verbis
425 1463 523 1524 Fuere
543 1463 676 1525 interius
700 1481 766 1542 cap.
781 1471 842 1542 43.
864 1460 979 1544 incipit
1001 1461 1147 1527 vinetus.

448 1669 477 1745 §.
505 1683 539 1746 9.
573 1665 676 1726 Sunt
701 1665 829 1726 muita
854 1663 1088 1750 voluerum)
1120 1665 1339 1730 Gunomiti

295 1789 377 1832 voce
395 1768 495 1830 muita
517 1768 570 1828 det
590 1767 671 1828 Sunt
691 1767 875 1828 volucrium.
925 1767 990 1830 Pro
1006 1759 1226 1859 serpentium,
1254 1769 1339 1851 quud

294 1872 339 1934 est
359 1873 392 1930 in
417 1867 499 1950 Lipi.
526 1867 700 1930 Mediolani.
725 1867 832 1930 Cibin.
857 1881 890 1929 et
906 1869 1046 1932 Vatican.
1065 1891 1185 1933 omnes
1206 1873 1273 1932 mei
1294 1891 1339 1932 re·

294 1973 372 2052 liqui
387 1985 419 2032 et
435 1973 470 2032 A.
490 1969 649 2030 Gronorii
666 1967 784 2031 habent
797 1961 1000 2060 serpentum,
1026 1975 1113 2053 qnod
1133 1987 1167 2035 et
1184 1973 1339 2034 exhibent

293 2074 367 2136 edd.
393 2090 506 2133 omnes
530 2069 568 2130 ad
591 2081 652 2148 42.
681 2071 758 2132 hinc
780 2091 853 2132 curn
872 2073 1092 2136 Reinoidianie
1112 2075 1260 2154 reliquie
1274 2065 1339 2165 seu·

293 2175 445 2257 pontium.
486 2171 571 2234 Dedi
581 2163 775 2262 serpentum,
799 2175 846 2231 uti
865 2171 954 2255 supra
971 2191 1004 2244 Ω,
1024 2195 1053 2244 t.
1076 2193 1131 2237 tu.
1155 2189 1336 2256 pareutum,

292 2276 350 2336 ubi
371 2275 437 2334 vid.
458 2285 576 2336 notata.
629 2271 756 2354 Nempe
777 2272 944 2338 obsecutus
966 2273 1032 2336 ium
1053 2276 1143 2340 libri·
1165 2278 1335 2360 plerisque,

293 2377 350 2440 etfi
376 2375 505 2438 alteram
532 2371 668 2436 formam
700 2373 844 2438 damnari
877 2377 1013 2440 minime
1038 2377 1123 2461 poffe
1151 2377 1231 2444 [cio.
1285 2381 1333 2444 sic

293 2479 405 2542 Horat.
424 2475 520 2559 epod.
544 2495 574 2546 1.
600 2493 632 2539 ι’..
675 2475 739 2538 Sed
756 2477 799 2539 ita
820 2478 915 2540 multi
934 2478 997 2543 atii.

366 2697 469 2764 quos
485 2711 534 2728 -
543 2675 563 2762 )
595 2678 688 2762 Preg.
703 2681 825 2742 omittit
838 2699 928 2764 qrtos.
952 2681 1025 2744 Post
1040 2683 1125 2744 idem
1143 2697 1177 2744 et
1191 2683 1290 2746 Perii.
1302 2701 1331 2749 2.

291 2781 507 2868 praescribunt
527 2801 646 2861 paruos
665 2793 697 2839 et
716 2801 834 2843 veneno
858 2782 1041 2862 praeditum
1081 2786 1189 2846 Hevn.
1213 2805 1331 2848 veneno

290 2885 448 2967 proditori
474 2899 539 2962 quo
560 2883 646 2942 idem
667 2881 782 2944 voluit.
824 2885 869 2943 ita
890 2881 970 2946 forte
985 2887 1138 2968 explicare
1156 2887 1332 2950 voluerunt

291 3005 407 3048 vocem
432 2973 621 3072 praesentis,
663 2997 734 3052 eut,
774 3003 847 3045 cum
879 3005 947 3048 nort
974 2987 1207 3072 intelligerent,
1251 2991 1333 3050 hane

290 3085 484 3169 posuerunt3
510 3081 603 3144 Paris.
620 3097 653 3146 Ω.
675 3085 771 3146 etiam
792 3098 883 3146 auten
906 3089 1041 3150 mraxime
1058 3111 1194 3168 parvos,
1221 3107 1259 3152 et
1274 3109 1332 3172 ptn

291 3184 499 3254 memorandi,
536 3181 618 3244 forte
643 3186 728 3264 quod
758 3205 832 3246 cnm
857 3177 1055 3276 serpentibus
1080 3193 1230 3272 proxime
1257 3211 1331 3255 con·
1411 3239 1412 3244 η

289 3299 464 3354 necterent.
486 3283 582 3354 idem,
606 3286 702 3347 Vatic.
719 3286 826 3362 Cibin.
846 3287 929 3370 Lips.
950 3291 1089 3375 Rehdig.
1108 3292 1198 3355 Gnd.
1221 3295 1328 3356 Havn.

290 3413 354 3452 ruer
388 3385 516 3457 renatu-
549 3385 692 3447 vitiosius
720 3388 857 3450 Vindob.
885 3391 1096 3454 memoranda.
1148 3394 1327 3464 Pintienut.

290 3511 386 3574 quem
411 3487 524 3572 probat
546 3487 718 3558 Schmun,
757 3491 881 3550 mavult
907 3493 968 3553 Sed
998 3494 1109 3554 ueneni
1139 3489 1328 3586 praesentis.

288 3595 408 3656 Earum
442 3588 663 3672 particularum
698 3591 877 3671 eommistio
911 3593 966 3656 etsi
993 3596 1128 3656 minime
1153 3597 1197 3658 ett
1233 3597 1328 3662 inire·

228 3677 231 3684 ’
288 3713 400 3776 quent,
422 3691 508 3754 nulla
524 3703 630 3752 tenren
646 3690 699 3752 hic
714 3695 939 3758 emendatione
955 3715 1047 3778 opus.
1080 3699 1167 3758 Tum
1183 3699 1326 3764 Periit.

287 3807 522 3857 contractarum
542 3790 714 3870 paludum
747 3795 897 3876 posterius
919 3799 1030 3858 eadem
1051 3796 1153 3860 forma
1175 3801 1230 3860 dat
1253 3803 1327 3864 vin·

288 3897 411 3959 dobon.
443 3911 518 3956 cnm
545 3891 733 3958 Oiivarianis
759 3897 947 3978 quibusdem
983 3913 1040 3978 33.
1078 3913 1136 3977 54.
1171 3903 1325 3986 Lugdun.

294 3999 399 4074 1605.
420 3995 566 4064 Senatu,
593 3989 711 4066 tomo,
735 4011 795 4076 4ο.
823 4011 882 4080 41.
904 4011 963 4079 49.
985 4001 1158 4080 paludum
1183 4005 1324 4085 reliquae

286 4097 467 4182 paludium,¹
493 4093 602 4162 Cibin.
624 4095 751 4178 prorsus
774 4105 912 4186 ignorat.
962 4102 1049 4166 Cum
1073 4115 1246 4186 utrumque
1271 4107 1334 4170 nb·'
