2826 4936
364 479 453 536 ΗΒ.
482 479 535 534 lll.
579 479 612 538 C.
633 481 684 540 Ν.
726 480 752 550 i.
780 501 806 536 1.
1049 487 1107 554 1113

134 639 395 742 sequautur)
442 651 684 714 lleluetantibue
713 653 878 716 codicibus
909 647 1105 738 (liehdiger.

60 740 239 843 fineretur)
260 753 417 815 Vadimus
433 751 538 836 poluit
546 745 704 846 sequitur,
727 757 813 838 quod
830 768 953 838 praeter
971 771 1028 820 21.
1049 765 1108 834 28.

66 853 256 934 posteriorea
276 855 373 914 etiam
389 855 544 917 Vedianae
566 873 639 916 111111
655 857 822 927 adfinibue,
845 857 945 920 veluti
964 869 1021 936 3ο.
1047 869 1106 936 31.

68 965 131 1036 34.
155 967 215 1034 37.
241 969 440 1038 acceperunt.
503 955 557 1020 Eu
582 957 693 1040 utique
719 959 787 1030 hia,
830 957 916 1040 quod
944 956 1108 1022 offendere

68 1053 177 1136 poffit.
229 1057 263 1118 Si
278 1059 377 1128 enim,
403 1079 484 1141 quae
494 1050 682 1151 sequuntur,
707 1061 895 1122 adtractum
911 1059 1109 1122 maritimum

69 1173 102 1218 et
125 1159 293 1219 internum
318 1159 496 1242 pertinent,
529 1161 678 1222 ulteriora
704 1160 811 1224 versus
837 1163 915 1223 linea
940 1161 1109 1224 orientale·

69 1260 214 1326 denotat,
240 1259 296 1319 ubi
318 1261 361 1322 ell
380 1279 447 1322 non
464 1261 588 1332 villula,
620 1261 671 1324 led
692 1265 819 1334 Tanain,
848 1261 933 1324 Aliae
950 1263 1110 1344 Europae·

68 1379 135 1440 qne
149 1361 316 1423 terminon.
350 1363 403 1422 Vti
425 1365 512 1424 enim
529 1363 718 1426 Germaniae
736 1363 898 1448 subiungit
912 1365 1109 1434 Sarmatiam,

68 1465 113 1523 ita
130 1462 316 1525 Sarmatiam
341 1461 570 1546 subsequuntur
592 1461 686 1555 Afiae
704 1463 854 1558 confinia.
907 1463 1029 1548 Quodsi
1052 1465 1111 1550 igi·

68 1577 124 1623 tur
148 1562 280 1626 l'adiani
296 1569 432 1627 mutatio
453 1565 560 1628 locum
583 1565 712 1636 habeat,
748 1565 843 1628 verba
859 1585 940 1646 qnae
952 1557 1110 1656 sequitur,

69 1665 278 1727 Germaniam
293 1663 448 1746 spectant,
473 1667 523 1728 cui
541 1669 737 1730 contermina
753 1668 795 1731 eil
810 1668 971 1731 Sarmatia.
1009 1667 1111 1730 Senlit

68 1763 303 1836 difficulatem,
329 1787 424 1847 quam
440 1769 566 1853 vulgata
583 1770 679 1831 lectio
696 1769 816 1840 obiicit,
844 1769 940 1829 etiam
955 1767 1111 1854 Uphageu

68 1871 101 1930 in
125 1869 267 1952 parergis
290 1867 396 1932 hillor.
420 1889 453 1950 p.
470 1889 515 1932 m.
541 1869 623 1934 116.
649 1873 704 1952 qui
734 1869 772 1932 lic
799 1871 972 1932 tollendam
1002 1881 1110 1951 putat:

68 1970 193 2031 Melam
216 1969 298 2030 velle
319 1971 503 2034 Sarmatiam
527 1971 626 2034 modo
651 1971 753 2034 Visula
776 1971 855 2050 (fic)
880 1989 1012 2032 1111111111
1035 1969 1113 2032 Ger·

68 2073 198 2132 maniae
218 2073 308 2132 terrio
328 2073 362 2132 iu
384 2072 572 2134 occidentali
592 2073 663 2134 eiua
685 2076 753 2155 ripa
773 2073 835 2134 latia
860 2071 1002 2154 ultraque
1024 2071 1112 2134 hunc

68 2192 201 2234 amnem
220 2171 322 2233 [latim
343 2171 544 2254 [equentibus
561 2173 737 2238 discretam.
780 2175 894 2238 Potuit
913 2171 1002 2234 facile
1020 2173 1112 2235 libra·

71 2277 157 2344 rina,
183 2275 239 2354 qui
256 2271 376 2336 lenium
395 2293 462 2335 non
480 2275 657 2358 indagaret,
680 2277 762 2338 etin
779 2295 859 2359 quae
874 2275 1112 2336 nominativum

72 2371 271 2460 agmlceret,
305 2377 342 2436 ad
370 2393 509 2438 errorem
537 2375 650 2438 delabi.
715 2377 758 2439 tlt
783 2377 913 2438 alteram
939 2375 1113 2437 lectionem

72 2473 252 2538 constanter
275 2473 397 2538 servant
426 2479 561 2540 codicea.
621 2479 708 2540 Tum
734 2497 813 2539 vero
845 2475 1005 2539 oblaur'iua
1029 2477 1113 2538 inter

72 2581 161 2640 Aliae
184 2578 321 2638 eoufrnia
342 2591 374 2639 et
396 2577 546 2640 Villulam
571 2579 605 2640 ia
631 2577 694 2661 ipla
715 2579 867 2642 Sarmatia
892 2575 1114 2658 interpolitum

73 2679 132 2740 ell’e
149 2691 285 2738 tractum
301 2681 434 2749 indicat,
462 2699 534 2741 cum
553 2699 591 2741 111
612 2677 704 2742 lolito
723 2681 819 2742 etiam
840 2681 908 2741 eiua
927 2697 1018 2739 more
1036 2677 1114 2740 Ger·

74 2781 201 2840 maniae
216 2791 248 2840 et
264 2781 434 2842 Sarmatiae
451 2782 606 2842 terminon
627 2783 734 2866 potior
755 2781 955 2842 desideretur.
1007 2779 1050 2838 Et
1074 2777 1114 2840 iro

74 2895 161 2942 11111
183 2899 251 2962 cap.
276 2894 309 2959 3.
334 2881 379 2945 in.
406 2881 609 2944 Germaniam
641 2881 680 2942 ab
711 2884 834 2943 oriente
861 2879 1112 2941 Sarmaticarum

73 2979 214 3076 confinio
232 2985 592 3062 gentiumwermiuarat.
628 2981 679 3048 Cf.
699 2997 806 3044 tamen
828 2983 974 3064 proxime
993 2993 1114 3044 notata.

156 3181 193 3247 V
198 3181 244 3274 ist
253 3185 323 3246 zela
333 3183 350 3264 )
400 3183 437 3248 Δ.
462 3185 648 3250 Gronoviua
668 3205 707 3248 ex
729 3183 854 3248 MSStia
879 3181 940 3246 luia
962 3181 1115 3246 Mediola-

75 3285 167 3348 nenfi
187 3301 321 3368 excepto
342 3283 443 3348 adfert
465 3287 608 3383 lastaria,
634 3285 776 3378 Iustula,
803 3275 932 3376 Insula,
968 3283 1113 3378 Trislula.

75 3391 128 3450 De
146 3389 227 3448 meir
241 3388 335 3448 haret
361 3387 457 3450 Parii.
478 3408 506 3452 1.
528 3405 560 3454 2.
579 3401 611 3464 3.
636 3389 734 3450 Vatia.
753 3401 784 3466 3.
807 3385 888 3470 Lipl.
915 3385 999 3448 Gud.
1023 3387 1114 3470 Prag.

75 3487 220 3550 vindob.
243 3487 415 3574 llelrdiger.
434 3480 556 3582 insula5
582 3487 696 3552 Zalulc.
723 3489 823 3552 vatic.
845 3507 874 3552 1.
899 3485 1005 3550 Cibin.
1029 3505 1116 3567 prae·

78 3603 167 3652 terea
188 3587 362 3654 Mediolon.
384 3591 531 3654 Ciacoon.
549 3603 582 3654 et
598 3611 679 3654 rarr.
699 3605 756 3672 27.
778 3607 835 3668 19.
861 3586 1001 3682 Vistula.
1039 3585 1117 3648 Edi·

78 3696 187 3754 tiones
212 3711 239 3753 1.
262 3707 295 3754 2.
319 3705 353 3770 3.
378 3704 414 3774 4.
438 3703 471 3770 5.
497 3711 532 3772 9.
564 3681 762 3784 rr.iusula,·
798 3691 832 3754 6.
856 3705 890 3766 7.
916 3701 949 3766 8.
980 3707 1036 3751 10.
1058 3703 1115 3751 ¹2.

82 3809 141 3872 ¹3·
172 3803 229 3868 15.
259 3793 314 3855 16.
342 3809 398 3870 17.
429 3805 484 3871 18.
511 3809 569 3858 ao.
596 3809 653 3860 11.
680 3801 898 3872 1113111.
925 3789 1118 3866 13111111·

79 3917 151 3967 nae,
184 3894 396 3964 Olivarianae,
429 3895 598 3966 Schottua,
630 3889 772 3964 Volliur,
803 3891 961 3954 Gronuvii
985 3893 1019 3951 in
1041 3889 1116 3954 edd.

81 4009 142 4076 4ο.
166 4004 303 4080 41.41.
328 3989 461 4088 Visnln3
491 4007 545 4076 14.
573 4015 628 4076 19.
650 3997 793 4060 Viuetue.
817 3991 1018 4060 lleinoldine,
1041 3990 1117 4054 Abr.

81 4101 228 4162 Gronov.
255 4095 294 4156 ab
318 4099 370 4162 ed.
395 4107 456 4178 44.
483 4117 557 4160 cum
583 4099 694 4160 ceteris
721 4092 859 4188 Vssala.
910 4109 1115 4156 raecurcna.

80 4201 293 4266 scribendum
318 4219 387 4264 uon
409 4188 541 4296 Insula,
575 4197 627 4263 led
655 4195 701 4264 Vi
718 4197 786 4268 ala,
818 4193 887 4267 leo,
916 4193 1004 4278 quod
1028 4193 1117 4256 idern
