2826 4936
324 435 382 504 ⁸⁷·
616 419 863 478 rourourr
905 421 1065 480 Mense

320 597 539 663 emendatiore
559 593 663 658 editis.
716 595 775 657 ille
800 595 905 677 itaque
931 595 986 658 stc:
1023 595 1129 659 Herba
1151 589 1252 690 Isaris,
1273 595 1315 657 ahi

318 701 517 781 Angigaeme‚
544 697 723 776 Prophetae
743 693 890 787 Apefiorn
917 699 999 760 Itali
1019 699 1153 773 Alteram,
1177 700 1226 760 atii
1239 695 1315 759 herba

319 800 450 864 birrum.
501 796 711 862 Scribendum
734 817 829 860 vero:
864 795 975 860 Herba
991 792 1102 891 Isaris.
1143 801 1204 864 Ata
1224 800 1315 880 Augia-

319 925 399 972 nem,
415 903 592 982 Prophetae
606 895 748 989 Arrfiou,
763 899 847 959 Itali
861 899 993 972 Rotam,
1012 901 1068 962 atti
1082 901 1198 963 herbam
1210 903 1315 962 nitran.

317 1007 390 1069 Alio
415 1021 542 1096 quoque
565 1005 699 1062 nomine
721 999 857 1092 glastum
880 1003 1053 1063 vocabatur
1073 1003 1146 1066 haec
1164 1003 1266 1073 herba,
1293 1015 1317 1062 et

317 1107 358 1168 nc
379 1105 502 1166 Piinius
526 1121 582 1174 tta,
609 1122 639 1166 t.
693 1103 805 1182 Inepte
830 1121 907 1164 vero
933 1105 1099 1168 Salmasius
1122 1101 1177 1193 [ad
1194 1105 1315 1167 Solinnn

316 1228 350 1290 p.
372 1227 416 1269 nt.
439 1199 541 1289 reo]
567 1219 600 1266 et
620 1205 682 1264 hoc
704 1204 780 1264 loco
801 1216 833 1264 et
854 1204 973 1285 ubique
990 1225 1047 1287 pro
1071 1205 1170 1301 glasto
1188 1207 1266 1268 iubet
1283 1223 1317 1264 re

315 1309 394 1391 poni
417 1305 573 1400 guastum,
598 1324 715 1384 nempe
737 1305 808 1386 quia
830 1306 929 1388 vulgo
949 1305 1038 1367 iiatin
1058 1308 1192 1388 paredum
1213 1317 1316 1368 vocant.

317 1411 394 1470 Non
417 1409 480 1470 hoc
501 1408 546 1468 iili
571 1405 746 1478 excidiiiet‚
773 1404 966 1477 sisciviiiet‚
1001 1409 1133 1472 herbam
1154 1409 1227 1470 hanc
1245 1420 1317 1468 retus

315 1510 408 1572 snum
434 1529 555 1572 nomeu
581 1511 757 1570 etiamnum
785 1505 903 1570 servare
925 1510 1009 1592 apud
1033 1509 1316 1574 Cambrobritsnnor.

316 1611 411 1694 Apud
433 1611 492 1674 hoe
513 1611 599 1672 enirn
619 1608 765 1690 frequens
789 1607 832 1668 eii
853 1608 975 1672 iiaticlis
996 1625 1187 1692 proventus,
1217 1627 1246 1674 et
1263 1609 1317 1690 gos

315 1713 497 1794 appellatur.
549 1713 638 1794 Quin
665 1725 699 1772 et
725 1711 908 1772 coeruleum
935 1713 1081 1774 colorem
1112 1715 1244 1776 timiiiter
1263 1711 1318 1792 gns

313 1828 442 1876 vocant.
495 1813 596 1874 Medii
620 1813 690 1874 aevi
714 1811 881 1874 Germanis
909 1813 1013 1894 plaute
1038 1815 1117 1877 haec
1135 1814 1234 1908 geisso
1253 1814 1318 1873 dictt

312 1911 384 1976 init.
435 1915 488 1977 Sic
503 1915 591 1975 enim
605 1914 725 1974 habeut
738 1933 836 1973 manu
851 1928 973 1976 exarata
992 1918 1180 1998 exemplaris
1194 1915 1317 1980 suauis

312 2017 367 2097 qni
400 2015 455 2076 iub
490 2015 589 2076 Macri
618 2017 753 2076 nomine
779 2015 842 2076 iam
874 2013 994 2098 saepius
1018 2019 1051 2078 in
1081 2019 1186 2080 lucem
1209 2015 1317 2100 prodiit:

312 2109 416 2206 Isaris
432 2139 452 2176 a
472 2116 599 2178 Graecis
622 2115 665 2206 fi
685 2116 782 2194 vulgo
802 2115 918 2208 Geisso
937 2131 1065 2188 vocata,
1090 2119 1168 2181 Non
1188 2117 1316 2180 modicum

311 2215 470 2308 qoassom
490 2215 640 2295 praebens
658 2213 847 2277 tinctoridus
867 2215 972 2280 herba.
999 2239 1144 2282 vosstvs.
1191 2223 1262 2283 Sunt
1275 2217 1316 2300 igi·

309 2331 377 2386 tur,
404 2319 489 2400 quod
508 2339 545 2380 ex
566 2319 697 2400 prolixis
719 2317 989 2398 disputationibus
1008 2321 1155 2398 virorum
1176 2323 1316 2383 doctorum

309 2421 506 2504 intelligitur.
533 2422 636 2482 variae
653 2420 692 2480 de
712 2418 899 2480 restituenda
921 2439 994 2482 vers
1010 2403 1149 2486 lectione
1163 2422 1313 2484 sententiae.

310 2522 498 2602 Corruptam
521 2523 607 2584 enirn
631 2523 664 2580 in
686 2519 775 2582 libris
792 2538 906 2582 vocem
927 2519 1017 2594 ferri,
1053 2544 1153 2586 nemo
1174 2521 1313 2586 dubitavit·

308 2623 364 2686 etsi
383 2635 414 2683 et
430 2622 519 2692 aiibi,
546 2623 647 2684 veluti
663 2624 696 2682 in
714 2620 841 2682 Caesare
858 2641 884 2685 c.
901 2623 922 2683 l.
949 2625 1005 2704 qui
1021 2625 1109 2686 idem
1124 2624 1231 2696 refert,
1251 2623 1316 2683 nitro

309 2739 342 2786 et
358 2724 442 2784 ultra
466 2743 504 2784 ex
527 2723 616 2786 libris
635 2735 726 2786 notat
743 2725 841 2784 etiam
857 2722 1124 2808 Oudendorpius.
1158 2727 1211 2809 ipfi
1230 2741 1317 2786 tamen

307 2827 495 2906 interpretes
518 2827 550 2886 in
574 2824 693 2886 diversa
709 2823 845 2894 abeunt,
870 2838 903 2885 et
919 2827 1003 2886 inter
1020 2827 1116 2898 iuteo,
1143 2829 1218 2898 loto,
1240 2828 1316 2890 tarro.

306 2930 400 2996 nitro,
425 2929 512 2988 vitro
536 2939 684 3010 aguntur.
738 2923 879 3017 Giaflum
895 2941 1052 3007 praeterea
1069 2930 1185 3010 probat
1197 2926 1318 2990 Bourde

305 3028 404 3088 latius
428 3029 466 3088 ati
491 3027 659 3089 Heliodori
674 3023 832 3107 ‘Aethiop
856 3025 911 3090 lib.
936 3047 964 3090 ι.
987 3050 1019 3110 p.
1044 3043 1099 3109 ιδ.
1156 3029 1245 3092 Virro
1264 3023 1319 3110 post
1378 3037 1379 3044 ’

305 3129 512 3191 Ciacconium
543 3142 575 3189 et
607 3129 873 3208 Oudendorpium
904 3131 1055 3210 praetulit
1087 3133 1183 3193 etiam
1215 3129 1318 3194 Moru&

303 3230 376 3310 qnia
393 3231 427 3288 in
446 3228 571 3291 Graecis
585 3231 732 3290 reddatur
749 3223 908 3310 γλαστόν.
949 3233 1100 3314 Aruplexi
1116 3231 1186 3293 sunt
1201 3231 1318 3292 eandem
1378 3209 1379 3233 ¹

302 3349 418 3391 vocent
437 3329 613 3392 Germanus
635 3333 672 3392 ad
695 3330 805 3412 virgil.
821 3349 847 3390 c.
871 3329 892 3392 i.
923 3331 1048 3396 Salmas.
1076 3336 1114 3394 ad
1137 3335 1236 3396 Solia.
1256 3351 1279 3392 s.
1299 3331 1317 3389 i.

301 3431 467 3493 Fontanus
491 3433 523 3491 in
545 3431 802 3494 auctar.G10iiar.
826 3430 926 3512 prisco
947 3433 1025 3494 Gali.
1043 3454 1124 3497 voce
1142 3425 1269 3523 Giaffus,
1292 3443 1318 3491 et

302 3533 506 3594 Carnbdenus
522 3536 555 3593 in
572 3534 733 3594 Britannia
754 3532 809 3592 lib.
830 3553 859 3596 r.
879 3555 909 3614 p.
927 3554 971 3596 m.
991 3545 1024 3611 8.
1051 3527 1316 3617 (Arnstei.1646.)

299 3653 378 3716 quae
393 3648 425 3694 et
442 3635 495 3694 hic
517 3635 580 3696 ieri
599 3635 833 3695 immutationis
853 3653 914 3715 ope
938 3631 1029 3697 facile
1049 3639 1183 3698 adridet.
1221 3633 1316 3696 Praxi·

235 3723 238 3732 λ
298 3755 352 3794 rue
375 3735 411 3794 ad
436 3755 541 3796 veram
565 3735 645 3796 hanc
667 3733 849 3816 scripturam
872 3737 992 3796 accedit
1012 3738 1101 3800 locus
1123 3741 1155 3798 in
1181 3734 1313 3797 iiarcelio

297 3836 337 3897 de
354 3836 520 3898 medicam.
545 3856 612 3918 cap.
630 3851 687 3914 23.
704 3858 736 3916 p.
756 3833 838 3914 346·
861 3837 923 3914 (ed.
941 3838 1066 3920 Steph.)
1090 3841 1146 3920 qui
1163 3841 1200 3900 iic
1215 3836 1314 3898 habet:

296 3934 409 4005 herba,
444 3956 538 4016 qrram
567 3959 625 4000 nos
651 3951 773 4006 utrum,
812 3937 923 3998 Gracci
950 3931 1078 4002 iadrtdn
1105 3953 1234 4008 vorarit,
1259 3953 1315 4020 quo

297 4030 469 4126 infectores
501 4049 646 4100 atteratur.
699 4035 866 4119 Descripsit
899 4031 1027 4102 ἱσᾶτιδα
1062 4041 1217 4103 oribaflus
1243 4059 1268 4101 c.
1294 4037 1312 4094 l·

295 4141 458 4219 quamvis,
491 4153 527 4200 ut
548 4139 600 4200 aiii
619 4151 743 4202 veteres
764 4140 880 4201 merlini
901 4155 1025 4221 praeter
1050 4143 1250 4210 Marcellum,
1279 4139 1313 4198 de
