2826 4936
302 452 303 462 ,
350 401 438 458 Ltu.
467 403 519 458 ΠΙ.
564 401 596 458 C.
619 403 654 464 V·
698 402 724 472 d·
747 413 777 472 5.
800 399 829 460 6.
1047 415 1107 484 ²²⁹

64 575 166 638 etiam
188 575 267 660 legit
289 575 321 636 in
337 563 483 666 subiecta
504 595 544 638 ex
566 575 639 638 nidi
661 575 908 658 exemplaribus,
944 575 995 639 cui
1020 571 1107 642 iavet

64 680 198 759 antiqua
216 677 311 738 lectio
327 677 365 738 V.
381 675 420 740 C.
442 677 475 737 in
489 668 635 768 subiecta
653 669 782 768 casurus
800 677 1104 770 est.ctn‹:c0u1ve.

65 777 217 841 Subiecta
239 779 310 838 vuit
324 777 509 850 Pintianue,
536 792 572 839 ut
588 778 656 839 loca
673 781 866 842 exaudiatur.
911 780 1001 842 Idem
1018 781 1108 842 ouda

64 877 173 965 legiffe
195 879 334 942 ridetur.
382 875 450 968 [lta
465 899 583 962 nempe
599 895 694 942 notae
711 875 907 966 praeponit]
948 883 1018 968 Ego
1036 883 1107 944 vul·

67 997 175 1066 gatarn
197 981 380 1044 lectionem.
414 999 595 1044 rcuo'rrve.
648 981 854 1044 correximus
875 982 953 1044 haec
972 984 1105 1046 anctori-
1130 1029 1133 1039 .

64 1095 132 1145 tate
149 1073 295 1144 veterum
311 1083 475 1154 codicum,
502 1096 535 1144 et
548 1083 588 1144 fic
607 1083 783 1166 postulante
802 1081 965 1148 sententia.
1007 1085 1107 1150 Paulo

63 1185 135 1268 post
158 1183 253 1246 scribe
269 1205 308 1244 ex
325 1183 440 1245 iiedem
456 1183 563 1246 librir:
591 1177 693 1274 semet
714 1177 780 1274 ipse
788 1181 863 1275 fine
878 1185 968 1246 alueo
983 1177 1107 1275 ferens.

64 1305 211 1348 rosarre.
262 1285 352 1348 Bene
377 1285 415 1346 fic
442 1287 550 1348 omnia
575 1305 650 1346 cum
683 1285 770 1347 libris
794 1287 983 1368 procedunt.
1034 1287 1109 1352 Pon

64 1387 209 1450 Vindob.
226 1385 382 1458 declinat,
405 1399 437 1448 et
453 1387 526 1450 edd.
544 1398 577 1464 u.
597 1399 653 1465 15.
676 1399 730 1464 17.
753 1405 810 1450 eo.
829 1401 886 1467 23.
908 1387 1005 1450 unda.

147 1587 319 1670 ingeris)
355 1590 402 1650 Ita
421 1603 440 1664 7
460 1589 551 1653 MSS.
567 1589 605 1652 A.
623 1587 791 1660 Gronovii,
817 1603 849 1652 et
865 1589 1006 1673 plerique
1020 1607 1109 1654 meo·

64 1711 157 1762 rum,
184 1693 218 1752 in
246 1691 362 1772 quibus
389 1691 489 1783 codex
514 1689 778 1776 Augustinorum
819 1692 927 1754 Cibin.
953 1693 1110 1771 ingenui,-

65 1795 163 1877 Prag.
189 1795 318 1874 iugerum
350 1789 533 1854 Parifieniee
564 1793 664 1873 iugeri
692 1791 832 1855 hebuiffe
858 1793 1024 1864 videntur,
1059 1794 1109 1854 uti

66 1895 162 1957 dedit
180 1889 305 1956 Voffius
323 1907 354 1955 et
375 1893 450 1954 hinc
470 1893 630 1954 Gronovii
645 1893 683 1954 ad
701 1895 777 1956 edit.
795 1905 854 1975 42.
879 1915 953 1956 cunr
969 1911 1058 1956 antea
1074 1907 1108 1956 et

65 1995 137 2080 post
154 1991 289 2057 ferretur
310 1995 432 2075 ingeris.
478 1993 530 2058 cf.
547 1995 586 2056 de
604 1995 662 2057 hac
678 1991 778 2056 forma
792 2009 915 2078 praeter
932 1979 1108 2058 Graeviunr

68 2099 263 2160 Garatoniue
278 2101 316 2157 ed
332 2097 435 2158 Cicer.
453 2095 486 2156 in
505 2097 626 2158 Verrin.
644 2111 674 2176 3,
694 2109 754 2178 47.
781 2096 836 2156 ubi
854 2109 885 2158 et
901 2097 986 2158 hunc
1004 2097 1107 2159 Melae

67 2201 179 2262 locum
212 2199 379 2282 adlegavit.
432 2197 558 2259 Eodem
587 2217 664 2260 vero
695 2199 799 2260 iudice
831 2213 953 2280 praeter
984 2197 1109 2260 verium

68 2319 226 2362 numerue
247 2301 409 2382 singularis
434 2299 473 2358 ad
498 2293 666 2370 seeundum
691 2300 937 2362 declinationem
959 2301 1109 2362 flectitur.

67 2405 162 2462 Inter
177 2414 349 2482 utrumqne
365 2401 503 2462 varietur
519 2401 614 2462 etiarn
630 2401 663 2460 in
681 2400 795 2462 Curtio
815 2413 846 2478 5,
870 2420 899 2470 ι,
918 2401 975 2464 26.
1010 2403 1111 2462 Datur

68 2505 170 2586 igitur
196 2503 271 2564 haec
295 2499 398 2564 forma
423 2501 591 2574 codicibus¹
609 2515 642 2564 et
662 2503 804 2584 poeticae
829 2499 951 2565 formae
976 2499 1110 2564 studioso

70 2605 189 2666 Melae.

139 2797 271 2898 semet
296 2805 308 2867 i
313 2829 336 2886 p
336 2795 367 2898 s
365 2829 381 2866 e
386 2803 405 2888 )
445 2806 491 2868 ita
509 2799 649 2869 Voifiani
672 2805 796 2868 codices
811 2805 949 2886 meique,
971 2803 1110 2888 exceptit

70 2905 156 2972 forte
184 2910 293 2968 venet.
319 2923 352 2968 et
375 2909 481 2972 Havn.
532 2910 614 2970 Edd.
639 2929 666 2970 1.
688 2923 720 2970 2.
747 2925 781 2986 9.
808 2899 964 2994 ipsorum,-
990 2921 1110 2970 ceterae

73 3003 196 3102 ipsum,
224 3011 303 3068 dnm
328 3005 451 3071 Voffiue
470 3029 509 3070 ex
530 3009 617 3071 libris
636 3007 694 3070 soie
716 3007 891 3090 praeiviiiet
907 2999 989 3098 ipse.
1023 3007 1111 3089 quod

71 3133 112 3174 ex
133 3113 205 3194 iege
222 3097 429 3191 obpofitionie
452 3109 504 3171 hie
524 3114 616 3172 unice
635 3131 746 3170 veroni
763 3109 815 3170 eii.
854 3111 905 3170 Sic
920 3129 975 3190 per
991 3129 1111 3170 nexum

75 3229 110 3292 3,
129 3225 163 3290 g,
187 3231 240 3272 to.
264 3225 349 3272 reete
370 3213 513 3272 Phoenix
524 3209 593 3302 flet
609 3201 834 3301 ipsaittenbat,
857 3223 889 3272 et
904 3203 978 3302 ipsa
986 3201 1025 3300 se
1041 3231 1112 3272 con·

73 3317 168 3394 cipit.
197 3311 248 3376 Cf.
269 3311 355 3394 supra
371 3314 408 3372 ad
425 3317 452 3391 §.
468 3330 499 3378 2.
525 3313 581 3372 nbi
595 3315 690 3374 etiam
707 3315 856 3374 variatur.
891 3315 978 3372 Turn
994 3326 1024 3372 et
1039 3325 1112 3372 ante

73 3418 169 3498 aquis
183 3415 299 3474 excidit
324 3417 355 3474 in
374 3415 481 3476 Cibin.
499 3413 614 3496 etpost
627 3407 744 3500 fluens.
771 3413 926 3494 quaedam
945 3414 1112 3482 editionet,

75 3519 125 3578 uti
144 3531 179 3595 8.
199 3535 256 3579 tr.
277 3517 388 3578 maiori
401 3515 488 3600 signo
504 3515 718 3600 distinguunt5
742 3517 851 3577 minue
865 3529 949 3598 apte.

243 3719 272 3796 §.
303 3717 336 3782 6.
392 3715 569 3800 Cyrus)
620 3717 720 3780 vatic.
741 3729 772 3797 5.
796 3711 890 3780 Paris.
918 3729 950 3780 Ω.
980 3711 1115 3799 Cyriuse
1226 3719 1232 3748 ⁹

75 3819 168 3905 Prag.
191 3819 305 3892 cirion·
339 3819 423 3880 Gud.
452 3819 634 3882 vindobon.
660 3819 733 3882 edd.
753 3833 809 3898 30.
837 3833 894 3898 32.
920 3831 978 3896 57.
1007 3818 1113 3881 Ciros.

77 3927 129 3987 Sic
149 3921 219 4004 post
236 3925 359 3984 codices
374 3921 501 4002 quidam
516 3935 550 3982 et
565 3923 724 3984 editiones
742 3911 921 4009 (lambiseu
946 3939 1005 4000 qua
1025 3919 1114 3980 litere
1170 3907 1178 3928 '

77 4041 249 4106 utrumque
266 4025 356 4085 effert
372 4025 469 4086 etiam
481 4021 646 4086 Boccutiue
662 4023 701 4082 de
717 4021 902 4104 fluminibue
919 4019 951 4082 h.
967 4041 999 4083 v.
1028 4017 1113 4080 Gud.

77 4125 170 4211 Prag.
199 4119 384 4216 Cambiffis.
425 4126 479 4189 Gr.
504 4121 611 4214 Κῦρος
634 4125 708 4206 (ersi
730 4123 869 4207 quidam,
894 4135 931 4183 ut
948 4121 1011 4184 Dio
1035 4115 1114 4184 Cess'.

123 4245 223 4322 uomp.
243 4245 337 4302 tuen
366 4243 405 4301 1..
425 4243 479 4300 ιιι.
770 4225 784 4286 1
