2792 4940
371 413 460 470 ΗΒ.
489 414 526 468 11.
575 411 668 470 on.
710 413 789 492 §.9-
1042 421 1100 492 tit

59 587 261 669 pinqmrum.
298 603 502 650 rtnrurrvr.
554 586 733 670 Ectynnta
753 619 803 636 -
825 587 878 650 elii
898 587 932 648 in
954 575 1102 678 Oesyrna,

60 691 106 747 eiii
128 691 223 750 aliter
246 703 427 758 mutamur,
456 687 506 750 led
529 707 642 750 omnee
666 690 786 772 inepte.
838 690 917 752 Vere
936 687 979 750 ell
996 689 1102 760 lectio.

59 810 147 870 qnam
171 791 343 853 dedimus.
410 789 566 851 Meminit
596 790 692 852 huiue
719 791 831 873 oppidi
859 790 1042 854 Heracliden
1067 791 1103 852 in

61 892 193 972 politiis,
223 883 281 975 [p.
310 903 420 969 2832.
441 892 476 952 iu
497 890 641 954 Gronov.
667 889 745 954 thel.
767 891 838 954 Vol.
861 885 914 978 6.]
943 893 997 973 qui
1024 893 1104 954 dicit

60 995 122 1054 eius
143 993 273 1054 incolae
296 993 377 1054 odeo
404 991 588 1054 enruribur
612 987 770 1054 infestatoe
792 987 897 1064 inill'e,
932 1007 967 1052 ut
988 993 1102 1055 relicto

59 1095 124 1154 loco
139 1094 307 1164 Cleonae,
337 1093 483 1156 ricinum
507 1093 678 1176 oppidum,
704 1093 908 1156 exttnnertnt
927 1107 958 1156 et
980 1093 1102 1156 inbebi·

59 1197 154 1258 tarint.
198 1197 327 1256 verum
348 1213 451 1276 neque
466 1197 548 1276 apud
570 1195 661 1256 illum
676 1211 760 1256 recte
776 1196 807 1256 id
824 1195 1017 1256 vocabulum
1035 1193 1103 1257 ltrl·

62 1297 153 1356 initur:
187 1284 374 1384 Ἐλύμνιον
396 1297 484 1356 enim
500 1295 599 1380 vulgo
619 1297 734 1378 legitur
753 1315 810 1378 pro
825 1287 1005 1384 Ἐχύμνιον
1050 1299 1100 1360 De

59 1397 170 1459 direrla
187 1411 306 1458 autem
322 1395 383 1458 hec
400 1397 624 1458 terminatione
643 1401 705 1458 iant
722 1399 808 1460 alibi.
837 1417 978 1460 rotetur.
1029 1397 1104 1458 Pin·

59 1503 153 1561 titum
170 1513 208 1560 et
234 1498 294 1558 hic
310 1497 469 1560 violentae
486 1518 598 1559 manne
617 1499 719 1560 Melae
742 1499 843 1558 inlicit
858 1515 890 1560 et
912 1519 950 1560 ex
968 1497 1104 1560 libidine

57 1603 194 1685 adfingit.
252 1597 365 1660 Potell
382 1612 492 1660 auctor
510 1597 617 1660 erralie
636 1602 669 1660 in
689 1601 834 1662 locorum
852 1601 921 1668 stur,
947 1619 1019 1661 curn
1035 1615 1104 1662 nou

56 1699 170 1784 semper
196 1703 235 1760 in
259 1700 315 1762 hie
330 1715 456 1762 veteres
479 1701 631 1764 constent.
682 1701 723 1764 At
744 1715 777 1763 et
798 1721 837 1762 ex
853 1701 948 1760 dultia
965 1701 1104 1762 lectione

57 1795 187 1892 Oesyrnn
215 1801 420 1862 emendandi
444 1799 565 1862 ceulam
586 1803 685 1885 petit,
718 1822 797 1884 quae
815 1815 848 1866 et
872 1799 968 1883 ipsam
990 1803 1105 1864 erroro

56 1903 297 1964 eenrintionem
322 1901 454 1962 dubiam
477 1903 582 1964 reddit
603 1917 636 1964 et
660 1903 812 1984 iniquam.
866 1903 979 1985 Neque
997 1921 1103 1965 temen

56 2003 150 2066 i'offii
164 2007 252 2066 ratio
273 2001 430 2063 satistuto
451 2001 494 2064 est
514 2017 546 2065 et
561 2019 655 2066 certa.
708 2005 792 2067 Cum
809 2005 897 2066 enirn
914 2005 1103 2086 Ecdymuia,

55 2109 140 2184 quod
165 2105 329 2187 equidem
364 2101 473 2174 iciam,
507 2107 681 2166 enemine
712 2119 998 2174 commemoretur.
1033 2119 1104 2167 tum

54 2197 207 2294 Ἐλύμων
235 2207 306 2288 (ita
327 2205 416 2266 enirn
441 2200 507 2286 ibi)
536 2205 711 2268 Heraclidit
732 2227 797 2266 uon
820 2207 877 2268 nili
900 2203 976 2266 fecte
1002 2223 1104 2268 tunta-

56 2311 144 2370 tione
167 2309 236 2368 huc
261 2305 348 2366 trahi
364 2305 483 2388 potest,
512 2306 566 2368 etfi
582 2325 621 2366 ex
643 2327 728 2368 nexu
748 2309 821 2368 litus
835 2327 899 2368 uon
923 2309 1045 2370 alienne
1065 2307 1104 2370 ab

57 2409 211 2471 hocloco
240 2409 386 2469 videtur.
445 2407 541 2488 Quod
565 2409 654 2468 enirn
678 2409 822 2468 vicinum
846 2409 1002 2490 oppidum
1027 2409 1105 2472 dicit

61 2505 192 2580 Volfiue,
224 2507 299 2591 ipsi,
323 2529 391 2591 non
409 2507 567 2568 Heraclidi
587 2508 731 2572 debetur.
768 2509 844 2570 Athi
862 2523 966 2570 ternen
987 2511 1106 2572 montio

59 2611 166 2673 orbern
192 2609 384 2691 Elymnion:
408 2609 581 2670 Heraclidie
602 2608 708 2670 censet
729 2611 825 2672 etiarn
850 2609 989 2672 Orteliue
1012 2611 1044 2672 lt.
1068 2631 1102 2672 v.

57 2713 162 2774 Nimio
187 2710 280 2774 forte
301 2723 463 2771 remotum
490 2707 525 2769 stt
547 2709 586 2771 de
610 2711 889 2782 Ctntcidenfibue,
920 2713 974 2792 qui
995 2711 1104 2774 relicto

55 2817 188 2894 Elymia
209 2811 354 2875 Cleonae
372 2811 595 2880 condiderunt,
621 2811 642 2872 st
661 2813 732 2894 quie
746 2813 782 2872 ad
800 2813 913 2892 Elyma
929 2813 1106 2874 Ptolemaei

56 2931 87 2994 5,
115 2929 177 2992 15.
209 2915 245 2974 in
261 2911 450 2974 Macedonia
468 2909 575 2972 versuo
597 2913 728 2974 lonium
747 2931 832 2974 mare
848 2911 970 2976 reserat.
1010 2913 1105 2974 Livio

55 3033 112 3092 51·
135 3029 206 3095 4⁰·
236 3015 285 3072 in.
318 3025 351 3074 et
372 3025 431 3089 42,
454 3023 511 3090 55,
529 3023 571 3102 5.
609 3027 642 3073 et
662 3024 722 3093 45,
749 3030 805 3084 αι,
829 3026 863 3091 5.
883 3015 1019 3082 Ennea,
1051 3013 1130 3103 eti,

54 3119 185 3178 codices
212 3114 353 3174 minime
370 3113 407 3172 ab
429 3115 518 3174 omni
537 3126 624 3194 parte
648 3113 859 3183 consentiunt.
893 3113 943 3174 led
969 3133 1028 3176 nec
1050 3115 1106 3198 ipli

54 3233 230 3284 ructares,
264 3215 314 3272 uti
335 3214 451 3274 docent
471 3215 534 3273 *iri
559 3215 642 3276 docti
660 3217 697 3274 nd
714 3216 785 3276 Liv.
806 3229 863 3293 5¹·
885 3227 945 3294 lto.
963 3217 1007 3276 in.
1061 3217 1107 3280 lte

56 3319 167 3401 liquis
187 3317 231 3376 ad
247 3315 421 3376 remotiora
436 3327 592 3386 excurrat,
620 3313 774 3378 lnbfillere
794 3311 887 3398 pollit
908 3318 940 3376 iu
957 3317 1107 3398 Elyrrnrio

54 3421 219 3482 Euboeae
253 3412 351 3474 insule
382 3435 456 3476 cum
490 3415 568 3476 urbe
601 3417 805 3500 cognomini.
840 3435 905 3498 quo
932 3417 1107 3480 Heraclidis

55 3521 253 3604 Hymrrium
279 3517 371 3576 unice
393 3517 490 3577 etiem
511 3515 652 3578 referunt
669 3516 834 3578 lierlteliue
849 3518 886 3578 ati
908 3519 1107 3599 Stephanum

55 3645 82 3704 p.
109 3632 214 3704 343.
247 3629 283 3677 et
303 3616 444 3679 Holllen.
466 3637 497 3698 p.
527 3631 607 3696 113.
661 3619 716 3678 ille
745 3621 842 3679 etiarn
867 3619 981 3680 reiecta
1011 3615 1108 3680 Vollti

55 3727 225 3806 opinione
251 3719 287 3777 in
311 3715 415 3778 nolito
440 3731 565 3780 auctore
590 3718 678 3778 malit
698 3719 801 3802 legere
823 3718 1021 3800 Elymnion,
1056 3741 1107 3802 pa·

55 3846 123 3886 rum
149 3837 309 3888 memor,
340 3832 492 3899 quantum
517 3819 658 3881 locorum
687 3817 796 3882 seriem
820 3821 964 3882 dieiiciat.
1013 3821 1108 3902 Equi·

1 3999 2 4006 ἵ
55 3927 125 3988 dem
145 3917 472 4002 retiquiEclzymnia.
495 3919 574 3982 dum
590 3922 732 3992 certiora.
752 3941 831 4004 quae
846 3923 959 4005 reponi
975 3917 1106 4004 poffint,

56 4027 264 4092 tdfmntur.
