2794 4954
384 433 475 491 tto.
506 437 544 490 u.
586 435 620 492 c.
643 437 668 490 1.
710 436 735 504 s.
762 455 788 490 t.
1073 451 1110 494 n

84 621 159 680 tout,
185 628 223 671 ex
243 607 413 671 Herodoto
436 601 673 672 evidentilstme
690 612 725 672 in
743 609 960 692 Melpomene.
988 598 1040 696 [c.
1062 602 1108 695 l.]

86 731 272 774 rtnrtauvs.
325 711 494 774 Pintianus
519 703 717 801 inceffiamve.
770 713 904 794 Propius
927 729 944 771 a
964 727 1044 772 vero
1065 711 1112 772 in·

85 814 255 876 tricinium.
290 811 378 895 Lege
396 812 598 874 Macrobium
617 829 649 883 α,
677 827 733 891 15.
758 815 895 878 Somnii.
930 830 1110 876 scuor‘rvs.

86 917 217 996 Plerique
241 915 397 984 Codices,
425 916 459 975 in
486 915 601 996 quibus
622 917 772 978 meliores
800 913 986 999 praeferunt
1009 915 1113 975 inten-

87 1017 228 1086 dentium,
262 1017 351 1097 quod
376 1028 410 1077 et
438 1015 597 1080 efficacius
620 1019 751 1101 videtur
774 1021 809 1078 in
828 1019 971 1079 oratioue
995 1014 1112 1087 Melae,

87 1117 225 1198 limulque
240 1119 278 1178 ad
299 1115 406 1178 visum
422 1131 455 1180 et
470 1119 622 1181 incsffum
642 1120 791 1202 pertinet,
818 1119 873 1180 etii
891 1117 971 1178 illud
990 1115 1112 1180 necell'e

85 1241 141 1281 non
160 1221 203 1280 su.
252 1219 319 1282 Sed
337 1217 488 1282 strictiora
503 1221 596 1292 dabo,
622 1242 702 1302 quae
720 1219 817 1283 fustus
837 1221 877 1282 de
897 1219 955 1280 bac
975 1219 1113 1282 lectione

86 1320 215 1382 disseruit
240 1318 406 1381 Kiricbius
437 1341 464 1384 c.
492 1322 515 1386 l.
570 1318 621 1385 Ti
646 1322 858 1384 incedentium
883 1321 1117 1402 interpretatio·

86 1443 150 1484 nem
168 1424 295 1484 alterius
316 1423 407 1482 verbi
430 1423 490 1484 elle
511 1437 602 1507 putat
622 1424 660 1486 ab
682 1424 815 1486 homine
836 1420 1027 1505 prolectam,
1057 1421 1115 1503 qui

86 1538 133 1583 aut
160 1543 369 1585 communem
403 1524 500 1588 huius
529 1525 619 1586 verbi
641 1523 738 1586 ulum
769 1538 824 1587 aut
853 1523 1116 1606 Pomponianum

87 1640 160 1686 certe
183 1627 340 1710 igoraret3
377 1625 495 1686 Melam
527 1629 615 1688 euim
640 1626 766 1689 tendere
792 1628 833 1689 de
860 1639 977 1688 conatu
1002 1626 1114 1696 eundi,

87 1725 302 1809 proficiscendi,
328 1727 461 1789 volandi
481 1729 515 1788 in
535 1729 651 1791 alienas
670 1731 820 1812 regiones
840 1726 1000 1798 adbibere,
1025 1739 1063 1787 ut
1083 1740 1115 1806 5,

94 1847 140 1896 ro,
163 1841 194 1906 3.
222 1843 253 1906 3,
278 1841 315 1906 8,
339 1845 375 1907 9.
424 1829 595 1892 Intendere
610 1830 693 1890 nihil
712 1831 798 1892 aliud
815 1829 885 1900 elle,
911 1849 1006 1910 quarn
1029 1829 1117 1890 ultra

90 1928 214 1998 tendere,
247 1929 337 2011 quod
359 1949 457 2010 aeque
476 1930 626 2013 potuiffet
647 1933 771 2000 dicere,
804 1933 945 2012 adeoque
963 1929 1117 2012 composa·
1206 1983 1216 1996 ,

90 2045 152 2089 tum
174 2029 319 2112 simplicis
347 2027 630 2104 vicariatione,
671 2033 722 2093 uti
743 2034 828 2116 apud
851 2035 984 2094 Terent.
1017 2032 1115 2093 Andr.

96 2146 124 2199 a,
147 2145 173 2201 2,
196 2134 228 2195 6.
274 2132 382 2194 Cicer.
406 2133 447 2193 de
469 2149 536 2198 nat.
560 2136 659 2197 Deor.
687 2153 715 2206 ι,
742 2150 798 2196 ao.
826 2132 966 2195 incedere
984 2129 1043 2194 elle
1067 2153 1119 2194 ex·

94 2233 186 2314 pedite
206 2247 237 2294 et
259 2235 328 2294 fine
351 2234 585 2316 impedimento
607 2237 738 2298 ulterius
763 2255 906 2320 pergere.
958 2235 1117 2315 Denique,

92 2353 155 2394 nam
169 2335 215 2394 illa
232 2337 361 2417 potiora
379 2336 530 2397 videntur
550 2351 583 2400 et
597 2340 726 2420 aptiora,
753 2335 926 2400 sententiae
947 2334 1047 2398 caulas
1070 2331 1120 2398 bis

93 2439 269 2518 argumentis
298 2439 449 2498 conficit:
504 2441 538 2517 a)
570 2441 605 2499 in
637 2440 731 2502 codd.
758 2441 896 2520 antiquis
919 2438 997 2498 baec
1024 2437 1122 2502 lectio

94 2537 208 2598 inventa
226 2538 287 2611 ell;
325 2540 362 2615 c)
384 2539 426 2599 est
443 2537 619 2612 difficilior3
654 2543 693 2618 5)
715 2540 857 2600 admittit
871 2538 946 2600 ulus
966 2538 1057 2600 verbi
1077 2541 1124 2600 in·

97 2638 203 2697 arridere
222 2639 380 2722 vulgaris3
406 2634 447 2718 4)
467 2641 607 2702 admittit
621 2639 693 2702 ulus
711 2641 972 2722 Pomponianum
1000 2643 1038 2716 5)
1061 2637 1123 2701 lua·

97 2739 141 2798 det
170 2753 359 2812 contextus3
399 2741 439 2816 6)
468 2737 596 2826 linguae
635 2743 749 2826 genius
782 2743 913 2803 alteram
948 2740 1125 2823 improbat;

98 2844 131 2919 7)
149 2861 203 2920 pro
220 2842 365 2903 lectione
380 2841 588 2904 incedentium
605 2844 686 2903 nibil
703 2841 817 2903 adferri
834 2841 934 2926 potest
950 2843 1043 2910 finni,
1065 2841 1124 2902 nili

98 2943 172 3021 quod
200 2959 329 3004 veteres
357 2943 480 3024 aliquot
504 2945 578 3005 libri
604 2965 675 3006 earn
702 2945 890 3015 habuerint,
925 2945 958 3004 iu
983 2963 1062 3024 quos
1083 2963 1125 3004 ex

97 3043 177 3124 glolia
199 3043 335 3126 ineptit.
390 3045 477 3106 Haec
504 3065 669 3109 ntusrrvs.
726 3047 845 3128 Vtique
866 3057 1037 3129 cognatum
1056 3065 1125 3128 ver·
1170 3061 1173 3070 ¹

97 3143 173 3214 butu,
197 3147 270 3206 lien
289 3145 357 3208 hoc
371 3143 462 3207 lonte
478 3149 656 3229 petendum
678 3161 759 3218 erat,
784 3146 927 3208 accedere
947 3165 1127 3208 accommo-

99 3245 188 3307 datius
204 3245 319 3309 fuiffet.
359 3239 462 3338 Nisus
478 3251 575 3310 etiam
592 3249 684 3310 notio
699 3249 778 3310 inest
794 3251 829 3309 in
846 3245 944 3308 verbo
959 3247 1127 3318 intendere,

99 3360 132 3406 ut
149 3348 237 3410 lectio
256 3339 367 3440 visum
390 3349 619 3411 intendentium
641 3363 713 3432 apte
735 3351 844 3424 locum
866 3359 1003 3411 tueatur.

168 3497 324 3582 Gryphi
333 3499 355 3582 )
406 3499 579 3586 Rehdiger.
600 3501 727 3582 griphu-
760 3497 900 3563 vindob.
924 3500 1015 3584 Prag.
1038 3496 1132 3591 grifif

103 3597 176 3661 Gnd.
202 3595 305 3693 griffi;
346 3601 456 3662 Cibin.
489 3601 608 3686 Grypi;
642 3601 725 3685 Lipl.
750 3599 843 3694 grifi,
878 3615 910 3663 at
932 3603 967 3660 in
988 3603 1133 3686 margins

103 3693 207 3790 gustu,
248 3723 331 3784 quae
367 3705 501 3784 quidem
542 3705 725 3766 terminatio
765 3706 867 3789 magis
904 3699 1131 3787 frequentatur.

104 3802 167 3864 lid.
193 3803 261 3866 Vol.
293 3823 326 3867 2.

169 3954 399 4038 pertinax)
449 3955 538 4040 Quid
563 3955 583 4017 li
607 3955 723 4039 pamiae
740 3954 848 4042 legas?
878 3969 916 4017 ut
938 3955 977 4017 de
1001 3955 1136 4040 tigribus

106 4051 176 4116 inira
196 4071 227 4136 5,
245 4071 278 4135 5.
300 4061 391 4120 etde
410 4059 505 4119 Araxi
520 4061 551 4123 fl.
568 4061 702 4124 ibidem.
736 4059 860 4121 Plinius
879 4057 1005 4142 legend.
1028 4058 1084 4118 lib.
1102 4072 1136 4132 7.

108 4174 131 4218 c.
156 4174 185 4220 tt.
207 4161 252 4220 in.
295 4179 499 4223 ernstauvs.
566 4163 690 4224 Plinius
721 4164 832 4244 utique
866 4173 960 4222 vocat
984 4150 1135 4250 ferarum
