2752 4944
360 427 448 484 ΜΒ.
477 429 513 483 il.
556 427 590 486 c.
612 430 663 482 111.
704 425 785 498 Η.
1033 443 1095 508 etp

55 621 131 666 rero
167 601 270 686 longe
302 599 378 662 inde
412 597 482 664 l'atia
512 599 617 664 aberat
648 601 826 666 libamnur.
884 599 1096 666 Dicaearchus

1 719 2 722 ’
56 706 107 788 [p.
141 725 197 767 tr.
227 700 351 783 liudi]
391 699 562 768 Ἐντεῦθεν
591 701 632 776 εἰς
654 699 810 788 Ὠρωπόν
833 697 885 766 inl
909 699 1095 774 dodiroi'lrir

56 803 106 868 aa}
128 803 194 868 aori
216 797 429 892 ’Athnpo'ou
452 800 515 879 dada
536 803 619 892 ἱεροῦ
643 801 717 870 ὁόὀν
742 799 901 892 ilco-lappa
922 802 1095 892 βαδίζοντι

56 903 177 992 σχεδόν
203 901 326 992 ἡμέρας
347 901 527 994 rpo'oortro.
579 905 687 992 Vulgo
712 907 828 991 legitur
850 901 902 970 dni
924 902 1095 990 ὃαφνιὸὁν,

56 1013 141 1070 unde
163 1007 335 1070 Salmal'rua
359 1004 416 1096 [art
440 1009 587 1070 Solinum
620 1027 647 1071 c.
676 1021 729 1088 13.
756 1006 776 1068 l.
805 1023 838 1083 7.
864 1031 896 1092 p.
918 1030 963 1072 m.
994 1005 1096 1099 ¹⁰3·]

55 1110 124 1172 iecit
148 1105 206 1172 διὰ
228 1105 392 1188 Ψαφίδος.
420 1109 475 1188 [de
494 1129 557 1190 quo
573 1111 644 1170 loco
660 1109 837 1192 diaporatur
851 1111 888 1172 ad
906 1111 1097 1174 Strabonem

54 1213 106 1274 lib.
126 1231 162 1292 9.
181 1233 217 1294 p.
235 1231 282 1272 m.
306 1223 384 1288 275.
401 1209 422 1272 i.
440 1214 540 1292 599]
578 1210 722 1273 Nostram
739 1231 816 1274 vero
837 1213 1009 1274 lectionem
1026 1231 1098 1296 pro·

57 1315 104 1372 bar
129 1313 198 1394 iple
228 1314 455 1382 Dicaearchua,
488 1313 542 1394 qui
571 1313 610 1374 lic
631 1311 707 1375 lolct
728 1315 794 1374 riae
821 1311 1013 1382 describere.
1050 1315 1098 1374 uti

59 1418 148 1495 panio
173 1411 280 1492 infra,
306 1408 377 1486 ὀὸὀς
398 1409 436 1476 δι’
458 1405 663 1496 ἐλαιοφύτου
685 1409 739 1476 rud
762 1409 948 1502 coniicipou
969 1409 1096 1498 χώρας.

60 1520 103 1576 De
128 1514 330 1597 Daphnoide
351 1515 414 1577 lire
439 1517 527 1576 lauru
560 1515 686 1578 lairellri
709 1535 840 1600 agentur
863 1517 902 1578 ad
925 1517 1098 1598 Apuleium

59 1616 93 1678 dc
111 1617 237 1688 herbis,
271 1635 366 1696 quem
387 1615 435 1678 ita'
448 1616 652 1680 emendatum
672 1631 705 1680 ct
720 1631 851 1678 auctum
872 1617 1035 1686 dabimua.
1062 1629 1100 1679 ut

59 1739 136 1800 pene
155 1721 245 1780 aliua
266 1719 370 1780 videri
394 1713 496 1802 poffit.
558 1719 595 1780 ln
619 1719 747 1800 reliquie
777 1719 960 1780 Dicaearchi
993 1719 1099 1782 verbio

59 1821 134 1880 nhil
158 1819 370 1882 mutandum.
421 1819 530 1880 Graeci
553 1823 640 1881 enim
660 1819 746 1902 laepe
763 1819 803 1880 stc
824 1833 958 1880 utuntur
976 1821 1100 1884 Dativia

60 1921 196 1982 absolute
228 1921 350 2004 politia.
399 1923 451 1984 Sic
481 1923 640 1984 llurnenta
661 1915 730 2008 ἐμοὶ
753 1916 784 1984 δέ
809 1943 862 1984 κεν
884 1919 1011 2010 ἀσμένῳ
1040 1915 1099 2008 rip.

60 2025 107 2084 Sic
130 2023 250 2090 Plato,
287 2020 324 2082 [ic
346 2023 398 2082 alii
419 2025 603 2103 loquuntur.
659 2025 704 2084 lta
725 2041 853 2104 quoque
874 2023 998 2084 locutua
1020 2023 1101 2084 Mar·

61 2127 155 2192 lidia,
181 2123 273 2217 fiae.
298 2123 383 2204 qood
408 2125 531 2204 utrique
552 2124 672 2186 volenti
680 2167 689 2194 ,
715 2125 862 2205 quantula
888 2125 984 2208 vulgo
1009 2127 1100 2187 aliter

60 2225 180 2308 legatur
212 2225 241 2286 ia
273 2223 372 2288 iocur.
437 2227 522 2284 Dicit
551 2245 629 2286 vero
661 2229 771 2286 avito
799 2225 949 2306 expedito
976 2241 1008 2288 et
1032 2246 1101 2290 nou

63 2327 170 2387 anullo
193 2327 304 2394 illam,
339 2345 418 2406 quae
441 2327 580 2388 Athenas
602 2329 684 2388 inter
706 2341 738 2388 et
759 2325 903 2407 Oropum
928 2329 1101 2400 interiacet,

63 2430 162 2495 riam.
199 2447 270 2488 uno
297 2427 421 2488 circiter
451 2429 503 2488 die
528 2427 613 2509 polle
641 2429 765 2490 conbci.
827 2428 916 2490 Licet
949 2433 1036 2490 enirn
1066 2431 1102 2492 stt

65 2543 233 2610 praerupta
259 2541 293 2589 et
315 2527 475 2598 montosa,
502 2531 620 2590 nullam
646 2543 752 2591 tamen
774 2527 863 2590 affert
887 2525 1103 2592 laffitudiuem

62 2649 188 2712 propter
213 2629 321 2690 crebra
345 2628 513 2690 diversoria
530 2645 563 2690 et
585 2633 809 2692 amoenitatem
831 2631 990 2702 locorum,
1024 2651 1104 2712 quiae

61 2753 123 2792 non
155 2733 298 2814 patitur,
340 2745 379 2792 ut
411 2732 586 2792 uiatoribus
613 2732 739 2812 aliquod
771 2731 901 2812 obrepat
931 2731 1102 2796 fallidium.

61 2829 245 2918 lipc'corro
269 2833 322 2892 bic
348 2833 535 2892 adverbium
562 2831 620 2902 est,
658 2846 695 2892 ut
717 2825 885 2902 κάταντα,
918 2825 1045 2896 ἄναντα
1072 2845 1105 2894 et

60 2937 181 2997 brollia.
240 2935 283 2994 Vt
302 2953 379 2994 vero
401 2933 438 2994 ad
457 2935 575 2994 Melam
592 2935 729 3004 redeam,
755 2935 921 2996 Salmasutr
943 2932 992 3022 [c.
1008 2927 1052 3020 1.]
1073 2947 1106 2996 et

59 3036 165 3098 hicet
190 3035 280 3117 apud
301 3035 446 3094 Solinum
469 3055 527 3117 pro
553 3035 759 3096 Rhonnntttte
783 3033 938 3096 luldiituit
965 3037 1103 3106 Horum,

59 3159 178 3222 nempe
202 3137 278 3216 quia
305 3135 345 3195 irc
373 3135 545 3196 vocabatur
572 3136 676 3207 locua,
718 3135 773 3196 ubi
797 3137 1006 3218 Amphiaraua
1031 3155 1106 3198 cum

59 3259 152 3300 curru
178 3235 348 3318 ablorptue
373 3237 433 3298 elle
460 3237 655 3299 credebatur.
720 3237 782 3300 Sed
806 3235 876 3298 latre
898 3238 1002 3300 multo
1028 3239 1106 3300 haec

58 3341 156 3401 lectio
181 3341 276 3422 peior
297 3337 339 3398 eit
355 3339 493 3420 vulgata.
546 3337 683 3422 Vulgata
705 3339 793 3400 enim
811 3337 976 3421 scriptura,
1009 3359 1106 3421 quant

58 3445 215 3502 meliorea
251 3439 440 3500 conburunt
466 3439 555 3508 libri,
596 3459 700 3500 uuum
729 3437 852 3510 latitem,
891 3453 928 3499 ut
953 3439 1106 3510 diximus,

59 3545 212 3604 continet
245 3557 397 3602 errorem.
461 3539 585 3602 Verum
617 3540 639 3600 li
665 3541 745 3602 hauc
776 3541 913 3604 salmasii
942 3539 1106 3622 sequantur

58 3643 257 3712 lectionem,
288 3661 481 3723 quaequam
503 3637 685 3726 lougillrme
708 3639 773 3702 abit
796 3641 834 3702 ab
856 3643 1007 3704 ontuibua
1029 3645 1108 3706 anti·

60 3751 131 3826 quie
155 3745 269 3814 ilhnic,
301 3744 364 3802 iarn
383 3757 534 3804 neutrum
553 3745 613 3804 erit
633 3761 758 3804 rerum.
811 3741 919 3804 Nemo
940 3745 1028 3804 enirn
1051 3763 1109 3804 un·

61 3869 161 3928 qum
192 3847 247 3906 vel
277 3843 463 3908 Phidiacum
492 3843 662 3916 Nemesin,
698 3843 752 3906 vel
781 3845 965 3928 Amphiarai
997 3841 1108 3906 lanum

62 3951 95 4008 in
121 3949 290 4010 Maturate
312 3945 498 4019 collocavit;
536 3965 650 4007 ornoea
668 3945 702 4006 in
725 3965 765 4006 eo
786 3945 1003 4015 conveniunt.
1029 3945 1110 4006 lianc

63 4052 300 4118 Rhamnunte,
334 4047 412 4108 illud
436 4067 514 4110 vero
533 4048 566 4108 in
590 4067 665 4132 agro
683 4045 822 4126 Oropio‚
849 4047 1023 4108 duodecim
1045 4061 1111 4107 tan·

66 4169 137 4214 tum
159 4149 265 4212 dadila
281 4149 320 4212 ab
337 4147 459 4233 Oropo,
485 4149 673 4212 collocatum
689 4145 789 4210 inille.
840 4147 1013 4211 Hormotis
1030 4167 1109 4210 reru
