2784 4944
336 439 420 496 mu
450 440 489 494 11.
531 439 565 496 C.
594 439 644 500 lv.
686 439 765 516 §.gp
1007 451 1068 514 551

121 611 432 696 Herculaneum)
468 611 553 696 Lips.
576 609 672 676 Paris.
693 629 724 676 ε.
747 611 839 697 Prag.
857 613 1073 688 bereulatum5

66 714 153 778 i'enet.
176 715 261 778 Gud.
285 714 423 778 Vindob.
446 715 707 788 berculorrotumr
739 713 911 799 Rebdiger.
936 715 1073 778 Hercule
1157 793 1172 806 ἱ

65 831 168 888 netnrn,·
200 815 309 880 Cibin.
333 807 562 908 herculaseum5
595 817 693 878 Votic.
725 815 984 890 bercrrlorracumt
1017 817 1073 879 olii

65 915 274 978 Herculaneum.
313 919 396 978 Edd.
415 920 560 999 entiqnee
577 919 865 989 centemnunt,
889 919 960 982 Ant.
986 919 1072 982 iunt.

67 1018 198 1091 i'edianie,
230 1019 441 1090 Olivarianis,
477 1021 612 1082 Schotto
640 1017 906 1090 Herculanarum,
943 1033 1072 1082 tentum

69 1137 110 1181 ιι.
130 1135 180 1200 29.
203 1119 446 1192 Herculaneum,
471 1123 517 1180 uti
538 1121 605 1202 post
620 1122 765 1188 Vinctus,
793 1115 919 1182 Voss'rue
940 1133 972 1182 et
995 1122 1072 1184 hino

65 1219 110 1282 elii.
151 1221 230 1284 Cum
255 1241 294 1284 ex
319 1221 439 1284 Graeco
463 1223 630 1284 defluxerit
652 1222 704 1284 rei
726 1223 789 1282 ium
810 1223 863 1284 vel
885 1243 952 1284 eum
976 1223 1071 1294 valet,

65 1333 87 1380 et
104 1321 134 1382 fic
151 1336 321 1406 utrumque
342 1323 496 1386 exhibent
514 1323 587 1384 libri
609 1325 642 1384 in
667 1323 761 1384 Livio
784 1343 840 1394 to,
859 1333 917 1401 45,
941 1341 975 1404 9.
1010 1325 1073 1386 Pii·

63 1423 117 1485 niue
136 1439 164 1501 3,
184 1444 217 1505 9,
233 1423 257 1488 i.
275 1435 309 1502 5.
335 1423 439 1485 scribit
460 1424 704 1496 Herculanium,
736 1445 794 1506 pro
820 1445 883 1506 quo
906 1427 969 1488 tab.
992 1425 1074 1488 Peu-

65 1527 150 1607 tinger.
171 1528 203 1590 6.
228 1527 272 1588 D.
298 1525 522 1596 Herdonium,
557 1541 589 1587 et
612 1525 729 1610 Geogr.
759 1527 907 1588 Revereri.
940 1537 975 1606 4,
1012 1541 1071 1608 52.

65 1626 254 1690 itere-ionium.
309 1629 348 1688 ln
371 1627 527 1690 Cicerone
549 1627 586 1688 od
614 1631 707 1692 Attic.
735 1641 767 1700 7,
791 1641 824 1704 3.
850 1627 894 1690 in.
922 1627 1073 1690 Hercula·

64 1744 129 1798 run,
158 1730 242 1810 qood
267 1729 436 1792 Cluverius
457 1731 490 1790 in
515 1731 583 1790 lrat.
602 1741 666 1791 ent.
690 1741 725 1807 4,
751 1741 783 1808 3.
807 1749 839 1810 p.
869 1741 975 1806 1155.
1007 1751 1074 1792 cor·

64 1843 165 1909 mptum
179 1843 275 1912 putat
296 1851 354 1912 pro
368 1829 615 1900 Herculaneum,
640 1851 718 1912 quoe
735 1831 866 1912 quidem
890 1832 1073 1894 terminatio

64 1925 99 1988 bic
114 1951 127 1992 a
145 1931 513 1994 melioribue'eoriicibue
534 1933 685 2015 probator
705 1947 737 1994 et
753 1931 827 1992 olibi
843 1931 880 1992 ab
903 1933 983 1996 aliie.
1020 1931 1072 1997 Cf.

64 2027 124 2093 iior.
144 2053 170 2104 t,
195 2035 251 2104 16,
277 2035 311 2096 6.
352 2031 469 2097 Vellei.
497 2051 527 2103 u,
553 2035 610 2106 ιδ,
635 2051 667 2098 e.
700 2049 733 2096 et
755 2053 834 2116 quoe
858 2047 1010 2096 notantur
1034 2035 1074 2098 ed

63 2129 174 2196 Dionem
196 2137 257 2206 66,
288 2147 346 2215 23.

119 2335 151 2400 V
154 2359 169 2398 e
169 2329 199 2430 s
199 2337 291 2400 uvr'i
299 2337 319 2419 )
370 2335 453 2420 Lipi.
473 2327 625 2430 vesrrmir'5
650 2335 796 2402 vindob.
819 2327 964 2430 vesemir't
987 2337 1074 2402 Gud.

63 2427 172 2526 vesunu,-
207 2441 301 2524 Prag.
327 2436 475 2528 uefirnii,·
516 2439 633 2502 Verret.
658 2431 776 2532 vesuli,·
816 2441 883 2510 aiii,
911 2455 947 2500 ut
969 2439 1074 2504 Votic.

64 2535 144 2600 Cibio.
167 2541 265 2605 Paris.
292 2533 437 2632 Vesuuii,
470 2541 589 2623 dequo
611 2543 694 2602 nulia
712 2541 867 2602 dubitatio
882 2541 941 2604 effe
962 2541 1082 2624 potests

64 2637 101 2696 etti
115 2645 189 2704 varie
205 2641 309 2706 forme
325 2643 434 2726 prodit
450 2643 484 2703 in
501 2644 692 2706 auctoribus.
720 2660 922 2704 rzscrrvcrte.
962 2643 1074 2704 Forte:

67 2731 171 2828 Vesuuii
188 2745 306 2806 mantis
328 2735 480 2833 adspectu
501 2745 653 2824 Pompeii.
699 2743 824 2808 Plinius
842 2759 874 2824 3,
896 2755 928 2820 5.
954 2737 997 2830 [s.
1018 2739 1073 2832 9.]

64 2839 284 2914 Hermianeunr,
324 2845 468 2924 Pompeii
488 2845 577 2906 leand
599 2845 710 2924 procul
736 2837 943 2936 adspectatur
970 2857 1074 2906 errante

67 2935 187 3032 Vesuvio.
232 2963 443 3008 ereccourve.
513 2947 683 3030 Eleganter
715 2959 747 3008 et
781 2967 819 3008 ex
853 2965 943 3008 more
975 2947 1073 3007 etiem

64 3045 148 3115 nostri,
179 3051 232 3130 qui
251 3047 292 3108 fic
313 3046 399 3128 saepe
415 3049 449 3108 in
467 3045 556 3108 cursu
578 3047 681 3108 oblata
702 3047 818 3110 delibet
834 3063 866 3110 et
883 3049 1072 3130 interponit.

63 3143 184 3209 Attamen
199 3151 312 3210 invitis
329 3151 418 3210 libris
443 3149 524 3210 nihil
538 3151 731 3210 mutandum
749 3151 886 3212 vitietur.
925 3149 998 3213 Post
1014 3167 1072 3230 pro

64 3241 194 3311 lucrinus
218 3249 316 3315 Paris.
336 3269 366 3312 e.
390 3249 540 3324 Lucium,
568 3265 600 3312 et
620 3271 677 3334 pro
697 3253 840 3335 Aueruue
855 3251 964 3315 Cibiu.
987 3269 1074 3312 auer-

63 3346 133 3420 ttn's,·
162 3351 245 3436 Ltpt.
271 3351 416 3434 puteoiei.

118 3545 344 3645 Misenum)
396 3549 491 3618 Poris.
510 3569 543 3634 5.
565 3545 760 3648 Meseninms
791 3553 883 3642 Prog.
909 3556 953 3616 mi
980 3575 1074 3626 errust

65 3647 100 3710 tiii
116 3651 278 3746 Misenum.
329 3657 559 3724 Edd.,veteree
586 3671 711 3720 tanturn
737 3677 804 3720 uon
828 3677 941 3720 omnes
964 3647 1074 3743 Miffe·

66 3769 119 3813 turn
134 3777 203 3820 cum
217 3759 368 3831 Sebotto;
394 3753 554 3849 Misenum
573 3761 644 3822 Alei.
669 3763 754 3822 lunt.
773 3761 922 3828 Viuetue,
945 3755 1073 3820 Voffiue

68 3863 201 3924 etcereri.
253 3863 371 3930 Recte,
406 3864 455 3920 uti
477 3862 530 3922 alii
556 3877 709 3924 auctores.
761 3859 813 3925 Sic
837 3862 920 3942 apud
946 3855 1078 3922 Gruter.

67 3969 89 4028 P·
102 3967 171 4031 521,
188 3974 220 4039 5.
247 3983 279 4044 p.
297 3961 380 4040 564,
403 3971 439 4042 4.
472 3964 656 4024 Reiuefiurn
680 3976 713 4042 8,
735 3974 792 4042 35.
833 3951 1023 4052 Misenates,
1041 3971 1074 4022 et

66 4051 148 4124 Praet.
166 4055 278 4154 Misen.
300 4063 420 4146 saepius
444 4064 475 4124 in
501 4064 607 4129 inscrr.
631 4065 801 4130 Herculeo.
821 4063 856 4126 iu
876 4063 967 4125 Gorii
991 4059 1074 4140 syrn-

67 4150 128 4222 bolie
143 4165 250 4230 literar.
268 4169 304 4232 V.
328 4187 358 4232 t.
381 4187 413 4250 p.
431 4181 477 4246 79
494 4163 537 4250 tq.
