2894 4948
304 382 368 450 34⁸
598 376 848 438 rouoourr
891 379 1058 438 orooro

299 543 377 638 fluo
399 547 534 628 linguis,
558 569 625 614 uon
649 553 800 614 videntur
821 551 881 616 elle
898 552 1019 622 Melae.
1049 551 1097 612 leil
1123 550 1276 619 alterius,
1304 550 1353 630 qui
1429 546 1430 590 Τ

309 651 345 710 in
369 652 511 734 margine
539 653 683 734 exposuit
713 665 819 716 muros
844 667 875 716 ct
898 651 1136 716 cohaerentibus
1162 650 1270 712 lobrir
1297 651 1354 710 fior

312 749 391 812 [ono
407 752 534 836 liuguae
550 755 610 818 elle
625 769 657 818 el
671 757 735 818 lino
756 757 884 840 linguis.
916 775 1122 818 croccorrrrs.
1177 755 1281 814 Forte
1297 745 1355 842 sul

311 851 442 916 rioribus
465 856 507 915 eir
521 853 636 950 fistulo
656 855 711 951 «ss.
746 875 848 922 muru.
898 858 958 920 Eis
978 855 1093 950 fistulo
1119 857 1237 916 malim
1264 873 1357 936 quaro

312 955 411 1014 etium
426 951 552 1046 fistula.
579 978 758 1027 ocuorrvr.
809 959 933 1021 Plinius
950 958 1005 1020 fic:
1033 961 1119 1020 Pars
1133 978 1189 1020 ore
1206 968 1357 1016 concreto

311 1067 343 1114 et
359 1053 489 1118 naribus
509 1081 620 1122 carens
634 1081 697 1122 uno
716 1073 842 1122 tontum
851 1051 1017 1150 foramine
1026 1051 1148 1152 spirat.
1203 1059 1357 1120 Solinus:

309 1156 392 1220 Aliis
412 1173 558 1231 concreta
581 1182 639 1222 oro
652 1154 750 1254 suut,
783 1162 905 1224 modico
928 1174 1054 1224 tantum
1072 1151 1252 1252 foramine
1276 1158 1360 1218 colo·

309 1259 373 1320 mis
390 1279 562 1322 avenarum
582 1263 696 1358 postus
715 1265 875 1328 hauriunt.
915 1265 980 1327 Suo
996 1263 1051 1326 fibi
1065 1264 1203 1344 quisque
1220 1261 1360 1346 iugenio

311 1371 345 1422 et
376 1360 507 1424 arbitrio
534 1365 612 1428 haec
644 1366 780 1428 monstra
805 1364 962 1450 fingebat,
1004 1377 1042 1428 ut
1066 1366 1218 1447 pauciora
1245 1363 1362 1432 modo,

310 1464 413 1524 modo
432 1464 520 1545 pluro
540 1465 639 1530 darer.
681 1469 768 1530 Tum
784 1469 885 1530 variar
899 1487 1013 1530 eorum
1028 1464 1146 1529 format
1168 1462 1296 1526 inserta
1310 1481 1363 1524 ex·

309 1563 482 1644 plicatione
498 1565 656 1650 deleriplit
671 1567 766 1642 Mela,
789 1570 876 1652 quod
893 1588 957 1632 rox
973 1569 1032 1630 olii
1048 1569 1152 1630 docet.
1187 1566 1363 1628 Praeterea

310 1664 347 1724 in
370 1665 511 1728 I'iutiarri
529 1669 667 1732 lectione
687 1667 729 1734 ro*
746 1673 843 1732 eriam
863 1671 1007 1754 proxime
1027 1686 1197 1732 recurrens
1222 1665 1362 1729 moleste

309 1761 384 1828 ferit
402 1787 507 1840 nureo.
539 1772 627 1853 quod
651 1791 711 1835 nec
731 1773 871 1859 longiori
894 1771 1061 1835 intervallo
1080 1771 1261 1854 repetitum
1290 1766 1361 1829 latio

308 1867 422 1950 placet.
457 1871 499 1934 At
520 1865 560 1935 τὸ
576 1873 619 1934 eir
633 1874 772 1959 languet.
806 1873 1124 1940 Ceterumovorbis:
1147 1872 1236 1936 suut
1250 1882 1359 1932 arom

310 1971 423 2054 capitio
442 1983 504 2052 48.
524 1975 655 2038 initium
677 1977 804 2040 ducitur
819 1997 837 2040 a
852 1977 981 2042 vineto.

386 2177 539 2249 avenis,
564 2175 631 2261 et)
681 2180 791 2246 Cibio.
808 2191 916 2254 avent,
939 2191 973 2246 et
987 2178 1075 2264 lopra
1091 2174 1234 2252 habeut:
1257 2177 1359 2260 posto·

309 2271 376 2335 riur
391 2277 487 2338 eriam
503 2279 537 2340 in
557 2299 638 2344 varr.
654 2281 727 2346 edd.
746 2297 803 2360 27.
825 2297 859 2346 et
877 2301 935 2365 29.
953 2283 1070 2368 legitur
1084 2295 1118 2344 et
1139 2282 1174 2342 iu
1187 2281 1357 2365 Progenlir

309 2375 424 2456 reliqui
441 2396 554 2443 omnes
570 2385 645 2452 mei,
670 2387 767 2445 etiam
783 2383 901 2449 Zalulc.
921 2405 994 2447 curn
1016 2383 1089 2446 edd.
1107 2382 1255 2452 vetustis.
1284 2395 1357 2441 tum

309 2476 459 2542 Vadianio
476 2495 508 2544 et
523 2482 714 2548 Oliroriruir
731 2499 837 2558 avent,
854 2478 934 2578 [οὺ
960 2487 1093 2548 vinetus
1109 2482 1212 2544 bibere
1226 2481 1356 2553 hahent,

303 2567 385 2669 sed‚·
419 2581 572 2646 Schottus
595 2583 694 2646 bibere
713 2609 833 2652 overran
856 2587 1005 2662 colrrrrrr's3
1035 2599 1067 2648 ct
1088 2605 1206 2669 quum
1241 2584 1358 2646 iudea

313 2675 419 2743 voffio
451 2699 615 2768 receptum
644 2685 744 2750 bibere
769 2691 898 2762 avenis,
928 2701 977 2761 et,
1008 2709 1089 2749 cum.
1141 2704 1354 2748 uzacuvcrrrr.

310 2779 415 2844 Locus
431 2783 474 2846 est
496 2788 675 2852 mutilatur:
709 2791 798 2876 Lego
819 2811 991 2874 perquam
1015 2785 1114 2850 bibere
1129 2809 1252 2848 avenae
1271 2786 1357 2847 cala·

310 2883 388 2954 mis,
413 2897 446 2946 rt
462 2907 532 2948 cum
551 2891 618 2950 iuce
642 2901 671 2951 rt
692 2889 791 2952 libido
811 2883 956 2984 vescendi
974 2911 1079 2972 grorro
1094 2885 1227 2980 singulo
1239 2879 1358 2978 frugis

309 2983 375 3044 eius
401 2981 514 3077 poffim
544 2983 703 3081 noscentis
727 2985 889 3083 obsorbere
918 2993 1085 3062 dicuntur,
1118 3003 1156 3052 ut
1186 2986 1291 3050 bibere
1321 2988 1357 3050 fit

309 3085 404 3146 modi
424 3089 561 3160 infiniti.
589 3112 628 3154 ex
644 3093 752 3157 Plinio
776 3111 809 3158 et
832 3095 954 3158 Solino.
982 3087 1030 3180 [c.
1049 3113 1076 3155 c.
1092 3093 1114 3154 l.
1130 3084 1176 3177 1.]
1214 3109 1356 3152 rrum·

311 3203 387 3250 uve.
440 3189 536 3254 Forte
555 3195 617 3278 leg.
636 3192 735 3258 bibere
754 3197 880 3268 avenis,
905 3207 936 3258 et
951 3215 1022 3256 cum
1037 3186 1156 3284 iucrffit
1171 3189 1276 3254 libido
1293 3205 1355 3256 erc.

308 3285 487 3354 vulpior.
505 3295 537 3362 6,
557 3309 616 3373 50.
637 3291 679 3384 [l.
699 3292 779 3387 35.]
804 3315 1020 3360 croccorrrro.
1054 3295 1171 3360 Aveuir
1186 3306 1274 3356 recte
1288 3293 1355 3358 Sol·

308 3387 443 3462 malros,
473 3389 532 3482 [ad
555 3397 656 3462 Solio.
677 3418 743 3480 cap.
767 3413 827 3477 50.
850 3398 871 3462 i.
896 3413 954 3478 33.
973 3417 1006 3480 p.
1027 3417 1073 3460 m.
1092 3387 1196 3479 ηιμ]
1223 3409 1259 3457 et
1280 3411 1355 3458 rute

308 3488 402 3554 illum
417 3493 600 3560 Nunuesruo
620 3511 653 3561 ot
671 3497 877 3571 Glareanus,
903 3519 1076 3582 equorum
1095 3499 1182 3560 notis
1205 3511 1354 3578 excerpta

264 3653 266 3658 .
307 3587 381 3653 lunt
402 3599 611 3676 praetermilla
634 3601 668 3662 iu
694 3603 932 3685 Pomponium,
966 3619 1045 3684 quae
1065 3595 1207 3662 Pintioui
1228 3599 1354 3684 castiga·

307 3693 451 3759 tionibus
477 3697 641 3763 subiunxit
669 3703 752 3766 And.
777 3703 940 3768 Schotrur.
994 3704 1042 3764 Ea
1072 3702 1160 3764 enim
1186 3719 1256 3762 non
1282 3719 1353 3782 pro·

306 3795 396 3858 dirue
418 3817 457 3860 ex
472 3803 628 3866 cerebello
649 3804 792 3876 Schotti,
819 3805 874 3887 qui
891 3803 1002 3866 nalum
1018 3802 1131 3873 habet,
1156 3797 1248 3863 focile
1271 3802 1353 3862 divi·

306 3896 408 3962 nabit.
434 3919 576 3968 vorrrvs.
626 3907 660 3968 si
673 3905 816 3968 Plinium
824 3908 1036 3988 Solinumque
1053 3904 1170 3974 audiar,
1188 3904 1246 3984 qui
1263 3903 1351 3964 idem

305 4013 450 4072 narrant,
483 4003 523 4066 de
544 4007 678 4070 veritate
702 4008 801 4071 huius
825 4007 1059 4072 emendationis
1081 4025 1149 4067 nou
1175 4003 1350 4074 dubitabis,

305 4093 367 4165 u'ec
400 4103 546 4170 oddeurla
570 4127 646 4172 cum
672 4109 822 4173 Pintiaoo
847 4109 914 4174 lino
936 4108 1076 4198 graviori
1099 4103 1190 4172 caulo
1215 4105 1351 4192 potabis,
