2826 4936
340 445 400 492 m
633 429 877 490 POMPONH
919 431 1080 490 Mum

337 609 425 694 porie
445 617 568 688 partem
589 604 762 666 coercenda
782 603 854 669 effe.
906 603 977 668 Nec
997 605 1056 678 eli,
1089 605 1174 689 quod
1194 603 1231 667 de
1251 602 1349 666 finiiirr

338 729 436 776 manu
457 725 655 789 quaeramur,
681 726 775 786 quam
793 707 927 768 minime
943 708 1088 793 adtingit,
1114 728 1186 770 eum
1201 706 1349 788 sequentia,

340 833 434 876 arcus
450 809 581 878 tardere,
608 805 724 898 hostem
739 798 843 896 ferire
859 808 897 869 ed
915 809 1058 870 dextram
1074 811 1166 871 unice
1181 809 1349 890 pertineant,

341 914 538 992 omninoque
558 909 684 972 dextrae
701 907 774 972 uiue
793 910 950 993 inpugna
968 909 1004 970 srt
1027 913 1218 992 praecipuus.
1265 909 1350 992 Igitur

341 1033 455 1078 marrus
479 1011 521 1072 est
544 1011 670 1080 dextro,
701 1023 829 1090 pectus.
863 1012 950 1092 quod
970 1012 1059 1073 virile
1078 1013 1128 1084 fit,
1159 1012 1202 1074 est
1223 1011 1348 1072 dextrum

339 1130 471 1201 propter
493 1111 630 1174 edoiiam
648 1130 820 1172 mammam
838 1111 993 1175 dextram.
1045 1116 1093 1176 lta
1112 1126 1216 1174 autern
1237 1102 1351 1201 exserere

339 1219 487 1280 ufiremm
509 1213 587 1282 effe.
614 1213 770 1292 exemplis
787 1213 861 1274 alibi
881 1213 1075 1294 probabitur.
1127 1215 1191 1276 Ero
1209 1216 1300 1284 euim,
1323 1223 1350 1270 ut

340 1321 444 1400 eliqua
470 1317 544 1376 inde
569 1313 724 1383 delibem,
755 1313 855 1396 poreii
872 1313 931 1376 effe
951 1329 984 1376 et
1003 1336 1079 1378 vere
1096 1317 1278 1398 explicetur.
1307 1311 1349 1372 ubi

341 1441 442 1484 nexus
467 1415 543 1486 fert,
570 1415 704 1484 nudare,
733 1413 892 1494 expedire,
918 1415 1002 1506 veste
1021 1415 1167 1486 liberare.
1192 1419 1231 1478 de
1253 1435 1307 1496 quo
1320 1410 1349 1472 ci.

341 1535 463 1607 praeter
485 1519 562 1580 elios
587 1517 729 1577 Davisius
747 1529 778 1576 et
797 1515 1005 1600 Oudendorp.
1031 1520 1069 1579 ad
1092 1521 1152 1581 lui.
1172 1515 1254 1582 Caes.
1275 1518 1307 1578 de
1322 1513 1349 1574 Β.

344 1625 384 1688 G.
405 1637 437 1698 7,
457 1633 515 1697 5⁰·
540 1633 573 1680 et
592 1619 733 1678 Ouwens
756 1639 788 1700 p.
808 1631 893 1696 3⁰9·
909 1639 936 1678 c.
958 1619 979 1682 1.
1005 1599 1181 1682 dictamen
1197 1615 1351 1680 niiriluiiud

343 1725 430 1795 vuit,
453 1741 547 1803 quom
569 1719 762 1798 protrudere,
787 1713 941 1808 proferre,
967 1721 1142 1788 extendere.
1168 1737 1199 1784 et
1216 1723 1252 1782 iic
1268 1720 1351 1778 diflert

344 1829 439 1892 eriam
455 1845 471 1884 a
489 1823 617 1888 nudare.
647 1833 683 1880 ut
706 1819 787 1880 bene
802 1821 911 1882 docuit
934 1835 966 1880 et
988 1825 1111 1904 prolixe
1134 1821 1231 1882 Waiie
1252 1822 1285 1880 ad
1306 1819 1351 1880 Sal·

343 1927 413 1992 lust.
432 1924 525 1988 Catil.
548 1943 573 1984 c.
590 1933 650 2000 44.
703 1921 830 1982 Poterat
848 1923 957 2002 utique
980 1923 1086 1993 verbe,
1118 1947 1199 2008 qrrae
1218 1914 1351 2014 exserium

344 2031 506 2096 omittere,
533 2023 596 2092 sed,
623 2042 695 2083 curn
714 2042 748 2083 ea
764 2022 871 2084 omiiir
888 2023 958 2092 elie.
981 2027 1108 2088 codices
1124 2027 1295 2090 reclament,
1314 2040 1352 2080 ex·

343 2129 506 2213 plicationi
528 2123 668 2186 uberiori
692 2122 844 2186 inservire
867 2125 951 2185 Mela
974 2126 1087 2188 voluit.
1144 2127 1276 2188 Minime
1295 2139 1353 2182 vero

343 2231 385 2294 src
404 2248 487 2310 opus
502 2226 545 2288 est
565 2245 646 2306 quae
663 2243 783 2286 murore
802 2227 835 2286 iu
856 2246 931 2306 qua.
957 2247 1050 2307 qoem
1075 2229 1258 2310 particulam
1273 2223 1354 2286 noster

344 2333 379 2393 iu
407 2329 590 2392 denotando
615 2327 722 2408 poiiue
746 2327 804 2384 litu
830 2326 974 2408 usurpare
1001 2326 1091 2392 solet.
1145 2327 1353 2390 multominus

344 2433 488 2494 exuritur
511 2427 583 2490 ferri
606 2427 723 2508 potest,
759 2429 843 2508 quod
866 2432 898 2488 in
922 2429 983 2491 boc
1004 2450 1087 2490 nexu
1111 2431 1205 2492 valde
1226 2431 1353 2511 langueat.

345 2534 477 2596 Vadiani
498 2531 657 2591 licentiam
679 2541 763 2590 recte
786 2531 933 2590 contudit
957 2532 1136 2594 Pintianue.
1195 2531 1267 2593 Nou
1287 2527 1353 2590 euim

345 2634 448 2698 solum
468 2635 568 2694 aliene
587 2630 628 2692 est
644 2631 711 2690 eiue
732 2629 827 2691 lectio
848 2651 864 2690 a
888 2630 1060 2712 Pomponii
1080 2631 1203 2704 forma,
1235 2633 1283 2712 qui
1303 2645 1353 2687 non

344 2739 379 2798 in
403 2729 679 2798 consecutionibus
700 2751 827 2801 rerum,
854 2729 903 2792 sed
924 2734 958 2792 in
975 2752 1082 2794 earum
1105 2733 1302 2796 incrementis
1315 2727 1354 2786 de·

344 2837 495 2900 ciarandis
518 2834 567 2896 illa
592 2832 743 2914 particule
766 2833 884 2902 utitur,
918 2833 970 2896 sed
994 2847 1027 2896 et
1048 2835 1195 2916 proxime
1212 2824 1354 2916 praeceiiu

230 2943 233 2954 '
345 2941 437 3002 Idem
458 2937 515 2998 oui
533 2933 678 2994 sumserat
695 2933 852 2997 Vediunue
874 2955 902 3006 r,
928 2955 958 3007 ι,
977 2951 1011 2998 2.
1039 2935 1094 2996 ubi
1110 2933 1151 3001 cf.
1170 2949 1282 2999 numu.
1311 2930 1356 2990 Le·

346 3041 435 3103 viora
458 3039 515 3100 elia
538 3049 711 3118 praetereo.

511 3216 540 3291 §.
578 3225 612 3291 3.
661 3210 874 3292 puellaria
882 3211 902 3295 )
952 3211 1140 3280 vindobon.
1175 3213 1245 3276 serie
1275 3207 1358 3294 pueri·

345 3317 417 3378 liter
434 3315 569 3395 puerilia
588 3311 707 3395 etpost
719 3304 812 3402 ferre
831 3333 889 3395 pro
902 3305 1013 3403 ferire.
1050 3317 1174 3399 Lepide
1189 3317 1271 3378 idem
1286 3307 1358 3372 adul·

346 3431 484 3482 terarron
510 3433 568 3498 pro
597 3413 800 3488 adultarum
838 3427 909 3476 tum
935 3415 1024 3490 idern
1062 3419 1170 3484 Havn.
1194 3409 1359 3504 prcfir'gaiio

346 3517 512 3584 habeatur.

422 3669 574 3733 poenae
580 3647 598 3730 )
649 3649 748 3713 Varie.
766 3661 797 3728 5.
821 3649 933 3713 Venet.
956 3649 1130 3734 Rehdiger.
1148 3651 1251 3712 Havn.
1269 3643 1359 3710 Cibiu.

347 3752 487 3816 vindob.
513 3748 595 3832 Lipi.
620 3751 703 3814 Gud.
729 3751 821 3832 Preg.
848 3771 929 3813 verr.
947 3753 981 3812 in
1004 3752 1056 3814 ed.
1075 3767 1119 3829 29
1157 3771 1229 3812 cum
1253 3747 1318 3810 edd.
1336 3764 1358 3800 1·

348 3869 383 3918 n.
401 3873 434 3934 9.
457 3873 512 3916 rr.
531 3864 585 3930 ¹5·
609 3869 662 3930 ¹9·
684 3873 763 3933 pene
781 3871 836 3933 pro
855 3873 984 3931 poenae,
1009 3853 1095 3933 quod
1112 3853 1188 3912 dant
1203 3853 1358 3934 pleraeque.

348 3969 381 4018 er
396 3975 435 4017 ex
453 3951 613 4018 codicibus
629 3951 746 4016 Zaiuic.
772 3966 815 4022 et,
840 3967 933 4034 puro,
955 3953 1021 4014 eiii.
1074 3953 1206 4034 Aliquae
1227 3951 1292 4014 edd.
1311 3959 1357 4026 30·

351 4071 408 4137 52.
434 4073 493 4135 57.
517 4057 594 4116 dant
618 4075 732 4132 poerm.
782 4054 823 4116 At
846 4054 974 4139 vulgata
998 4055 1094 4118 lectio
1120 4054 1202 4122 bene
1227 4052 1314 4116 hebet
1333 4057 1358 4108 et

348 4159 464 4220 Latino
486 4156 544 4220 usu
566 4157 692 4220 nititur.
