2814 4946
332 423 422 480 Lte.
450 425 489 480 Ι.
532 423 653 484 c.v11.
695 423 795 494 §.120
1016 433 1081 506 543

124 587 304 688 Gnoses)
355 595 438 658 Vols.
462 617 491 657 r.
508 603 544 674 4.
568 595 701 660 Mediol.
726 597 834 659 Cibin.
856 589 1000 687 Gnoffos‚
1027 603 1078 662 uti

46 701 144 760 etiem
162 721 236 760 cum
252 699 303 760 ed.
324 711 382 774 25.
406 699 558 758 videntur
581 696 718 758 habuisse
740 700 898 770 Vaticani;
936 701 1014 764 Voss.
1042 715 1075 782 3.

50 797 201 890 Gnofiosr
231 801 321 882 l’reg.
349 791 495 888 Gnoson
528 799 632 866 ceteri,
659 817 738 879 quoe
755 801 904 881 equidem
922 801 1076 874 consului,

49 892 181 992 Gnofirs.
201 915 236 961 et
253 900 292 960 lic
307 897 387 960 sorte
403 897 602 970 Parilierrsm3
627 911 658 960 at
675 901 780 964 Havn.
800 902 909 964 Venet.
931 895 1078 992 Guoffue.

47 1003 130 1064 Edd.
158 1025 187 1064 r.
212 1017 244 1064 Ω.
273 1019 307 1079 9.
333 1019 390 1064 tt·
419 989 560 1090 Gnoson
599 1015 652 1076 13.
678 993 830 1090 &ruffum
865 1035 897 1078 ,.
923 997 1078 1092 Gnuffus,·

49 1113 82 1180 4.
97 1117 131 1180 5.
151 1103 183 1166 6.
201 1117 235 1176 7.
251 1114 284 1178 8.
306 1121 360 1165 ro.
384 1117 439 1166 12.
461 1112 514 1180 ι4.
540 1113 591 1176 ι5.
615 1116 669 1174 ι7.
695 1097 1079 1192 19.20.23.Gnoff0s.·

46 1205 212 1272 vadianus,
240 1203 400 1264 Olivariue
422 1221 496 1262 curn
519 1199 647 1262 familiis
670 1215 701 1264 et
722 1204 774 1263 olii
797 1203 970 1286 posueruut
994 1207 1078 1267 Gno-

43 1297 108 1396 sos.
142 1323 346 1366 weelnere.
407 1295 540 1392 Cnnffos
568 1301 767 1364 scribendum
797 1307 958 1388 geminato
989 1305 1078 1368 sibilo

49 1419 80 1466 et
97 1427 194 1488 cappe
215 1425 254 1466 ex
275 1405 418 1466 Homero
438 1417 472 1466 et
491 1403 606 1466 Graeca
624 1401 860 1467 consuetudine.
896 1425 1077 1470 rcuorrve.

49 1507 181 1568 Facilior
202 1505 256 1566 bic
284 1508 377 1566 venia
403 1505 504 1566 denda
528 1504 571 1566 eli
591 1504 742 1576 librariis,
782 1509 868 1586 quod
892 1509 976 1568 varie
997 1509 1079 1570 hane

48 1628 159 1670 rocem
184 1605 413 1688 expresserunt,
449 1609 482 1666 in
507 1626 567 1688 qua
592 1603 750 1668 scribenda
771 1607 826 1689 ipsi
855 1607 910 1670 libi
934 1625 1078 1672 auctore!

48 1729 154 1790 perum
178 1709 400 1776 constiterunt,
433 1721 484 1776 nt,
517 1727 596 1788 qnae
621 1707 736 1770 certior
759 1707 795 1768 stt
814 1711 909 1778 ratio,
937 1711 999 1770 dici
1024 1713 1080 1774 viz

48 1824 146 1891 queat.
201 1809 354 1889 Exempla
369 1805 488 1870 adferre
504 1827 571 1870 uon
591 1807 632 1869 eil
649 1807 777 1876 necesse.
809 1830 884 1870 cnm
906 1811 1011 1872 ubiuis
1027 1831 1079 1874 ex·

48 1911 138 1992 polita
156 1910 308 1992 prostent.
348 1911 435 1970 Tum
450 1911 545 1971 etiam
561 1909 698 1972 editores
717 1911 856 1977 invicem
878 1909 1078 1978 dissentiunt.

50 2013 155 2073 Graeci
181 2011 247 2072 fere
269 2030 324 2090 per
346 2011 377 2070 l'c
397 2013 622 2080 exordiuntur,
657 2009 756 2074 sedin
775 2011 949 2073 medioalii
971 2033 990 2074 o
1010 2015 1078 2076 stm-

49 2115 133 2194 plex,
167 2115 222 2174 elii
250 2112 365 2192 duplex
396 2109 586 2195 praeferunt.
639 2111 676 2171 ln
706 2112 848 2174 Homero
875 2114 911 2176 ll.
939 2133 968 2183 rt,
991 2117 1077 2194 644.

52 2213 153 2292 Odyll.
180 2233 236 2292 ²9·
263 2225 342 2289 173.
366 2225 399 2272 et
417 2213 502 2282 olibi,
529 2213 674 2292 quamvis
694 2215 796 2278 etiam,
815 2233 834 2276 o
853 2215 981 2295 simplex
1001 2217 1080 2276 olim

51 2317 185 2378 editores
208 2313 338 2396 qnidam
358 2315 589 2394 praetulerunt,
624 2316 672 2374 uti
688 2333 726 2374 ex
743 2313 919 2378 Villoisonii
936 2317 1080 2378 editione

52 2415 185 2480 discitur.
239 2409 390 2488 Κνωσσός
410 2413 522 2476 Strabo
544 2429 577 2476 et
601 2415 653 2476 alii
675 2415 786 2484 multi,
821 2435 900 2498 quoe
925 2429 1081 2480 memorat

53 2517 203 2578 llernfiue
218 2517 253 2576 in
269 2514 361 2578 Creta
378 2514 449 2577 Lib.
472 2536 501 2578 ι.
524 2535 589 2596 cap.
610 2528 642 2592 3.
666 2536 699 2596 p.
718 2517 762 2579 26
779 2515 841 2597 sqq.
893 2513 943 2579 'so'
961 2519 989 2576 li
1009 2537 1082 2598 pro-

54 2617 99 2676 bat
113 2621 214 2680 etiam
236 2618 398 2678 literarum
419 2617 499 2678 ordo
518 2617 551 2676 in
567 2613 725 2694 Hesyclrio
739 2631 771 2678 et
785 2617 898 2686 Suida.
925 2629 1017 2698 atque
1037 2620 1082 2680 ite

54 2722 200 2800 produxit
221 2715 285 2778 stne
311 2717 410 2778 dubio
433 2719 529 2778 etiam
543 2717 721 2798 Stephanus
741 2718 773 2777 in
795 2719 957 2800 deperdita
976 2719 1080 2781 Lexici

53 2836 147 2902 parte,
175 2839 254 2880 cum
271 2815 325 2876 sub
348 2817 377 2878 Γ
398 2837 463 2878 non
487 2821 678 2879 inveniatur.
732 2819 780 2878 De
798 2821 1015 2900 geminatione
1040 2833 1083 2880 ta·

53 2942 120 2982 men
134 2923 249 2982 literae
266 2937 284 2980 σ
299 2919 376 2980 certi
392 2920 473 2978 niltil
489 2919 578 2980 lletui
600 2917 710 3000 potest,
736 2938 794 2999 qua
813 2931 917 2980 temen
935 2917 1005 2980 usos
1022 2918 1083 2992 esse

54 3023 186 3084 Graecos
212 3021 378 3080 contendit
403 3018 551 3080 Dukerue
572 3021 610 3080 ad
638 3019 766 3080 Florum
792 3033 823 3096 3,
848 3034 880 3094 7,
904 3029 938 3098 4.
991 3021 1081 3102 Quae

51 3121 143 3184 suerit
175 3123 402 3184 Romanorum
434 3121 468 3180 in
498 3123 598 3202 prima
632 3117 745 3198 syllaba
778 3123 859 3180 ratio
895 3122 1083 3202 disputatur.

56 3215 178 3314 Gnoses
200 3235 232 3282 et
256 3213 379 3310 Cnosos
400 3220 440 3280 ob
464 3241 570 3282 earum
592 3223 753 3282 literarum
774 3223 997 3304 cognationem
1018 3237 1083 3284 tan·

53 3331 187 3386 tandem
203 3335 296 3404 putat
316 3322 440 3382 Pierine
457 3322 495 3382 ad
512 3323 678 3404 Virgilium
697 3327 775 3384 Aen.
793 3335 825 3400 5,
847 3320 928 3399 306.
961 3315 1084 3412 Gnoses

52 3428 164 3506 probet
195 3419 377 3484 Broukhus.
404 3423 442 3481 ed
476 3423 620 3505 Propert.
647 3438 731 3500 1‚5.
761 3441 792 3486 e.
828 3421 1012 3507 suffragante
1038 3425 1084 3484 ibi

53 3528 251 3592 Burmanno.
274 3536 306 3583 et
324 3521 570 3604 Oudendorpiue
591 3525 626 3585 nd
645 3525 764 3586 Lucan.
785 3537 816 3602 3,
838 3537 918 3602 185.
972 3525 1032 3584 rllii
1056 3523 1085 3586 C

55 3629 101 3688 elii
120 3629 154 3690 G
172 3629 206 3686 in
223 3623 311 3685 libri·
325 3623 419 3684 editio
441 3625 594 3704 probrum
620 3639 790 3706 utrumque
806 3625 1016 3686 inconstanter
1035 3625 1087 3684 ed·

53 3729 137 3792 hibet
165 3725 312 3786 Heinsius
337 3725 372 3784 in
395 3724 527 3808 Virgilio
551 3743 583 3787 et
604 3725 736 3787 Ovidio.
798 3727 961 3788 Audienda
991 3725 1088 3807 igitur

55 3829 101 3890 hic
121 3829 280 3890 videntur
301 3839 509 3886 monumenta
531 3825 645 3907 prisca,
669 3845 832 3906 quaecum
850 3827 1089 3908 corruptionem

57 3943 182 4012 experta
205 3947 272 3988 non
299 3923 390 3996 suut,
422 3926 455 3986 in
478 3931 578 4008 litque
603 3930 767 4008 praecipue
790 3929 892 3988 numi.
945 3927 989 3986 lli
1012 3943 1089 3986 veto

56 4033 88 4089 ad
107 4035 322 4111 imperatorer
339 4046 438 4106 usque
454 4030 618 4092 llomenos
640 4029 792 4090 exhibent
815 4029 967 4092 Κνωσιοι.
994 4043 1089 4106 aquo

57 4133 125 4193 inde
145 4143 291 4211 tempore
315 4129 454 4202 variant,
481 4143 513 4194 et
529 4131 628 4192 modo
646 4130 813 4194 Γνωσσιων
830 4129 928 4192 modo
943 4127 972 4188 Γ
974 4147 1091 4192 vrorum

100 4249 201 4322 remp.
222 4245 315 4300 Meu.
345 4245 386 4300 L.
409 4245 445 4300 u.
683 4228 766 4292 tum
