2836 4940
313 431 372 492 230
609 409 852 469 toltltolill
890 407 1053 466 Matar.

315 589 443 656 notavit
472 587 669 652 Ciacconiua.
721 583 868 671 Pragenl.
890 581 990 658 tint,
1021 581 1109 666 quod
1134 581 1203 642 aliaa
1225 573 1262 640 est
1279 575 1320 636 ha

317 695 431 756 bitanl.

399 897 439 956 a'at
464 891 572 974 illa)
620 893 780 956 vadianus
804 905 837 955 et
861 891 938 954 hinc
964 901 1020 969 28.
1047 903 1107 952 nt.
1132 902 1186 951 22.
1208 891 1260 961 24·
1281 889 1323 955 25·

324 999 461 1064 omnino
477 997 643 1064 Vadlauae.
665 994 862 1057 Olivariattae
882 1015 955 1056 cum
976 995 1105 1060 vineto.
1126 989 1255 1055 Schotta.
1274 981 1324 1060 (qui

327 1117 432 1162 tamen
450 1099 553 1158 veluti
571 1109 692 1180 partem
714 1095 826 1182 glollae
847 1093 1016 1179 produxit)
1043 1089 1173 1160 Voffiua‚
1199 1081 1324 1149 Gronaaii
1365 1090 1366 1094 ’

328 1205 361 1266 itt
388 1201 461 1262 edd.
489 1209 550 1278 4⁰·
576 1207 636 1277 42.
661 1209 722 1276 42.
756 1214 958 1280 praeponunt
978 1195 1083 1279 quod.
1114 1184 1325 1278 repugnantibus

330 1303 454 1366 Msstis
482 1301 648 1368 omnibua.
682 1301 779 1362 etiam
802 1299 949 1362 Ciaccott.
972 1315 1005 1360 at
1026 1295 1134 1381 priscis
1155 1287 1325 1356 editionibus.

329 1407 376 1468 lta
399 1397 509 1486 paffim
529 1403 687 1462 Vadianua
703 1401 821 1462 Melam
841 1402 923 1464 mala
946 1401 1095 1470 adiuvat,
1121 1397 1175 1479 qui
1193 1407 1282 1454 tamen
1299 1385 1328 1446 le·

330 1520 435 1590 parata
455 1518 486 1565 et
508 1503 650 1564 dillincta
672 1505 825 1565 orationis
844 1502 987 1564 membra
1008 1521 1131 1585 ponere
1151 1507 1239 1564 amat·
1261 1489 1327 1551 ‘⁰5⁰⁵

330 1609 491 1670 luculenta
513 1605 654 1686 exempla
672 1605 768 1666 habea
789 1627 817 1676 t,
839 1625 867 1667 a.
885 1592 930 1667 in.
962 1623 991 1674 2,
1013 1622 1072 1684 19.
1091 1619 1123 1679 7.
1144 1612 1174 1662 et
1188 1595 1260 1657 alibi.
1293 1589 1330 1650 sic

333 1711 493 1770 Vadlanua
516 1719 548 1786 3.
571 1717 606 1786 4.
632 1723 663 1770 2.
685 1705 839 1768 ablativos
861 1705 1105 1788 consequentiae
1124 1699 1280 1765 effinxerat.
1301 1691 1329 1748 dl

335 1823 447 1894 quaet
463 1807 503 1872 cl.
526 1829 555 1879 a,
576 1825 606 1878 2.
624 1822 658 1870 2.
692 1807 755 1870 Pro
771 1807 910 1888 genitum
927 1799 1055 1870 inve‘tlo
1076 1808 1228 1867 literarum
1246 1793 1330 1856 ordint

338 1913 412 1974 eald.
435 1929 463 1973 t.
486 1927 516 1974 2.
540 1927 574 1988 9.
597 1923 651 1986 13.
674 1921 728 1986 15.
749 1927 805 1972 ao.
829 1910 947 1994 Saling.
970 1921 1077 1988 1538.
1096 1906 1243 1988 gentiam
1269 1889 1330 1956 lleh·

334 2011 435 2173 :ligea
451 2001 575 2102 speculi
589 2027 647 2092 pro
660 2001 761 2103 specu
780 2011 915 2094 repetita
931 2011 1035 2094 prima
1052 2006 1206 2093 sequentia
1222 1989 1332 2062 nominis

346 2112 461 2193 yllaba.

414 2311 596 2395 patrem)
633 2315 788 2378 Incertam
804 2315 883 2378 haec
898 2335 964 2378 vox
982 2314 1089 2379 ledam
1106 2310 1197 2374 habet
1210 2307 1240 2368 in
1253 2295 1332 2361 multia

343 2417 507 2480 codicibut
529 2433 562 2478 at
581 2417 788 2480 editionibus.
841 2417 933 2480 libell
960 2419 1049 2480 etaim
1074 2420 1108 2478 in
1132 2409 1244 2474 MSStia
1263 2397 1331 2460 Vatia

345 2519 454 2582 Cibin.
477 2518 645 2602 llehdiger.
668 2519 740 2598 (llic
763 2521 857 2581 eliam
869 2513 993 2611 speculi
1014 2537 1073 2602 pro
1088 2509 1186 2608 specu
1206 2499 1332 2572 liberum)

348 2619 432 2704 Lipl.
457 2621 540 2681 Gud.
564 2621 670 2684 Havn.
692 2635 725 2682 et
747 2623 820 2684 edd.
842 2643 869 2684 a.
889 2637 922 2684 2.
944 2636 977 2702 5.
992 2631 1026 2700 4.
1045 2631 1080 2698 5.
1104 2621 1137 2682 6.
1156 2633 1188 2688 7·
1206 2623 1235 2688 8·
1251 2623 1279 2684 9·
1294 2615 1332 2658 ¹⁰·

352 2743 408 2785 ιι.
436 2737 491 2784 22.
521 2735 576 2799 13.
599 2737 653 2802 ιι..
678 2720 731 2784 16.
753 2735 807 2799 18.
829 2739 959 2801 19.22.
981 2731 1039 2803 24.
1061 2733 1118 2799 a5.
1140 2697 1333 2778 vadiantst'l·

349 2837 441 2894 neto,
469 2825 602 2896 Scltotto
624 2837 656 2884 at
673 2824 891 2886 lleinoltliania
911 2823 1087 2904 prioribua3
1129 2817 1238 2879 habent
1256 2815 1334 2867 tamen

349 2927 463 2986 Vertat.
486 2925 575 3008 Prag.
598 2925 736 2986 vindob.
760 2937 801 2994 et,
828 2927 912 3007 quod
934 2926 1070 2992 videtur,
1097 2909 1264 2985 Parilienlet
1283 2915 1335 2965 tres·

349 3027 429 3086 ittnt
453 3045 490 3086 ex
513 3027 585 3086 etld.
610 3037 664 3102 ¹5·
695 3041 749 3100 17.
775 3043 831 3090 2ο.
855 3041 912 3106 25.
935 3019 1070 3096 Vulnus,
1102 3011 1254 3084 Gronovil.
1276 3006 1336 3080 KaP·

347 3129 421 3208 piua
443 3141 476 3186 et
496 3127 705 3188 lieinoldiana
721 3148 770 3189 an.
794 3141 896 3209 1775.
948 3129 998 3190 Δη
1018 3129 1052 3188 in
1069 3125 1131 3186 luia
1145 3113 1286 3184 codicibus
1304 3103 1337 3160 in·

349 3230 473 3288 venerit
495 3243 527 3288 et
553 3229 585 3286 in
611 3227 726 3308 quibua
749 3231 786 3290 A.
808 3229 1007 3298 Gronovius.
1040 3227 1122 3288 nihil
1144 3215 1270 3284 monuit.
1297 3197 1336 3263 effi

349 3331 455 3410 potina
475 3329 600 3390 videtur
618 3329 781 3400 invenille.
804 3332 940 3392 certain
960 3331 1127 3410 plerisque.
1164 3323 1263 3384 Vtrum
1274 3315 1336 3368 recte

336 3431 472 3499 ehabeat.
496 3431 582 3490 dictu
599 3431 642 3490 est
658 3429 794 3500 difficile.
819 3451 892 3492 cum
906 3445 1036 3512 utraque
1051 3429 1149 3490 forma
1164 3423 1249 3484 iidem
1263 3410 1336 3471 elilffl

351 3547 501 3602 auctores.
526 3532 624 3594 veluti
641 3534 798 3602 Horatius.
822 3546 961 3602 utantur,
983 3547 1016 3594 et
1031 3527 1198 3614 promiscua
1212 3519 1256 3579 hic
1268 3511 1337 3592 agani

351 3635 481 3716 prosaici
503 3647 535 3694 et
554 3647 666 3715 poetae
687 3636 766 3696 adeo
783 3637 816 3694 in
834 3636 943 3696 eadent
965 3653 998 3695 te
1020 3632 1174 3694 narranda.
1218 3619 1261 3680 Sic
1277 3607 1335 3670 llll·

353 3739 455 3798 tianus
473 3737 597 3818 Capella
612 3737 666 3799 lib.
678 3737 711 3800 6.
727 3759 757 3818 p.
771 3748 850 3815 224.
868 3737 966 3804 addit,
990 3749 1079 3796 antea
1096 3755 1128 3816 p.
1147 3739 1220 3802 223.
1235 3705 1336 3780 omnm·

354 3838 475 3921 Legilla
504 3853 606 3902 tamen
636 3839 686 3900 hic
713 3841 840 3900 videtur
864 3839 959 3899 etiam
986 3837 1159 3900 Boccaliua‚
1188 3823 1257 3906 quil·
1280 3821 1333 3871 aum

355 3941 489 4020 plurima
505 3963 542 4003 ex
556 3943 735 4022 Pomponio
749 3937 892 4010 hauserit,
910 3938 929 4001 l.
942 3961 998 4002 vv.
1012 3939 1120 4000 Meros
1134 3945 1164 3995 et
1176 3911 1248 4014 Nisa
1260 3907 1332 3976 ld‘ffl·

354 4042 453 4106 Addit
469 4049 564 4107 etiam
585 4045 705 4106 Plinius
723 4045 755 4112 6.
775 4057 831 4118 23.
848 4039 869 4104 l.
888 4059 943 4104 22.
963 4055 1000 4102 ut
1016 4041 1092 4100 alilti
1112 4055 1140 4106 2,
1157 4028 1227 4097 206.
1241 4018 1259 4083 l.
1273 4017 1330 4084 1⁰5·

358 4145 416 4226 56.
432 4159 465 4228 4.
483 4147 503 4212 l.
519 4163 553 4228 5.
575 4147 739 4230 aliquoties
758 4157 791 4207 et
805 4143 907 4208 noster
923 4139 1012 4225 supra
1029 4157 1063 4213 2,
1082 4155 1114 4212 2,
1133 4152 1163 4200 2.
