2752 4944
311 432 372 495 nu
498 395 501 403 ’
608 422 1052 480 rourounuacae

312 597 423 667 suum,
456 595 513 657 uhi
539 595 731 682 deglutitum
755 615 771 657 a
795 609 875 658 terra
905 594 1083 659 fabulantur
1107 595 1362 681 Amphiaraum,

308 701 467 760 incertum
494 695 581 760 fuisse
607 699 703 769 olim,
739 697 808 761 satie
842 699 991 760 testantur
1023 713 1156 762 veterat.
1224 698 1362 782 Quodsi

310 801 488 882 quirillum
506 797 632 883 prorsur
654 802 798 885 ignorare
821 801 910 871 velit,
942 802 1025 885 legat
1041 801 1195 882 prolixam
1213 785 1362 861 differta·

309 903 454 972 tionem,
497 919 593 982 quam
626 901 665 962 de
699 901 762 962 hoc
796 901 929 962 inllituit
960 903 1142 964 Solinianua
1180 903 1360 983 interpres.

309 1003 432 1064 Mirum
457 1022 551 1084 quam
575 1004 658 1084 apud
680 1001 783 1084 ipsum
806 1004 918 1065 Strabo
940 1005 1083 1086 vapulet,
1124 1005 1214 1065 cuiue
1238 1015 1362 1064 tamen

308 1103 405 1167 rerba
421 1104 500 1164 adeo
521 1101 592 1163 sunt
612 1105 711 1184 plana,
730 1105 869 1166 utnulla
887 1107 996 1189 magio.
1042 1104 1200 1184 (Inopiam
1214 1124 1362 1184 usquam

309 1207 344 1267 in
372 1207 506 1267 Boeotia
535 1201 622 1264 fuisse
648 1217 757 1289 negat,
802 1225 875 1266 cum
902 1220 1008 1268 tamen
1036 1206 1099 1268 hoc
1122 1206 1283 1288 oppidum
1306 1207 1362 1266 ita

309 1308 432 1368 alictum
450 1307 488 1368 sit
509 1305 654 1389 aCrropo
674 1307 794 1377 fluvio,
828 1309 883 1388 qui
905 1307 990 1368 idern
1011 1305 1055 1368 eil
1075 1320 1169 1388 atque
1190 1297 1359 1397 Ismenus.

310 1411 357 1470 lta
381 1423 421 1468 ut
444 1399 566 1498 Ismene
587 1408 777 1489 oppidulum
798 1421 830 1468 et
849 1407 974 1489 Cuopia
998 1409 1108 1470 eadem
1125 1407 1214 1470 suiffe
1239 1409 1360 1468 videa-

309 1523 373 1572 tur.
425 1509 489 1572 sed
516 1527 595 1569 vero
623 1505 749 1571 Ilorvia
773 1505 893 1582 ἑνικῶς,
928 1529 1023 1590 quam
1051 1508 1115 1590 ipse
1137 1511 1217 1571 male
1241 1507 1360 1570 substi-

307 1614 390 1681 tuit,
421 1610 506 1672 nulla
526 1611 560 1669 in
582 1609 716 1672 Boeotia
733 1608 812 1680 suit,
838 1630 912 1671 cum
927 1629 1040 1672 omnes
1059 1605 1289 1696 πληθυντικῶς
1317 1613 1358 1670 id

307 1731 428 1774 nomen
453 1710 595 1772 efferant.
659 1711 786 1772 Desinat
810 1731 937 1794 quoque
965 1713 1088 1782 mirari,
1130 1713 1216 1793 quod
1250 1713 1360 1772 multi

309 1799 458 1895 Oropum
473 1811 585 1873 urbem
604 1813 637 1872 in
654 1814 786 1896 regione
805 1812 867 1874 slve
884 1833 959 1898 agro
975 1813 1129 1874 Thebano
1147 1813 1356 1876 collocarint.

308 1915 409 1977 llecte
432 1907 518 1974 enim
549 1913 610 1974 hoc
640 1913 678 1974 ab
708 1915 768 1976 illie
792 1911 927 1984 sactum,
961 1935 1034 1976 cum
1059 1913 1186 1996 Oropua
1206 1934 1273 1974 non
1299 1914 1358 1975 sui

308 2017 402 2086 iuris,
436 2013 486 2075 sed
511 2015 635 2096 propria
661 2013 759 2076 suerit
779 2015 1018 2078 Thebanorum.
1085 2017 1158 2077 Hoc
1180 2013 1357 2078 manifeste

307 2115 515 2177 Dicaearchus
532 2116 642 2176 docet:
671 2113 713 2176 Ἡ
732 2113 764 2179 δὲ
779 2111 872 2190 πόλις
887 2116 951 2180 τῶν
968 2114 1141 2205 Ὠρωπίων
1159 2114 1259 2181 οἰκεία
1277 2119 1358 2182 τῶν

307 2214 428 2302 Θηβῶν
449 2211 525 2278 ἐστι.
560 2236 699 2278 vocetur.
769 2218 887 2279 Erraise
908 2221 1015 2301 potiut
1044 2220 1169 2280 credam
1190 2217 1356 2290 nostrum,

307 2337 401 2398 quam
432 2319 543 2378 invitia
571 2317 658 2380 libria
685 2319 730 2378 illi
754 2334 961 2403 augmentum
988 2319 1130 2382 Pintiani
1160 2318 1354 2385 obtrudam.

306 2417 481 2502 vulgatam
503 2419 676 2480 lectionem
696 2419 807 2502 probat
824 2421 919 2482 etiam
935 2421 1064 2483 Solinus
1085 2441 1112 2484 c.
1132 2421 1153 2483 1.
1181 2433 1265 2482 certe
1291 2443 1357 2484 ve·

307 2517 503 2581 tulliffiruam
526 2520 586 2582 esse
605 2521 707 2583 docet.
761 2521 828 2582 Nisi
846 2522 1054 2584 Rhamnunte
1074 2525 1170 2583 etiam
1187 2541 1262 2583 vere
1279 2521 1356 2584 suit

306 2620 489 2705 Amphiarai
512 2618 631 2692 sanum,
655 2623 772 2704 quippe
791 2640 886 2703 quem
902 2622 940 2682 ab
957 2623 1107 2686 omnibus
1125 2623 1250 2685 Graecia
1265 2636 1356 2686 tarn·

306 2743 400 2805 quam
424 2725 530 2783 Deum
553 2724 675 2785 cultum
698 2721 785 2786 soille
802 2723 905 2784 scribit
927 2723 1090 2786 Pausaniae
1117 2742 1146 2794 1,
1171 2733 1227 2802 34.
1255 2723 1355 2789 loco·

305 2845 379 2886 rum
409 2825 525 2884 vicinia
556 2825 706 2906 deceptus
734 2824 793 2886 else
820 2825 964 2894 videtur,
1005 2845 1070 2906 quo
1101 2839 1183 2886 certe
1207 2829 1353 2890 nomine

306 2943 380 2988 eum
400 2923 610 2985 excusandum
631 2939 721 3008 putat
737 2927 997 3009 Baumgartenius
1020 2928 1053 2986 iu
1071 2925 1177 2987 histor.
1197 2927 1354 2992 Vnivers.

212 3081 215 3088 .
306 3029 346 3088 T.
365 3040 398 3102 5.
419 3047 450 3107 p.
475 3039 532 3104 37.
566 3046 640 3086 cum
664 3045 728 3107 quo
748 3025 904 3089 consentit
929 3027 1053 3089 Politus
1075 3029 1113 3088 ad
1136 3027 1279 3089 Eustath.
1310 3033 1354 3090 ad

306 3127 441 3189 Homer.
462 3127 498 3188 ll.
523 3141 555 3196 o,
578 3137 663 3206 493.
685 3129 724 3188 T.
744 3143 778 3190 Ω.
801 3149 834 3210 p.
851 3137 935 3207 554.
987 3127 1099 3210 Neque
1121 3129 1219 3197 enim,
1254 3131 1353 3210 quod

307 3226 416 3288 scribit
431 3222 572 3297 Voffiua,
600 3241 663 3288 tam
685 3227 783 3312 longo
806 3229 972 3290 intervallo
993 3245 1115 3292 remota
1137 3227 1268 3290 fuerunt
1293 3233 1352 3292 illa

306 3329 440 3412 oppida,
474 3330 521 3388 uti
537 3343 644 3390 contra
667 3349 741 3390 eum
763 3329 874 3390 docuit
895 3331 1018 3392 Politus
1039 3331 1078 3390 ad
1100 3331 1240 3392 Eustath.
1267 3353 1297 3395 c.
1328 3335 1350 3394 l.

307 3429 450 3511 Nempe,
483 3431 569 3510 quod
594 3446 696 3492 narrat
717 3429 882 3492 Pausaniae
910 3452 939 3510 r,
964 3445 1021 3510 53.
1041 3431 1086 3493 in.
1113 3451 1129 3490 a
1152 3433 1351 3494 Marathone

306 3529 399 3592 llarlia
423 3531 468 3592 60
493 3530 638 3612 Oropum
666 3529 773 3594 versus
801 3553 857 3613 per
881 3533 956 3592 litua
982 3529 1147 3616 progressu
1173 3534 1349 3595 Rhamnua

307 3633 461 3704 occurrit;
501 3632 585 3692 haud
607 3634 719 3714 procul
742 3654 758 3692 a
779 3634 858 3692 utari
889 3631 996 3694 sanum
1023 3632 1085 3694 suit
1111 3633 1349 3717 (Dicaearchus

306 3755 338 3794 v.
357 3730 436 3814 37.)
460 3733 584 3794 circiter
603 3748 645 3795 ru
664 3733 755 3793 stadia
771 3733 809 3793 ab
825 3733 946 3815 Oropo,
966 3734 1143 3812 (Pausaniae
1166 3755 1193 3805 t,
1213 3747 1272 3813 34.
1285 3738 1349 3812 in.)

307 3835 392 3895 unde
410 3835 449 3894 de
469 3834 528 3894 situ
550 3835 681 3894 iudicari
702 3833 822 3914 potest,
848 3837 921 3915 quia
943 3837 1087 3917 pluribus
1106 3837 1159 3896 hic
1179 3857 1345 3920 exponere

307 3956 374 3996 non
394 3936 526 3996 adtinet.
580 3935 676 4018 Quorl
700 3935 816 3996 Harma
838 3936 910 3997 vult
931 3937 1110 4007 Salmasius,
1136 3958 1235 4020 prope
1262 3939 1347 4002 Oro-

306 4055 386 4119 pum
410 4035 527 4096 Harma
548 4036 673 4098 nullum
695 4033 766 4099 suit.
807 4035 859 4100 ef.
878 4035 1004 4104 Politue
1026 4059 1059 4121 p.
1077 4040 1160 4118 536.
1184 4059 1211 4102 c.
1230 4041 1252 4101 l.
