2894 4948
311 393 374 476 55⁶
556 447 562 470 ,
611 395 860 456 ιοΜιοΝιι
898 397 1068 454 ereren

313 592 374 658 pro
389 561 502 662 fonte.
552 569 642 632 Tum
663 571 755 654 Prog.
780 569 888 633 Hern.
907 569 1035 633 Bonon.
1057 565 1140 632 forte
1154 569 1258 646 etiam
1276 569 1355 630 Veri·

316 675 387 738 cani
410 691 484 734 cum
509 669 582 733 edd.
617 685 671 749 15.
703 687 758 747 17.
790 690 847 734 eo.
874 685 933 751 25.
963 684 1151 754 auctumque
1173 671 1356 732 mutatione

314 777 382 839 non
404 793 486 844 rore,
511 775 561 834 uti
583 773 700 836 docent
716 771 958 834 Drakenborch.
979 773 1018 834 ad
1036 773 1108 833 Liv.
1127 785 1159 851 3,
1179 785 1212 851 3.
1236 785 1271 851 3.
1304 787 1357 845 27,
1428 793 1429 808 ι

263 915 266 924 -
318 895 353 958 9,
377 897 431 936 ιι.
455 887 487 936 et
506 873 592 946 olibi,
618 888 651 936 et
666 875 829 938 staveren.
847 873 886 935 ad
902 872 1021 956 Nepot.
1039 885 1098 950 25,
1113 891 1147 954 9,
1172 893 1203 936 ι.
1239 877 1358 935 Actum

317 995 418 1042 nexus
438 988 471 1038 et
491 971 597 1037 rentur
617 973 785 1058 postulant.

392 1179 446 1244 orl
471 1175 584 1260 Eoo)
634 1175 718 1260 Lipi.
744 1177 830 1240 (iud.
853 1175 990 1240 Vindob.
1015 1176 1123 1240 Cibin.
1151 1175 1250 1239 Perii.
1273 1197 1306 1239 ι.
1324 1189 1356 1254 3.

314 1282 456 1366 Rehdig.
478 1281 575 1342 Votic.
598 1278 689 1363 Preg.
713 1277 876 1364 Augustin.
899 1279 1007 1340 Hovn.
1030 1279 1140 1340 Vener.
1161 1276 1216 1338 ubi
1235 1277 1283 1338 ad
1302 1299 1358 1348 ee,-

316 1382 413 1448 l’aris.
437 1395 561 1444 tentum
584 1377 637 1441 obi
658 1373 762 1471 poffit.
815 1380 854 1441 A.
872 1378 1057 1441 Gronovius
1080 1380 1120 1440 od
1142 1399 1260 1440 rocem
1280 1378 1357 1439 Eoo

319 1485 402 1548 nihil
425 1481 538 1546 diverfi
553 1499 593 1543 ex
612 1477 674 1542 [uio
694 1481 820 1542 adtulit.
872 1481 1042 1542 Editiones
1062 1501 1091 1542 ι.
1112 1497 1142 1542 o.
1160 1493 1193 1559 5.
1210 1489 1247 1560 4.
1268 1493 1303 1555 5.
1321 1481 1353 1542 6.

320 1577 1356 1664 7.8.9.1o.1r.ro.15.14.15.17.2o.25.ubiadea,·

322 1704 377 1766 ¹9·
399 1681 555 1746 noradin·
580 1675 695 1773 poffies
740 1679 795 1748 26.
823 1693 877 1760 ¹8·
906 1697 963 1746 21.
989 1697 1048 1744 ιι.
1072 1692 1129 1761 24.
1154 1692 1211 1757 25.
1236 1677 1292 1741 ubi
1311 1681 1356 1740 aa

317 1787 407 1857 an,
433 1787 483 1847 uti
504 1795 681 1846 correxerat
702 1781 767 1868 (ed
787 1780 845 1865 eo)
872 1789 987 1844 marrus
1007 1785 1100 1846 docta
1122 1783 1156 1842 in
1178 1783 1354 1864 exemplari

318 1906 394 1949 meo
414 1887 492 1950 edit.
513 1903 570 1949 10.
603 1885 771 1946 Pintianuo
790 1883 886 1945 etiam
909 1885 1054 1947 coniecit.
1094 1886 1237 1964 Sequens
1257 1877 1353 1974 poffie

318 2001 452 2049 tuentur
471 2003 586 2048 omnen
609 1985 733 2047 codices
755 1999 879 2066 praeter
901 1983 1044 2047 Leideni.
1071 2005 1109 2047 ox
1128 2003 1192 2066 quo
1214 1985 1253 2046 A.
1274 1985 1352 2046 Gro-

317 2089 434 2150 novius
456 2085 552 2148 refert
575 2078 702 2176 poffint.
738 2085 819 2146 Illud
841 2088 939 2148 etiam
956 2086 1073 2171 legitur
1088 2086 1121 2145 io
1139 2087 1213 2148 edd.
1236 2087 1351 2147 vereri·

315 2187 376 2250 boe
390 2189 429 2249 ad
444 2187 621 2249 Vadienum
640 2205 750 2267 usque,
775 2186 830 2266 qui
848 2185 953 2268 posuit
971 2179 1160 2276 procefferir.
1186 2185 1286 2268 idque
1306 2207 1350 2248 re·

310 2300 467 2370 oeperunt
487 2307 560 2348 cum
581 2287 739 2358 Vedionis‚
771 2286 971 2359 Oiirarianie,
1005 2303 1063 2350 or.
1089 2297 1146 2365 24.
1172 2299 1231 2365 28.
1258 2290 1350 2349 Vine-

318 2403 389 2460 tur‚
415 2389 583 2456 Schotrue.
610 2381 754 2458 volnus.
780 2397 840 2468 4ο.
864 2396 924 2470 41.
951 2396 1011 2470 49.
1032 2388 1126 2451 rediit
1148 2389 1227 2450 inde
1242 2384 1346 2480 poffir.

316 2507 519 2552 meavcrrr.
579 2487 698 2551 Aldus:
732 2487 843 2549 itervm
857 2479 968 2579 seube'
987 2489 1032 2550 ad
1051 2510 1088 2550 eo
1106 2482 1223 2579 ruffae,-
1255 2488 1347 2561 forre.

316 2591 428 2653 iterum
444 2581 484 2682 se
504 2586 557 2650 ube·
573 2587 656 2649 adiri
675 2583 779 2682 poffit.
816 2607 1014 2653 errrrrrrve.
1072 2590 1160 2674 Quid
1180 2591 1349 2654 Pinrienue

315 2703 467 2774 reponat,
500 2691 534 2751 in
562 2702 693 2783 prorum
717 2689 771 2752 est.
822 2689 916 2753 Forte
936 2689 980 2752 od
1001 2691 1105 2752 anm
1130 2683 1271 2780 ceffirit,
1297 2695 1349 2756 vel

314 2790 361 2853 ad
384 2795 537 2855 Auroram
556 2780 695 2879 eefferie:
730 2807 804 2852 nam
828 2789 891 2852 hoc
913 2791 1013 2854 verbo
1033 2792 1126 2873 paulo
1148 2793 1216 2872 post
1237 2795 1348 2858 utitur.

315 2911 491 2956 eenorrve.
540 2881 724 2980 Proeefferie
742 2892 777 2952 in
798 2892 939 2954 editione
956 2883 1183 2953 Mediolaninfi
1207 2913 1351 2958 correxe-

314 3006 364 3055 rat
383 2991 542 3056 Hannibal
558 2991 721 3068 Crucejue.
773 2989 1023 3075 Oudendorpiuo
1041 2993 1185 3063 molebat.
1212 2993 1349 3088 proselir,
1428 3055 1429 3072 ,

313 3093 402 3176 quod
422 3091 556 3154 verbum
572 3092 687 3154 eodem
702 3092 800 3152 morio
818 3089 979 3175 usurpavit
1000 3094 1116 3155 Auctor
1132 3093 1188 3156 lib.
1207 3111 1240 3157 o.
1267 3117 1297 3160 o.
1313 3109 1348 3176 4.

314 3191 397 3255 Indo
425 3203 494 3254 tem
521 3191 603 3253 citus
628 3193 767 3270 (Padus)
792 3189 935 3282 profiiit.
967 3207 1005 3255 ut
1030 3187 1173 3285 discuffir
1194 3190 1350 3280 fluctibus

314 3292 369 3354 diu
389 3305 450 3355 etc.
489 3291 629 3354 Ovidius
650 3292 705 3354 lib.
727 3305 782 3370 15.
807 3293 1022 3376 Metamorph.
1047 3315 1080 3356 r.
1100 3311 1183 3370 272.
1208 3311 1241 3358 ee
1263 3301 1349 3360 enri-

314 3395 385 3478 quis
407 3381 474 3455 tom
492 3392 593 3454 muita
613 3391 794 3454 tremoribus
818 3391 904 3456 orbis
917 3395 1063 3456 Flmuina
1078 3393 1259 3484 profiliurrt.
1304 3401 1348 3460 Et

315 3493 438 3556 Plinius
456 3493 512 3557 lib.
529 3505 561 3572 5.
583 3513 650 3574 cap.
671 3511 706 3573 9.
730 3495 770 3555 de
788 3493 883 3555 Nilo:
921 3496 1035 3576 iterum
1065 3499 1169 3557 arerrir
1200 3513 1347 3579 receptus

314 3595 464 3656 conditur
483 3585 589 3684 rursus
604 3595 672 3656 XX.
694 3592 811 3656 dierum
831 3585 959 3686 desertis
978 3595 1023 3656 od
1042 3597 1203 3676 proximos
1217 3601 1346 3663 Aethio·

313 3715 397 3778 ραις
426 3708 521 3779 atque
542 3691 595 3755 ube·
618 3695 727 3755 iterum
739 3685 876 3786 senserit
895 3697 1065 3769 hominem,
1089 3693 1214 3790 profilr'e
1228 3692 1344 3790 fonte,

174 3801 179 3814 ¹
314 3805 353 3856 ret
368 3797 437 3857 veri
451 3793 533 3858 rmile
552 3793 605 3883 esi,
630 3793 694 3864 illo,
717 3815 806 3878 quem
820 3795 939 3876 Nigrr'rr
958 3817 1116 3860 vocavere.
1157 3800 1276 3880 Nigris
1290 3822 1344 3864 eu·

312 3907 380 3956 tem
393 3897 499 3958 Plinio
515 3895 631 3956 dicitur
648 3892 720 3957 sono
735 3895 817 3968 Nili,
844 3899 900 3978 qui
919 3916 936 3958 e
960 3897 1044 3960 Melo
1059 3897 1190 3960 Nuclrui
1206 3901 1342 3986 appelle-

314 4009 375 4059 tur.
408 4017 439 4060 A.
464 3987 669 4058 orror'ovrve.
717 3997 752 4058 si
769 3999 840 4077 quie
854 3999 1043 4061 coniecturis
1057 3999 1229 4083 indulgeat,
1253 4005 1342 4085 quod

314 4097 444 4181 quidem
464 4097 517 4161 hie
535 4109 569 4160 et
581 4097 617 4162 in
636 4094 749 4163 talibue
764 4093 891 4165 difficile
907 4119 976 4166 ιιοιι
993 4099 1051 4174 est.
1075 4097 1169 4186 poffit
1184 4115 1218 4168 et
1236 4104 1343 4191 legere
