2836 4940
374 463 466 522 tto.
496 467 548 520 111.
594 465 627 521 C.
656 467 708 526 vt.
751 465 776 535 t.
801 479 830 534 7.
1064 476 1122 542 209

80 639 164 703 lude
181 640 319 702 occurrit
334 639 546 710 dubitationi,
572 659 650 722 quae
666 659 760 702 exeo
778 638 877 702 enasci
897 635 1008 722 possit,
1035 639 1122 721 quod

77 743 211 804 Tacitus
232 743 315 803 hanc
337 741 470 804 insulam
488 741 709 805 Codanoniam
731 741 791 803 suls
812 741 1032 804 Thuitonibus
1055 760 1123 802 nou

79 844 211 904 tribuat.
265 843 385 906 Melam
410 864 527 926 nempe
547 845 599 906 vel
618 865 682 906 non
705 843 880 914 consuluit,
906 843 960 906 vel
981 845 1011 904 ei
1026 843 1123 903 sidem

81 965 153 1007 non
171 945 295 1018 habuit;
321 946 444 1008 Plinius
458 960 565 1007 autem
585 945 767 1008 commiscet
784 945 884 1006 smum
901 945 1071 1008 Codanum
1090 955 1123 1002 et

81 1067 171 1108 mare
187 1048 360 1117 Bellicum,
387 1049 473 1130 quod
495 1049 606 1109 Tacito
630 1047 674 1108 est
693 1049 883 1117 Suevicuru,
911 1059 999 1108 utet
1023 1045 1121 1106 bodie

79 1149 213 1229 quidam
244 1147 376 1210 iaciunt.
430 1149 590 1210 Hactenus
628 1149 691 1212 ille.
750 1151 795 1210 Ea
824 1167 901 1210 vero
935 1161 1123 1232 argumenta

79 1251 303 1312 Scbloetzerus
321 1269 346 1311 c.
365 1251 386 1312 Ι.
412 1250 464 1311 vel
482 1253 616 1320 infirma,
643 1251 696 1312 vel
712 1251 751 1312 iis
766 1251 843 1312 viris
859 1251 989 1334 indigue
1005 1247 1121 1310 censet.
1201 1283 1205 1292 ·

81 1349 194 1412 lusont
211 1353 309 1421 euim,
335 1371 415 1432 quae
435 1353 469 1412 in
486 1367 653 1434 utramque
674 1365 793 1434 partem
812 1352 964 1434 disputati
982 1339 1122 1432 possunt,

80 1473 143 1514 nec
157 1469 329 1537 repugnat,
353 1455 440 1534 quod
457 1455 495 1513 ad
519 1455 772 1515 internecionem
791 1453 902 1515 olima
920 1452 1023 1513 llllatio
1038 1453 1123 1512 Teu·

79 1555 153 1615 toni
172 1556 246 1615 caesi
265 1567 363 1617 erant.
417 1555 520 1616 Melae
536 1557 623 1616 enini
642 1568 787 1636 tempore
803 1554 983 1616 incolebant
996 1552 1123 1614 Codani

77 1657 165 1716 linus
181 1671 321 1739 partem,
346 1671 382 1716 ut
400 1655 464 1736 ipse
479 1657 573 1718 docet
593 1656 683 1738 supra
706 1677 732 1718 c.
751 1669 782 1733 5.
802 1653 823 1718 s.
850 1669 882 1716 et
900 1657 980 1716 banc
996 1651 1122 1735 insuper
1206 1709 1209 1713 .

79 1755 234 1828 insulam,
262 1759 336 1818 licet
352 1757 530 1818 Ancbersen
548 1779 579 1840 p.
602 1773 681 1832 172.
700 1777 726 1820 c.
743 1757 763 1818 l.
790 1777 828 1820 ex
848 1755 1000 1838 particula
1016 1755 1122 1816 adbuc

79 1861 171 1942 plura
193 1860 260 1920 loca
279 1877 328 1920 eas
349 1873 440 1920 autea
457 1859 587 1920 termille
604 1879 669 1920 oon
687 1871 806 1920 temere
822 1858 966 1942 conligit.
1022 1857 1123 1940 Quod

79 1961 318 2042 Schoeningius
335 1959 555 2020 Coclonouiam
573 1973 662 2042 putat
677 1957 735 2021 esse
751 1959 940 2020 Dououiom
961 1959 982 2020 i.
1001 1977 1030 2021 e.
1048 1956 1122 2019 Da-

80 2065 187 2130 uiam,
223 2063 274 2122 cui
303 2061 413 2122 Graeci
438 2075 470 2122 et
501 2063 641 2122 llomani
670 2063 870 2142 praefixerint
900 2059 1048 2140 syllabam
1075 2058 1123 2120 Co

81 2163 186 2243 (iere.
214 2177 250 2222 ut
266 2164 398 2244 explicat
414 2163 585 2224 Cluverius
603 2165 635 2222 in
653 2163 761 2224 Germ.
777 2177 841 2224 aut.
864 2181 893 2234 ι,
913 2163 970 2226 26.
993 2171 1122 2243 p.185.

81 2267 231 2347 quamvis
253 2265 307 2325 ille
329 2265 427 2324 adeo
450 2263 533 2324 Dan
556 2285 675 2326 nomen
699 2265 840 2340 derivat)
865 2261 1020 2324 refutatus
1043 2263 1123 2324 ella

81 2367 288 2430 Schloetzero
311 2367 351 2428 T.
373 2379 426 2442 15.
447 2385 479 2446 p.
502 2367 560 2440 56.
586 2385 612 2428 c.
637 2366 658 2428 l.
702 2365 865 2427 Pomanus
887 2385 919 2446 p.
943 2381 1027 2442 717.
1051 2385 1077 2424 c.
1100 2363 1123 2425 l.

83 2470 176 2530 malit
196 2467 343 2530 Cedonia
351 2488 364 2538 ;
385 2467 556 2526 fluctuatur
572 2467 729 2549 Cuperus.
763 2467 847 2527 Nam
862 2479 899 2526 ut
917 2463 1003 2546 supra
1018 2463 1123 2532 retuli,

84 2591 160 2630 cum
188 2565 295 2630 Vollto
317 2569 393 2650 legit
417 2567 643 2629 Scnudiuovia.
694 2571 757 2630 Sed
777 2569 811 2628 in
828 2565 953 2648 epistola
977 2567 1015 2626 ad
1032 2567 1124 2647 Sper-

82 2672 222 2754 lingium
246 2673 280 2729 in
303 2669 414 2730 Poleni
439 2667 583 2730 thesauro
609 2670 678 2732 Vol.
697 2679 731 2751 4.
754 2691 785 2750 p.
805 2683 863 2746 31.
888 2681 995 2728 tuetur
1020 2665 1125 2726 Coda-

82 2774 201 2842 nouio,
227 2774 300 2852 quia
314 2771 525 2832 Scandinovin
541 2771 633 2832 latius
653 2773 856 2841 extendatur3
888 2769 972 2848 quod
994 2767 1125 2848 quidem

82 2875 210 2937 Plinius
244 2869 374 2934 obscure
409 2872 526 2932 innuit.
580 2873 680 2933 Antea
706 2874 739 2931 in
766 2873 822 2930 alia
857 2869 985 2951 epistola
1008 2889 1039 2950 p.
1066 2885 1122 2944 29.

82 2976 224 3037 Daniam
243 2973 294 3033 liic
310 2973 405 3033 latere
423 2985 537 3054 putat:
562 2975 720 3054 Equidem
734 2973 810 3033 haec
827 2970 989 3032 existimo:
1020 2969 1125 3030 (locle-

82 3079 184 3139 nom'o
201 3095 238 3136 ex
261 3075 388 3158 linguae
404 3075 530 3135 ratione
549 3075 663 3136 melius
687 3075 807 3134 dicatur
827 3071 984 3134 Codauio.
1035 3072 1124 3130 Tum

82 3197 185 3239 nemo
209 3189 282 3236 ante
312 3189 343 3236 et
372 3175 439 3255 post
469 3175 589 3236 Melam
615 3175 837 3236 Codanoniam
861 3175 964 3234 hicet
989 3173 1125 3233 omniuo

81 3281 200 3348 novit,
227 3281 330 3338 immo
351 3277 492 3358 plerique
508 3279 750 3338 Scaudinaviam
775 3289 900 3358 putant.
942 3275 1040 3336 Porro
1064 3275 1127 3334 Pli-

82 3383 160 3443 nius
177 3397 211 3458 4.
233 3393 287 3454 27.
307 3375 328 3440 s.
350 3391 406 3456 ¹5·
433 3379 510 3438 dum
528 3377 700 3439 Codanum
723 3378 823 3438 sinum
841 3375 951 3436 insulis
972 3373 1125 3436 refertum

82 3483 146 3544 else
173 3483 269 3541 etiam
296 3479 408 3548 tradit,
444 3481 594 3561 deinceps
619 3477 759 3550 subiicit,
798 3499 930 3562 quorum
959 3469 1127 3564 clarrffima

85 3581 310 3644 Senndiuavia
331 3579 390 3672 est,
417 3581 509 3661 plane
526 3593 560 3639 ut
577 3601 615 3642 ex
637 3581 740 3674 nostro
758 3581 808 3640 illa
829 3578 948 3662 petiisse
969 3577 1126 3640 videatur.

85 3683 159 3746 Nec
176 3682 290 3750 obstat.
319 3682 404 3762 quod
425 3683 634 3756 incompertae
657 3681 885 3760 rnoguitudiuir
903 3680 995 3746 dicit,
1022 3679 1126 3738 immo

83 3787 192 3848 Melae
216 3783 428 3844 narrationem
449 3785 636 3856 -confirmau
671 3797 794 3842 tantum
818 3781 941 3842 deliniri
965 3797 1035 3839 eam
1058 3797 1127 3838 nou

83 3887 172 3970 polle
188 3900 309 3948 monet.
360 3885 492 3964 Reliqua
507 3886 601 3945 etiam
619 3883 738 3944 diversa
754 3885 883 3964 quidem
901 3875 1127 3964 progreffioue‚

87 3989 140 4050 sed
169 3989 284 4049 eodem
308 4007 393 4047 nexu
415 3983 521 4047 resert.
583 3985 671 4045 Bene
698 3987 795 4068 igitur
821 3983 984 4066 cognitam
1011 3979 1127 4041 habere

84 4093 170 4154 Meta
186 4089 308 4158 debuit,
334 4109 409 4148 cum
427 4091 466 4147 aul
481 4087 622 4148 Plinium
640 4105 810 4170 propagare
831 4083 939 4166 pollet.
981 4082 1048 4143 Hae
1070 4081 1127 4164 igi·

87 4207 137 4253 tur
161 4193 300 4254 rationes
323 4210 375 4252 me
402 4201 593 4260 moverunt,
630 4203 664 4248 ut
689 4188 906 4249 Scaridiuooia
925 4205 1000 4246 cum
1020 4179 1126 4247 l'ollio
