2836 4940
363 383 454 442 arn.
483 387 535 440 nr.
580 385 612 442 c.
634 385 684 444 vr.
726 383 752 453 a.
775 391 806 454 1.
1041 393 1100 442 201

74 555 301 620 Bellovaeenlie
315 553 509 619 bibliotheca
524 557 637 618 mundi
654 557 694 619 T.
708 566 744 636 4.
764 555 820 620 lib.
834 575 864 622 1.
880 579 907 620 c.
919 575 977 644 92.
994 581 1027 642 p.
1045 569 1105 638 34.

75 661 222 728 Penatis,
248 659 381 738 1’lin.4‚
401 673 457 734 27.
475 656 496 720 s.
518 671 572 735 13.
597 655 732 749 Fanesu}
760 659 796 718 ad
813 679 909 740 quem
926 661 1109 722 Harduinue

77 760 253 822 Ptolemaei
275 775 309 830 a,
333 781 388 821 11.
405 773 486 822 extr.
507 755 676 843 Φανὴσους
694 761 727 820 in
744 757 877 822 Scandia
898 775 1002 844 putat,
1028 763 1109 825 Soli·

79 881 122 922 no
136 881 162 926 c.
181 857 276 940 19.1.
299 877 355 924 aa.
377 857 559 950 Phannefir',
580 861 678 944 vulgo
695 859 851 952 Phanifir'.
902 863 1052 945 Quorum
1066 877 1110 926 ta·

79 983 154 1024 rnen
177 962 300 1023 nullum
323 982 397 1024 curn
421 961 576 1022 Satmnst's
593 961 697 1022 Melae
720 965 873 1044 componi
895 965 1012 1046 potell.
1039 985 1109 1036 nec,

82 1063 103 1122 sr
122 1062 170 1124 vel
190 1064 300 1124 incudi
322 1061 524 1146 imposueris,
550 1063 650 1124 simile
671 1061 797 1146 effingi,
823 1064 878 1124 etsr
896 1067 1051 1127 Panotios
1070 1067 1110 1128 ad

80 1165 326 1226 PliniietSolini
342 1166 515 1226 lectionem
530 1161 959 1228 saciliueaccommodaverie.
984 1168 1112 1249 Duplex

17 1326 21 1336 ,
82 1266 215 1326 omnino
231 1265 271 1326 ad
293 1266 452 1326 iudicium
473 1267 650 1350 regendum
672 1278 778 1348 patere
796 1267 927 1328 uidetur
947 1269 1008 1330 via.
1046 1269 1113 1330 Aut

81 1367 169 1427 enim
194 1384 260 1428 vox
285 1366 328 1428 ell
354 1367 487 1438 Graeca,
520 1387 598 1448 quae
626 1365 760 1447 speciem
790 1367 917 1430 illorum
939 1369 1113 1430 hominum

80 1467 269 1552 bagularem
290 1468 436 1538 declaret,
461 1481 514 1529 aut
530 1468 573 1530 est
592 1467 729 1539 barbara,
761 1487 841 1548 quae
862 1471 1026 1552 proprium
1047 1471 1115 1532 illo·

80 1589 154 1628 rum
175 1587 296 1630 nomen
320 1567 430 1632 adfert.
482 1571 517 1632 st
538 1569 581 1631 ell
605 1569 737 1638 Graeca.
768 1569 862 1631 alieni
883 1573 1021 1632 maxime
1045 1569 1116 1631 sunt

83 1669 232 1738 sarmati.
254 1670 372 1752 qnippe
388 1671 421 1730 in
438 1670 555 1751 quibua
570 1669 652 1730 nibil
667 1671 802 1732 omnino
817 1671 974 1734 eiuenrodi
989 1673 1114 1744 emieat,

81 1771 168 1850 qnod
191 1771 397 1841 desrderetur.
431 1787 465 1834 et
486 1772 668 1853 depravatio
691 1773 840 1832 codicum
864 1791 930 1833 non
954 1771 1115 1834 manisella

81 1871 184 1932 solum
207 1871 267 1942 eil,
299 1869 351 1934 sed
373 1887 406 1934 et
426 1871 556 1957 insrgnie
577 1886 610 1934 et
627 1869 774 1935 insolens.
825 1873 912 1934 Turn
931 1893 1009 1935 vero
1032 1871 1114 1936 forte

83 1964 268 2064 Otosomati
290 1972 356 2058 legi
382 1968 493 2068 possrt,
529 1974 568 2034 lre
587 1986 624 2034 ut
646 1966 686 2036 rb
708 1987 739 2034 et
762 1974 951 2055 praecedent
979 1976 1117 2056 primam

80 2075 154 2135 einr
169 2073 316 2154 syllabam
330 2073 523 2156 absorpserit,
545 2087 578 2138 et
592 2075 710 2156 reliqua
726 2095 797 2158 para
811 2094 897 2136 nova
913 2077 1117 2158 corruptione

81 2177 199 2236 leviter
226 2173 347 2236 inversa
366 2173 480 2248 suerit;
514 2176 566 2237 vel
588 2175 717 2236 breviue
741 2176 865 2256 Sagoti.
923 2179 978 2239 Sin
999 2177 1041 2238 eli
1062 2197 1119 2239 no·

81 2295 162 2337 men
177 2274 355 2348 barbarum,
388 2277 479 2360 quale
499 2277 534 2338 in
550 2278 683 2339 nomine
702 2275 850 2338 Oneonas
867 2290 956 2340 antea
974 2291 1120 2339 notatum
1213 2269 1214 2278 ¹

84 2377 148 2448 ell.
173 2378 290 2440 melina
312 2378 391 2440 illud
412 2379 584 2448 retinetur,
617 2377 703 2459 quod
728 2376 805 2450 feei,
839 2397 934 2460 quam
958 2373 1121 2440 incertill'r·

84 2499 180 2540 mum
199 2477 405 2544 substituitur.
445 2480 530 2544 Ante
545 2478 676 2563 proculae
689 2477 785 2544 Paris.
800 2493 834 2542 1.
857 2481 952 2564 ponit
971 2499 1045 2562 pro,
1071 2480 1121 2540 uti

83 2579 193 2644 Havn.

166 2781 383 2868 alioquin)
421 2783 518 2847 Paris.
538 2805 568 2847 1.
590 2801 620 2848 a.
640 2799 672 2866 3.
696 2799 729 2848 et
744 2784 817 2848 edd.
837 2797 893 2862 13.
915 2784 970 2848 16.
991 2794 1046 2860 18.
1064 2797 1124 2846 ar.

88 2901 152 2950 22.
181 2896 239 2964 14.
267 2897 323 2962 15.
348 2885 521 2958 Vedianae,
553 2886 762 2959 Olivarianae,
794 2885 960 2954 Schottue.
991 2881 1125 2954 Vossius,

90 2987 255 3050 Gronovii
277 2987 351 3070 (4ο.
366 2997 426 3065 41.
442 2985 519 3072 41.)
540 2987 680 3070 1111141ιί1
705 2989 782 3050 aliae
798 3006 870 3048 cunr
889 2987 1018 3066 reliquie
1034 2983 1126 3048 MSS.

89 3089 253 3170 alioquin,a
278 3088 417 3150 Vindob.
433 3088 618 3171 aliqnando.
652 3088 833 3151 subiiciunt
846 3085 923 3148 hinc
937 3085 1030 3148 Paris.
1045 3105 1075 3148 1.
1093 3099 1126 3164 3.

90 3193 213 3272 aliique
229 3209 303 3250 cunr
317 3189 514 3253 editionibue
534 3209 564 3254 1.
585 3205 619 3252 2.
636 3203 668 3268 3.
685 3199 719 3272 4.
737 3201 770 3266 5.
787 3189 821 3252 6.
841 3202 872 3262 7.
891 3201 924 3266 3.
941 3207 974 3268 9.
997 3207 1051 3250 ro.
1074 3209 1128 3250 ιι.

100 3308 160 3355 12.
190 3303 244 3370 13.
271 3299 327 3370 14.
355 3303 411 3368 15.
439 3306 494 3364 17.
521 3308 578 3370 19.
604 3309 661 3354 20.
689 3303 747 3370 23.
770 3291 920 3369 provecti.
972 3290 1129 3350 Vadiauut

94 3393 211 3456 ceteris
232 3392 366 3473 praeivit
381 3412 440 3473 pro
460 3389 558 3484 veste,
584 3393 670 3474 quod
690 3393 753 3453 stne
771 3391 973 3452 baesrtetione
990 3403 1022 3450 et
1040 3409 1130 3449 mora

93 3495 225 3556 tranaiit
245 3493 282 3554 ad
302 3494 436 3574 reliquae
451 3493 621 3556 editionee.
652 3494 795 3554 Tantum
811 3489 907 3554 Paris.
927 3510 957 3552 o.
982 3489 1129 3568 peruecti.

94 3598 249 3678 Denique
267 3591 406 3686 prostat
427 3593 526 3657 Vario.
544 3595 628 3658 Gud.
643 3593 735 3678 Prag.
758 3591 852 3655 Paris.
867 3607 900 3670 3.
921 3591 973 3654 erl.
991 3607 1022 3654 1.
1038 3581 1131 3682 sunt.

94 3698 220 3764 Melina
235 3697 270 3757 in
285 3695 347 3759 hoe
366 3715 468 3768 nexu,
492 3697 579 3778 quod
595 3693 715 3758 babent
733 3695 802 3766 alii,
818 3689 902 3790 fine.

176 3911 468 3983 praeterquam
504 3896 635 3982 qnod)
692 3897 833 3980 Quidam
858 3894 997 3964 codices,
1034 3893 1136 3954 veluti

98 4003 138 4068 Δ.
147 4003 294 4066 Gronov.
312 4003 409 4065 Vatia.
425 4015 457 4080 3.
475 4001 704 4068 Dorvillianue.
730 4001 821 4082 Preg.
840 4009 965 4077 praeter
980 3993 1074 4078 quod,
1097 3996 1137 4056 de

99 4125 162 4188 qua
176 4102 280 4167 sorma
294 4102 361 4168 vid.
379 4103 587 4186 Oudendorp.
605 4101 645 4164 ad
664 4101 725 4164 lul.
741 4097 828 4164 Cael.
844 4099 884 4160 de
900 4097 938 4160 ll.
955 4097 994 4159 G.
1013 4117 1041 4168 r,
1054 4109 1087 4174 3.
1105 4105 1138 4174 5.
