2814 4946
274 471 336 534 502
572 461 810 522 roucourt
853 461 1016 518 uenae
1103 499 1106 510 .

278 631 400 706 lurnsst,
442 634 529 718 qnod
563 637 696 698 concedi
729 637 945 700 nullomodo
978 634 1063 719 polle
1090 632 1304 698 demonstrari.

280 735 386 798 Nollri
413 751 519 798 tamen
546 739 670 802 codice·
696 743 832 802 omnino
859 740 1117 800 terminationem
1147 737 1237 799 ines
1262 757 1306 798 re·

278 836 411 919 spuunt.
445 853 477 900 et
500 841 678 902 inusitatam
704 843 772 904 aliie
794 841 975 902 auctoribus
996 841 1149 921 planeque
1169 839 1306 922 incogni-

279 951 345 1000 tam
366 941 399 998 in
422 962 460 1000 ae
481 941 669 1006 obtrudunt.
721 943 843 1004 Placuit
860 957 964 1003 tamen
981 941 1042 1003 hoa
1058 943 1166 1023 potiue
1185 937 1305 1010 referre,

278 1061 371 1122 quam
388 1043 540 1104 incertam
558 1039 713 1108 libroruin
735 1046 832 1108 fidem
847 1043 950 1126 lequi,
975 1043 1030 1106 etii
1051 1042 1227 1105 notandum
1248 1043 1307 1103 uti·

276 1163 340 1225 que
363 1145 517 1208 videatur.

352 1349 535 1412 Romanu
567 1350 710 1434 clade)
760 1351 953 1414 Hermolaus
977 1349 1118 1434 agnoscit
1143 1361 1182 1409 ut
1206 1345 1307 1431 legiti-

277 1469 364 1511 mam
384 1453 464 1512 hauc
486 1451 658 1534 Pomponii
682 1453 868 1524 lectionem,
903 1473 981 1534 quae
1003 1451 1093 1514 nullo
1117 1449 1216 1512 modo
1241 1465 1307 1530 pro·

278 1553 389 1615 cedere
405 1553 522 1634 potest,
558 1567 594 1614 ut
615 1555 745 1635 planum
761 1555 804 1616 eli
826 1575 865 1616 ex
883 1555 1015 1614 victoria
1032 1553 1153 1613 Lutatii
1174 1547 1306 1612 consulis

277 1651 426 1715 adversus
454 1655 726 1740 Carthaginienses
751 1657 788 1716 ad
816 1657 959 1740 Aegates.
1019 1654 1208 1737 Legeudutn
1233 1667 1305 1733 ergo

276 1753 427 1816 alterutro
442 1757 550 1826 modo,
573 1771 636 1826 aut,
656 1759 780 1817 Punica
794 1757 884 1817 clade
898 1753 1116 1826 memorabiles,
1136 1765 1201 1824 aut,
1221 1749 1305 1832 quod

274 1857 376 1940 magle
393 1857 524 1928 arridet,
552 1859 719 1918 Romanae
735 1853 837 1949 claffis
854 1859 989 1918 victorio
1011 1855 1146 1917 arabiles..
1176 1871 1306 1916 murra·

276 1974 353 2020 uve.
408 1957 523 2020 Clades
547 1959 768 2044 intelligenda,
802 1978 868 2020 non
899 1979 993 2038 quam
1019 1971 1223 2038 acceperunt,
1256 1951 1304 2014 led

274 2077 369 2138 quam
390 2059 569 2120 intulerunt
592 2061 741 2124 llomani.
792 2062 845 2122 Sic
865 2063 953 2122 enim
977 2061 1171 2140 quandoque
1194 2054 1305 2146 [inter-

275 2151 375 2242 dum]
407 2174 550 2222 auctores
574 2162 758 2243 loquuntur.
813 2163 926 2223 Livius
946 2177 1003 2232 21,
1029 2155 1109 2246 [22‚
1132 2153 1192 2246 4.]
1218 2157 1305 2218 Hau·

273 2256 361 2318 nibal
375 2281 486 2340 ugrum
502 2265 588 2323 omui
600 2263 688 2323 clade
702 2263 772 2325 belii
788 2261 964 2356 permistae.
990 2261 1116 2340 [Minue
1131 2261 1195 2322 hoc
1209 2259 1304 2339 apte.]

273 2359 365 2420 Idem
385 2361 441 2424 lib.
465 2371 525 2444 4ο.
551 2359 639 2450 [cap.
661 2383 690 2436 o,
716 2361 772 2451 6.]
806 2365 922 2446 legatio
952 2361 1151 2424 Rhodiorum
1183 2379 1303 2443 queren-

273 2461 354 2520 tium
381 2461 419 2522 de
450 2461 666 2554 Sinopensium
693 2465 791 2527 clade.
843 2465 991 2548 Virgilius
1016 2466 1093 2526 Aen.
1120 2477 1154 2532 2,
1179 2451 1303 2552 [436]

271 2561 397 2622 vulnere
418 2565 530 2626 turdus
554 2558 682 2655 Vlyffei.
727 2567 825 2628 Notat
847 2567 967 2627 Gellius
994 2564 1049 2626 lib.
1076 2581 1109 2644 9.
1138 2583 1167 2626 c.
1195 2580 1247 2626 ro.
1273 2573 1303 2620 et

271 2683 312 2724 ex
335 2665 477 2728 Sallullio
492 2669 622 2729 Servitia
643 2669 680 2728 arl
697 2669 864 2751 Virgilium
885 2665 939 2727 lib.
958 2679 992 2748 4.
1017 2687 1048 2726 v.
1073 2679 1154 2743 153.
1183 2661 1302 2754 [immo

272 2759 379 2850 238.]
406 2769 552 2828 iniurium
573 2769 773 2838 validiorum,
797 2769 829 2827 iu
844 2768 896 2836 eil,
918 2787 1013 2848 quam
1031 2764 1210 2827 inferebant
1229 2763 1303 2823 vali·

271 2865 387 2928 diorea.
442 2871 546 2952 Quare
573 2869 655 2930 nihil
689 2869 741 2930 hic
767 2871 958 2930 mutandum
986 2867 1039 2931 eli.
1092 2883 1298 2928 ciacconius.

268 2969 313 3029 Et
334 2967 414 3030 hanc
437 2991 563 3052 quoque
588 2971 758 3033 lectionem
779 2968 927 3030 vitiosam
955 2981 1085 3050 putant,
1119 2967 1173 3029 vel
1196 2965 1300 3028 enalle

269 3069 401 3132 lllclarn.
440 3071 599 3132 Neutrum
619 3092 731 3133 verum
754 3070 805 3133 est.
845 3071 959 3132 Cladee
979 3070 1032 3130 hic
1047 3070 1100 3139 eil,
1125 3085 1300 3149 nonquam

268 3185 465 3252 acceperuut,
492 3171 543 3234 led
564 3193 660 3254 quam
675 3174 830 3233 dederunt
846 3173 995 3234 Romani.
1047 3171 1099 3232 Sic
1114 3171 1225 3230 Liviue
1241 3178 1299 3247 4ο,

267 3265 326 3355 [2,
352 3265 408 3357 6.]
441 3273 556 3354 legatio
581 3274 777 3334 Illiorliorum
802 3275 992 3353 querentium
1019 3270 1058 3331 de
1084 3265 1299 3360 Siriopeufittm

266 3373 396 3434 iniuria.
446 3377 507 3436 Sed
526 3389 558 3436 et
580 3375 654 3434 alibi
672 3374 710 3434 stc
730 3374 879 3454 loquitur,
902 3374 958 3432 niu
976 3391 1029 3434 mo
1042 3369 1122 3432 fallit
1136 3371 1297 3438 memoria,

265 3473 354 3533 idem
386 3475 507 3537 Livius.
561 3473 670 3538 Caesar
695 3475 750 3536 lib.
779 3473 812 3538 6.
844 3467 903 3559 [tle
927 3474 964 3534 Β.
988 3473 1027 3534 G.
1058 3491 1125 3553 cap.
1152 3489 1208 3536 ια.
1230 3463 1297 3554 im]

266 3574 387 3639 eosdem
415 3577 460 3636 ad
477 3567 517 3665 fi
549 3576 675 3655 magnis
703 3577 834 3636 iacturis
864 3571 1209 3654 pollicitationibusque
1231 3590 1299 3652 per·

266 3673 436 3740 duxeruut.
476 3677 644 3758 Perperam
668 3675 744 3736 haec
765 3677 937 3759 corrigunt.
979 3673 1091 3736 Simile
1114 3691 1239 3754 quoque
1256 3669 1296 3732 est

265 3775 344 3836 illud
371 3779 494 3861 Virgilii
525 3773 626 3864 [Acu.
652 3791 684 3846 2,
706 3771 814 3861 436.]
847 3790 877 3835 cc
904 3775 1029 3837 vulnere
1056 3775 1170 3835 turdus
1195 3773 1293 3837 Vlixi.

262 3877 314 3936 De
332 3879 499 3961 reciprocis
520 3878 698 3939 illiusmodi
727 3877 888 3938 vocabulis
912 3877 987 3936 vide
1009 3875 1152 3936 Gellium
1174 3893 1207 3954 9,
1239 3887 1293 3937 ια.

262 3995 406 4042 voasrva.
454 3980 639 4060 Vbicunque
654 3981 761 4059 potiua
776 3977 879 4038 clades
895 3976 1057 4058 usurpatur
1072 3979 1186 4046 active,
1202 3993 1293 4057 quem

260 4078 295 4138 iu
312 4079 382 4141 loco
402 4083 495 4150 Livii,
523 4074 602 4166 [4o,
621 4095 653 4148 o,
675 4075 730 4166 6.]
758 4099 851 4160 quem
868 4079 1033 4138 adnotavit
1054 4078 1086 4137 iu
1105 4077 1189 4139 hunc
1205 4075 1292 4137 ulum

260 4177 396 4243 Volltue.
449 4181 533 4242 Nam
550 4181 645 4264 plane
666 4181 729 4241 illic
749 4181 910 4264 indigitari
932 4179 1071 4252 cladem,
1097 4199 1193 4262 quam
1214 4195 1293 4240 acce·
