2814 4946
315 461 377 524 55⁰
615 453 859 510 rouronrr
896 451 1058 507 trenta

320 613 425 696 drevic,
456 625 505 686 uti
527 645 597 688 eam
619 623 732 687 urbem
750 637 844 686 vocat
861 621 967 687 Schol.
985 623 1120 685 Homeri
1136 623 1174 683 ad
1191 621 1307 702 Odyss'.
1331 636 1364 703 5.

321 739 407 804 292.
444 721 610 790 tintinna
626 740 720 796 certe,
743 725 801 806 hac
815 724 927 796 sonna,
952 744 991 788 ex
1006 725 1094 786 nulio
1111 725 1183 785 ioco
1198 724 1365 785 excitatur

319 845 337 886 a
355 825 492 888 Meurfio
506 833 540 890 in
557 829 650 892 Creta
672 828 728 888 lib.
749 846 824 922 ψ..
842 841 876 904 a.
896 849 927 909 p.
948 843 993 906 29
1011 823 1073 907 [qq.
1112 815 1227 888 triton
1245 839 1364 887 tomen

319 925 436 1012 legitur
452 929 485 988 in
502 929 619 1002 Plinio,
642 929 695 992 etst
711 927 868 990 sollicitari
882 949 899 988 a
914 929 989 988 viria
1003 926 1105 988 doctis
1121 941 1210 986 antea
1228 929 1365 996 monui,

319 1027 406 1090 etin
430 1029 535 1094 schol.
555 1031 719 1094 Theocriti
741 1031 778 1091 ad
799 1043 831 1104 7.
857 1047 911 1094 tl.
965 1027 1079 1109 Neque
1104 1047 1178 1088 vero
1202 1025 1366 1108 Cydonea

320 1125 502 1212 {impliciter
521 1133 612 1196 reiici
635 1131 753 1214 potest,
789 1131 908 1214 quippe
928 1131 1014 1212 qnod
1039 1125 1184 1189 adierunt
1206 1128 1363 1210 plerique

318 1231 442 1292 codicea
464 1234 559 1294 etiam
581 1235 614 1294 in
636 1235 733 1295 Floro
751 1246 783 1312 5,
800 1247 833 1314 7,
854 1241 888 1313 4.
915 1245 947 1292 et
962 1231 1080 1312 recepit
1098 1227 1266 1299 Dukenra,
1297 1249 1363 1292 nec

318 1331 409 1394 aliter
425 1329 564 1396 scribunt
579 1335 742 1398 Hierociea
758 1335 791 1394 in
806 1333 1006 1412 Synecdemo
1020 1353 1052 1414 p.
1064 1331 1148 1407 650.
1162 1331 1213 1392 ed.
1224 1331 1363 1394 Wetret.

318 1445 352 1494 et
369 1433 485 1518 Geogr.
501 1437 647 1503 Ravenn.
665 1449 698 1512 5.
717 1451 776 1496 ot.
829 1433 914 1494 Hinc
930 1446 963 1494 et
983 1431 1148 1514 Cydoneas
1165 1449 1223 1512 pro
1249 1429 1363 1514 Cydo-

317 1533 390 1594 m'ns
421 1537 543 1618 antiqui
573 1538 697 1598 codicea
730 1535 869 1596 offerunt
899 1535 932 1594 in
964 1533 1096 1616 Virgilio
1127 1533 1185 1594 ecl.
1212 1549 1268 1602 ιο,
1294 1547 1362 1613 59.

317 1635 493 1716 penultima
510 1637 614 1707 brevi,
642 1657 714 1698 cunt
731 1636 803 1696 aliae
820 1635 854 1695 in
870 1633 991 1696 Ovidio
1008 1631 1221 1715 Metamorph.
1241 1643 1275 1710 8.
1298 1649 1361 1700 22.

317 1735 358 1796 de
374 1737 410 1798 A.
423 1737 459 1798 t.
477 1760 504 1810 ι,
521 1751 604 1817 995.
632 1738 761 1810 Silina,
785 1753 863 1816 to9.
897 1755 950 1806 to,
971 1735 1053 1797 261.
1084 1735 1184 1796 Statio
1199 1733 1360 1814 Theb.4,

318 1837 402 1920 269.
429 1850 461 1911 7,
486 1851 571 1918 559.
595 1839 772 1921 penultima
788 1840 821 1898 in
843 1857 896 1897 eus
918 1837 1125 1918 producatur.
1148 1853 1288 1917 proquo
1314 1851 1361 1898 ra·

314 1955 391 1998 tuen
417 1937 606 2018 Cydonaeus
626 1931 715 2000 rnaiit
739 1936 904 1999 Berkeliua
927 1937 959 1997 in
983 1937 1181 2019 Stephanum
1205 1957 1238 2018 p.
1262 1937 1355 2016 486.

313 2035 395 2108 Sed,
425 2041 511 2120 quod
539 2039 637 2120 Tegea
664 2041 773 2110 docet,
803 2039 890 2099 unde
915 2036 1080 2120 Τεγεᾶται
1105 2035 1284 2107 descendit,
1322 2053 1359 2099 et

313 2137 389 2209 alia,
419 2159 492 2200 cum
514 2136 725 2218 Kudtnvao‘rat
746 2142 779 2201 in
803 2141 909 2202 Dione
927 2151 985 2216 51,
1007 2155 1039 2202 2.
1063 2157 1129 2198 non
1153 2136 1271 2208 totum.
1300 2137 1356 2200 sed

312 2249 347 2301 et
362 2239 396 2300 in
413 2243 520 2302 numia
535 2245 725 2324 reperiatur,
751 2241 790 2303 ad
808 2254 939 2320 etymon
958 2239 1105 2322 Cydonea
1121 2240 1355 2300 recurrendum

312 2339 367 2402 eit.
418 2341 541 2404 Tiberii
565 2357 673 2404 autern
703 2355 803 2407 aetate
835 2361 904 2404 eam
931 2338 1066 2402 formam
1091 2341 1249 2400 invectam
1278 2341 1354 2412 effe,

313 2441 431 2502 docent
449 2445 541 2504 numi
555 2464 572 2506 a
587 2443 721 2508 Raichio
736 2446 768 2504 in
786 2445 862 2505 Lex.
876 2447 965 2502 num.
984 2443 1024 2504 Τ.
1045 2459 1073 2503 t.
1089 2439 1126 2502 P.
1138 2456 1169 2502 Ω.
1187 2463 1218 2522 p.
1241 2462 1253 2500 ι
1268 2463 1280 2500 ι
1289 2455 1354 2520 57.

311 2543 437 2630 prolati.
499 2545 586 2628 Quid
619 2547 716 2630 igitur
747 2545 780 2604 in
814 2543 871 2604 hac
903 2543 1056 2602 librorum
1089 2555 1121 2602 et
1152 2543 1353 2625 opinionum

311 2643 521 2707 fluctuatione
539 2647 765 2728 excipiendum
780 2645 826 2713 fit.
852 2643 988 2703 dubium
1009 2643 1155 2714 videtur3
1186 2657 1227 2712 at,
1252 2643 1274 2703 fi
1297 2663 1352 2705 co·

311 2743 436 2807 dicibua
462 2747 572 2808 noiiria
599 2747 731 2816 institas,
771 2742 1012 2828 praeferendum
1046 2745 1156 2824 tuique
1184 2743 1350 2826 Cydonea,

310 2847 400 2927 quod
438 2861 567 2930 propter
593 2867 645 2921 ea,
685 2867 764 2930 quae
786 2849 932 2930 proxime
963 2846 1094 2915 notavi.
1132 2843 1236 2908 Melae
1263 2859 1351 2910 aeter

309 2947 461 3012 admittit.

385 3139 670 3243 Marathusa)
721 3149 816 3234 Quod
845 3149 907 3210 itm
933 3147 1080 3232 proxime
1105 3146 1233 3217 notavi.
1267 3147 1349 3209 huic

306 3251 435 3314 nomini
458 3255 672 3332 praecedentia
690 3253 800 3312 ultima
817 3249 927 3330 iyiiaba
951 3269 1023 3310 cum
1047 3249 1273 3330 depravatione
1295 3251 1351 3309 ad·

307 3349 400 3432 pensa
425 3351 476 3412 est.
531 3353 657 3435 Nempe
681 3352 827 3415 Ciaccou.
855 3351 952 3411 Vatic.
971 3363 1002 3429 5.
1028 3347 1122 3412 Parii.
1144 3371 1173 3411 t.
1200 3349 1347 3413 vindob.

306 3447 399 3536 Prag.
432 3449 515 3533 Lips.
546 3453 719 3539 Rehdiger.
747 3455 822 3514 dant
854 3441 1088 3540 Caruoratnso,·
1126 3447 1228 3512 Parii.
1249 3465 1283 3514 2.
1310 3465 1347 3530 5.

308 3553 407 3614 codex
430 3553 604 3626 Hoiiienii‚
637 3575 732 3636 quem
760 3569 915 3615 memorat
946 3553 979 3612 in
1003 3552 1157 3613 adnotatt.
1184 3551 1224 3612 ad
1248 3549 1348 3613 Orte·

306 3651 387 3713 lium
403 3675 434 3736 p.
452 3664 530 3734 ¹¹4·
554 3655 698 3717 Leideni.
721 3654 801 3715 Voff.
814 3667 847 3732 5.
871 3655 909 3715 A.
925 3653 1068 3715 Gronov.
1088 3641 1348 3742 Cantorathusa5

308 3753 394 3818 Gud.
416 3747 649 3847 Comarotusa,·
673 3754 752 3816 Votr.
769 3765 805 3832 4.
819 3744 1072 3843 Tamaratdusn,·
1097 3735 1206 3815 Cibin.
1227 3751 1344 3834 Cydon

306 3875 343 3915 ea
360 3870 497 3916 moratur
519 3856 699 3937 odyttuuiea
727 3857 831 3918 verbis
849 3855 929 3916 male
953 3855 1066 3935 partim
1081 3853 1198 3923 divitia.
1220 3855 1342 3936 partim

305 3959 413 4031 uexia;
447 3957 489 4018 Η.
507 3957 658 4039 Stephani
676 3958 775 4018 codex
800 3945 1006 4045 Marntlzusa.
1046 3955 1129 4016 Edd.
1150 3973 1178 4018 r.
1200 3970 1231 4018 2.
1251 3967 1284 4034 5.
1304 3965 1341 4034 4.

306 4067 341 4135 5.
364 4075 399 4136 9.
425 4075 479 4122 tt.
506 4049 739 4148 Camoracusa,
774 4059 822 4117 uti
846 4055 939 4117 codd.
967 4057 1077 4117 Venet.
1101 4069 1134 4116 et
1156 4055 1262 4116 Havn.
1286 4053 1341 4114 ha·

303 4155 402 4222 buitte
426 4159 521 4221 etiam
546 4160 714 4231 videntum
755 4177 811 4222 12.
843 4167 899 4236 14.
928 4173 985 4236 19.
1015 4167 1071 4234 aa.
1096 4146 1341 4247 Manaetlursu
