2810 4944
353 441 440 500 mu.
469 443 508 498 11.
551 441 585 498 c.
609 441 646 502 v.
688 440 714 511 l·
737 451 767 512 8·
1015 449 1075 518 tu

77 621 99 678 io
113 617 205 680 notice
221 617 262 680 de
279 617 308 678 la
325 615 426 679 Gaule
448 639 481 700 p.
502 627 586 696 532·
609 614 724 680 refutat
744 635 815 686 eor.
846 615 949 678 veluti
965 613 1079 678 Maria·

75 723 169 782 namin
187 719 257 782 hill.
274 717 402 801 Hispan.
431 739 461 788 t.
487 735 518 784 2.
552 719 607 802 qui
626 719 781 800 templum
805 719 881 778 illud
904 721 937 779 in
961 719 1079 780 vertice

76 823 258 902 promontorii
278 823 362 882 illius
385 833 523 902 ponunt.
574 823 614 882 rit
632 819 714 882 Mela
731 819 810 880 nihil
828 819 889 888 hic.
915 821 1079 882 ficurlicer

76 929 169 992 attolat.
202 925 241 986 de
267 921 341 984 sano
360 923 507 992 Venerio,
540 935 664 982 tantum
687 935 818 1004 portum
842 923 911 982 eitra
931 923 1079 1006 adtingit,

75 1029 111 1104 pri
127 1047 214 1108 prope
231 1027 386 1105 Pyrenaei
404 1026 484 1086 latur
502 1021 670 1092 illudsrrit,
693 1023 748 1082 ubi
767 1021 848 1084 stetit
864 1023 942 1084 olim
959 1023 1080 1106 Aphro·

75 1128 174 1196 otium.
199 1129 285 1188 unrle
300 1124 364 1208 ipse
382 1145 501 1188 nomen
520 1139 629 1186 nactur¹
645 1123 704 1186 else
720 1125 859 1188 violetur.
910 1125 1080 1187 Servatum

75 1227 104 1286 est
119 1231 202 1291 hodie
221 1232 293 1290 eine
317 1247 435 1288 nomen
460 1229 539 1288 Port
562 1225 600 1286 cle
621 1225 747 1288 Vettdre
770 1227 834 1287 levi
857 1227 1080 1288 immutatione

75 1326 140 1392 sarta.
183 1333 278 1392 Sinus
294 1331 381 1388 unde
395 1319 506 1418 salsus
529 1329 632 1390 dictur
649 1325 762 1398 fuerit,
788 1327 843 1388 etst
866 1347 933 1388 non
952 1327 1079 1400 constat,

74 1451 115 1490 nec
129 1431 160 1490 ab
174 1434 240 1494 aliia
257 1447 525 1492 commemoratur
541 1429 602 1490 hoc
619 1431 762 1498 nomine.
785 1427 868 1490 sorte
884 1449 900 1490 a
918 1427 1081 1491 salinarum

76 1530 161 1614 stagnis
181 1535 315 1602 vicinio,
348 1533 373 1592 ir
393 1529 452 1592 else
473 1531 583 1602 debet,
610 1551 704 1612 quem
724 1533 884 1592 minorem
899 1551 937 1593 ex
954 1531 1081 1596 rtnobur

74 1635 166 1716 aSigio
183 1649 312 1704 oronte,
339 1631 427 1696 Setio
450 1633 531 1714 aprrrl
549 1633 769 1694 Ptolemaeum
789 1647 820 1703 a,
844 1653 897 1695 ro.
923 1633 1081 1696 aNrrbo·

74 1737 143 1793 ocal
161 1739 358 1812 Pyrenaeum
385 1735 528 1796 extendit
551 1733 663 1798 Strabo
682 1743 717 1816 4.
739 1755 769 1818 p.
788 1755 833 1795 m.
861 1745 939 1812 125.
957 1733 977 1798 s.
1000 1747 1078 1814 rflr.

74 1837 107 1892 toi
120 1837 182 1898 strue
200 1841 282 1898 lrerre
299 1834 477 1918 respondet.
529 1833 622 1898 Certe
640 1837 682 1896 ita
701 1855 813 1897 omnen
830 1833 901 1894 libri
919 1855 977 1898 nec
992 1837 1081 1900 aliter

76 1935 145 1996 rrsert
165 1939 330 2000 llotcatiun
351 1957 379 2000 c.
398 1939 420 2000 l.
468 1937 632 1998 Heiicitrnt
652 1937 750 2022 igitur
767 1933 863 1998 Volsri
885 1938 1080 2000 emendatio·

75 2057 128 2096 run
149 2041 248 2102 llarca
271 2061 301 2112 t,
325 2059 359 2120 9.
382 2051 416 2120 4.
439 2059 471 2120 p.
491 2049 551 2120 42.
574 2057 601 2101 c.
619 2039 640 2100 l.
677 2037 786 2100 auron
801 2039 834 2098 in
851 2037 920 2098 trist.
944 2041 1079 2104 noturel.

76 2138 102 2198 rle
115 2141 294 2226 languedoc
314 2143 352 2204 l'.
373 2161 404 2204 r.
427 2159 493 2220 cap.
518 2153 550 2220 5.
571 2161 603 2222 p.
623 2149 681 2220 58.
716 2139 849 2202 Menard
869 2139 902 2200 in
921 2139 1016 2202 deser.
1040 2143 1080 2206 rie

75 2238 93 2296 la
113 2247 251 2320 province
285 2239 503 2304 Narbonnoise
527 2243 561 2301 in
591 2241 660 2304 hill.
687 2239 727 2302 rie
753 2239 941 2302 l'academie
964 2275 1014 2292 -
1040 2243 1081 2306 tle

76 2338 191 2408 ParirT.
219 2359 277 2422 25.
312 2365 343 2426 p.
367 2357 426 2422 73.
478 2343 643 2426 vulgatam
668 2341 772 2402 lirmat
796 2341 892 2402 etiam
916 2343 1019 2406 Μοῖσα
1041 2365 1081 2407 ex

76 2459 155 2506 ruere
190 2447 295 2506 tabula
323 2445 471 2530 Htrgonie
497 2443 635 2506 Comitia
667 2443 870 2524 Emporitani
900 2445 969 2506 data
996 2467 1080 2508 annu

80 2559 161 2623 1223.
182 2549 237 2608 nbi
255 2549 295 2608 de
311 2549 427 2608 linibus
444 2547 572 2629 legitur:
599 2565 696 2627 nsque
710 2543 755 2604 acl
774 2545 908 2624 gradum
923 2537 1080 2636 salutum.

77 2643 223 2710 l'iolentior
248 2665 358 2708 autem
380 2649 539 2728 aliquanto
561 2645 603 2708 ost
625 2645 808 2708 emendatio
831 2645 988 2718 Pintiani,
1022 2669 1082 2710 nec

76 2745 121 2824 ipso
137 2749 188 2810 srtn
210 2765 283 2811 ante
306 2751 488 2812 Cervarium
510 2767 666 2832 congruo.
717 2745 829 2828 Neque
845 2745 906 2810 sttit
924 2750 1081 2830 templum

77 2845 130 2905 ilud
151 2851 181 2912 in
202 2851 428 2932 promontorio
447 2847 524 2932 ipso,
551 2847 601 2910 sed
619 2850 651 2909 in
668 2849 736 2910 eiua
751 2849 856 2920 latete.
883 2861 920 2909 ut
941 2847 1027 2932 snpra
1042 2869 1082 2912 ex

75 2945 157 3012 Plinio
179 2967 337 3014 notatum.
404 2951 506 3012 Lunna
529 2969 623 3032 porro
646 2949 730 3011 illiue
754 2951 865 3032 templi
888 2949 1004 3012 ‹iubiua
1030 2951 1082 3024 ess.

77 3052 169 3132 qnippe
182 3057 214 3114 in
231 3054 349 3116 finibus
366 3051 585 3134 Hispaniarum
601 3063 633 3111 et
651 3051 823 3112 Galliarum
840 3045 966 3134 politus.
988 3073 1083 3134 quare

77 3153 181 3214 etiarna
203 3157 389 3216 Ptolemaeo
410 3173 439 3224 a.
459 3155 491 3216 6.
510 3167 542 3214 et
564 3173 618 3214 ro.
641 3155 675 3212 in
692 3167 822 3232 utraque
843 3153 974 3236 regione
998 3175 1083 3216 com-

77 3269 259 3326 memoratur,
288 3255 436 3320 rPtinio
460 3269 565 3316 tamen
585 3273 611 3314 c.
637 3253 658 3316 l.
681 3255 713 3314 in
739 3252 898 3336 Hispania.
961 3255 1084 3340 Quorlsr

77 3354 156 3428 postea
180 3379 215 3418 etr
243 3359 312 3419 eine
338 3359 437 3418 ruinis
464 3355 588 3418 emersrt
615 3355 770 3436 templum
801 3369 832 3416 et
859 3357 1084 3420 monasterium

78 3451 100 3512 S.
118 3455 193 3517 l’etri
214 3459 399 3527 Rhodensrn
426 3459 464 3518 ab
481 3457 559 3518 urbe
575 3457 691 3518 llhorta
708 3457 822 3525 vicina.
849 3458 885 3518 ad
903 3457 1084 3540 Hispaniam

79 3557 164 3630 potine
187 3561 262 3620 illud
286 3559 488 3620 referendum
517 3559 563 3620 stt.
627 3557 698 3620 vid.
721 3556 835 3620 Petrus
856 3559 896 3620 de
921 3559 1024 3622 Marce
1049 3563 1083 3622 in

81 3654 162 3718 ilorca
185 3659 347 3744 Hilparrioa
378 3681 405 3729 r.
432 3677 485 3739 ¹9·
513 3681 544 3740 p.
566 3669 615 3736 44
639 3657 700 3740 sqq.
734 3659 789 3718 rrbi
815 3660 854 3720 de
875 3661 943 3722 eiua
962 3661 1018 3723 srtu
1045 3681 1085 3724 ex

81 3761 233 3822 auctoribus
252 3765 373 3844 prolixe
389 3763 544 3842 disquirit.
581 3761 697 3822 lniecta
713 3773 818 3822 tamen
837 3761 879 3822 esl
896 3763 964 3826 eiut
977 3763 1085 3826 lectio·

81 3859 117 3918 nir
138 3865 251 3924 otentio
274 3867 305 3924 in
333 3863 543 3924 controversia
570 3863 620 3922 illa
646 3874 721 3922 nota
747 3863 785 3922 de
809 3865 973 3944 utriunque
995 3867 1085 3949 regni

83 3957 174 4024 loibot
194 3961 249 4024 sub
273 3965 439 4026 errlovino
456 3965 539 4026 llll'.
561 3965 689 4046 agitata,
717 3961 767 4024 sed
789 3983 884 4045 quam
906 3965 987 4026 Galli
1009 3968 1086 4030 reie-

84 4075 180 4128 renrnt.
220 4068 290 4132 Viri.
315 4067 421 4130 Marna
445 4085 475 4138 r.
502 4079 535 4146 5,
563 4079 594 4146 5.
619 4075 654 4145 4.
680 4083 706 4126 c.
731 4065 753 4126 l.
