2810 4944
326 415 389 484 442
617 405 869 464 rourortrr
912 407 1075 462 mucra

329 579 424 642 smus.
468 577 637 642 Editionee
668 595 809 646 vererer.
844 599 919 642 cum
944 582 982 644 iit
1009 580 1145 645 Camert.
1171 577 1238 642 dld.
1263 579 1338 639 lunt.

326 683 518 754 Ilicitunn.r,·
563 682 631 764 poll
664 683 740 744 aliae
784 683 922 744 Vediano
962 697 1130 764 praeeunte
1162 682 1338 742 Illicitunus.

314 770 531 846 'rzscnvcrtu
583 785 706 844 Plinius
729 777 785 868 [3.
800 795 834 860 4.
854 781 874 845 s.
890 777 945 868 3.]
968 805 1040 846 cum
1059 805 1122 844 nuo
1138 783 1166 854 l,
1188 797 1218 844 et
1232 777 1340 842 diversa

327 885 501 946 desinentia
522 884 603 946 ilici.
636 886 837 946 Ptolemaeus
860 879 916 972 [2.
941 879 997 970 6.]
1022 907 1094 946 cum
1112 879 1233 967 duplici.
1255 881 1339 942 Illici-

327 999 427 1048 totns.
474 985 609 1048 Codices
636 987 742 1048 Latini
761 987 881 1047 addunt
906 1001 1039 1064 portus,·
1072 989 1155 1068 quod
1176 987 1196 1046 st
1217 984 1340 1046 admitti·

326 1107 408 1157 tune.
434 1087 518 1148 linus
535 1091 630 1148 etiam
647 1088 822 1148 Illicitutns
842 1089 1059 1171 appellabitur,
1084 1109 1150 1150 non
1166 1087 1338 1153 illicitanns,

326 1203 361 1250 ut
387 1191 481 1272 paulo
505 1203 588 1253 ante.
631 1209 827 1251 atttrttrtvs.
904 1189 1033 1258 NesciO.
1066 1191 1142 1270 quid
1171 1189 1340 1250 Pintianum

325 1295 480 1358 moverit.
507 1305 542 1350 ut
566 1293 617 1352 hic
641 1291 809 1354 dubitaret.
859 1290 943 1352 Nam
965 1294 1034 1372 quie
1050 1311 1116 1352 non
1138 1291 1238 1351 videat
1258 1285 1341 1347 Illici-

326 1403 417 1454 tatus
436 1392 495 1454 else
513 1395 658 1474 ineptum
680 1393 889 1462 vocabulum,
915 1411 987 1452 cum
1006 1394 1044 1454 ab
1060 1385 1177 1454 Ἴλλικι
1193 1392 1241 1452 vel
1255 1381 1342 1448 ''illr-

326 1515 373 1566 κις
395 1495 454 1556 tale
475 1490 600 1558 idvtttdu
623 1492 752 1556 formari
769 1514 836 1554 nrm
859 1490 976 1575 pollrt‘l
1026 1495 1127 1567 Recte
1143 1496 1241 1574 itaque
1261 1491 1341 1551 since·

324 1599 424 1658 rioree
443 1597 616 1658 Ptolemaei
634 1599 758 1658 codices
782 1596 893 1678 legunt
913 1591 1125 1666 'lltltutrrovde
1146 1590 1248 1680 λιμήν.
1281 1609 1340 1650 voa·
1371 1663 1372 1670 ἵ

325 1719 404 1760 atvs.
458 1699 509 1757 Vti
527 1699 588 1766 hic,
617 1697 654 1758 lic
669 1712 700 1758 et
718 1695 796 1757 insta
811 1699 844 1756 in
861 1695 919 1756 usu
941 1697 1047 1758 literae
1064 1698 1076 1758 l
1096 1700 1226 1758 variatur
1242 1693 1277 1754 ab
1298 1694 1341 1752 iit·

325 1800 399 1860 dem
418 1800 496 1859 adeo
515 1799 614 1861 libris.
646 1801 706 1860 Sed
725 1813 756 1860 et
771 1801 856 1858 idem
872 1800 905 1857 in
919 1798 987 1858 aliia
1004 1797 1195 1861 observatur.
1229 1793 1340 1875 Duplici

324 1901 422 1960 hodie
438 1900 554 1983 legitur
572 1903 604 1960 in
623 1901 738 1968 Plinio.
762 1901 963 1970 Ptolemae0;
989 1901 1067 1978 (nbi
1083 1917 1116 1962 et
1129 1901 1249 1960 Bertius
1264 1895 1340 1956 dedit

322 1997 561 2081 Ἰλλικίτατος)
589 2001 718 2082 simplici
738 2004 771 2061 in
789 2003 942 2062 Antonini
966 2002 1070 2063 itiner.
1096 2025 1127 2084 p.
1146 2015 1228 2080 401.
1264 1994 1339 2056 Libri

321 2115 428 2164 tamen
444 2103 539 2182 aliqui
563 2102 693 2183 simplex
710 2105 806 2164 etiam
822 2104 856 2164 in
875 2103 979 2162 l'linio
1001 2100 1196 2184 praeferunt,
1226 2101 1270 2160 uti
1293 2113 1340 2156 no·

321 2206 401 2265 tavit
417 2205 519 2292 Surlta
539 2205 576 2264 etl
593 2205 712 2264 Anton.
733 2225 758 2266 c.
782 2187 814 2266 l.
829 2218 862 2266 et
883 2203 969 2264 urbis
987 2223 1110 2265 nomen
1129 2207 1161 2264 in
1186 2205 1243 2264 line
1263 2200 1339 2260 vitia·

320 2317 392 2366 tum
421 2299 553 2380 Ἰλικιάς
579 2303 722 2365 scribitur
746 2305 831 2387 apud
862 2305 1098 2368 Ptolemaeum.
1151 2305 1263 2387 Geogr.
1287 2301 1338 2360 lla·

319 2425 419 2468 veun.
442 2417 476 2485 4,
504 2420 563 2484 52.
586 2420 617 2468 et
642 2422 675 2484 5.
702 2423 734 2483 5.
760 2409 824 2474 bie,
858 2420 891 2466 et
923 2408 955 2466 in
988 2406 1109 2470 Chron.
1137 2399 1338 2468 Aemilianenli

320 2507 417 2591 (saec.
437 2505 491 2588 9.)
516 2511 600 2588 apud
623 2509 733 2568 Florez
757 2510 790 2567 in
814 2505 935 2588 Espaina
954 2507 1088 2591 Sagrada
1106 2511 1146 2570 T.
1156 2518 1197 2586 tp.
1221 2529 1249 2586 p.
1268 2515 1336 2576 253.

318 2611 409 2672 Iliae.
449 2609 549 2670 Numi
571 2611 705 2690 primaru
722 2622 845 2670 tantum
868 2621 987 2689 partem
1011 2608 1052 2669 tt.
1077 2609 1238 2674 exhibent,
1264 2603 1336 2662 unde

317 2712 435 2792 reliqua
455 2707 602 2792 cognosci
626 2731 691 2770 non
708 2709 844 2792 poliunt.
889 2709 953 2769 Alia
976 2707 1143 2792 scripturae
1164 2710 1337 2770 docnmenta

317 2831 390 2874 cum
408 2832 472 2872 nou
490 2811 598 2880 adsint,
626 2811 769 2873 {laridum
791 2811 833 2872 est
847 2811 992 2872 codicum
1009 2811 1231 2891 plerorumque
1246 2805 1336 2868 suffra·

317 2915 387 2997 giis.
427 2913 597 2976 Posteriori
618 2927 702 2974 certe
717 2925 816 2973 aetate
833 2913 949 2993 duplex
966 2911 1009 2973 est
1030 2914 1065 2973 in
1085 2913 1237 2974 concitiie.
1274 2904 1336 2969 tid.

210 3085 219 3100 ι
316 3015 341 3076 F
343 3015 428 3076 lorez
444 3012 565 3097 Espainu
580 3015 713 3098 Sagrada
729 3015 769 3076 T.
792 3029 823 3078 2.
846 3033 877 3096 p.
896 3027 980 3093 259.

389 3215 581 3296 Alonem)
631 3217 730 3279 Vatic.
761 3215 843 3298 Lipl.
874 3215 982 3279 Cibin.
1007 3217 1098 3302 Prag.
1130 3237 1204 3280 cum
1232 3215 1335 3274 Vineto

317 3316 471 3389 attonem·
494 3317 633 3401 Rehrlig.
656 3317 830 3389 scalionem
857 3318 942 3380 Gurl.
960 3319 1092 3391 halone;
1126 3321 1216 3382 Ailou
1231 3316 1334 3396 Geogt·

317 3419 464 3480 Ravenn.
488 3430 522 3496 4.
548 3429 607 3496 42.
660 3419 732 3480 Post
749 3421 860 3487 Venet.
881 3420 963 3478 nude
983 3441 1093 3480 nomen
1111 3423 1138 3479 ei
1153 3419 1285 3487 Illicem;
1306 3414 1336 3471 ln

314 3519 455 3582 Vindob.
471 3533 500 3580 et
516 3533 588 3580 ante
605 3517 687 3579 unde
700 3519 791 3590 abest,
818 3522 851 3580 in
874 3521 963 3604 Prag.
981 3523 1018 3583 ei.
1069 3523 1158 3581 Tum
1173 3516 1334 3581 hicCibin.
1371 3509 1372 3512 ’

315 3621 456 3686 Virnlob.
478 3634 510 3680 et
526 3621 625 3682 Vatic.
647 3621 766 3682 Ilicem.
807 3623 984 3693 Editiones‚
1007 3637 1044 3682 ut
1063 3621 1162 3705 supra.
1202 3623 1238 3682 ln
1259 3616 1334 3680 ttetr·

316 3722 416 3805 diget.
440 3737 529 3783 antea
552 3723 759 3791 Lucentiam,
795 3723 920 3785 Buccat.
944 3744 971 3785 c.
995 3724 1017 3786 l.
1041 3721 1199 3784 luceciam.
1256 3721 1333 3778 Tum

314 3823 406 3906 Prag.
432 3826 537 3902 magis
558 3835 669 3884 terrae.
722 3823 830 3886 Cibin.
858 3825 1031 3909 Rehdiger.
1054 3827 1105 3888 ed.
1130 3845 1160 3888 t.
1187 3821 1265 3884 sorte
1287 3813 1333 3877 alii

314 3923 387 3984 libri
410 3913 587 4012 hyspania,
613 3937 693 4004 quae
713 3925 817 3987 taedet
834 3939 955 3995 notare,
982 3929 1029 3988 uti
1046 3925 1113 4008 poll
1128 3923 1253 3992 bernice,
1275 3917 1334 3978 bae·

314 4025 397 4086 tirice
415 4025 555 4107 quidam.
591 4025 655 4090 Pro
675 4023 744 4090 Hie
762 4027 913 4092 Pintiauo
936 4029 1078 4113 placebat
1092 4027 1189 4100 Hine,
1215 4041 1288 4108 quae
1306 4028 1335 4081 et
