2814 4946
405 441 493 500 LIB.
523 444 562 502 ll.
605 443 724 502 evo.
767 439 794 512 l.
815 453 846 508 7.
1085 451 1147 514 5⁰²

114 611 259 682 Vinctus.
293 608 418 678 Voll'rua
448 615 574 700 aliique.
626 613 879 696 ddlpiratiouem
904 609 1040 696 praefert
1066 613 1146 674 Her·

110 717 230 778 molaue
259 715 412 778 Baream
442 720 476 780 iu
507 717 760 802 castigationibue
788 717 821 776 iu
852 715 969 778 llllelam
997 714 1145 798 (Romae

116 825 217 895 1493.
243 815 321 898 fot.)
343 825 381 880 ad
405 820 437 880 lt.
461 820 481 882 i.
509 839 606 902 quam
629 831 735 880 tamen
753 817 925 880 excludunt
946 819 1030 886 elue,
1063 837 1142 897 quae

112 919 204 1000 vulgo
228 935 400 990 vocantur,
432 921 602 982 editiones.
654 921 696 982 Et
719 920 756 981 lrc
777 932 861 982 recte
881 939 950 980 eam
974 939 1013 980 ex
1035 933 1140 980 aucto·

111 1039 176 1079 rum
193 1020 255 1084 fide
278 1021 453 1084 tollendam
472 1020 594 1084 censuit
618 1021 796 1084 Plutiauue.
834 1019 947 1102 Neque
966 1035 1069 1082 tamen
1088 1019 1141 1084 vel

109 1120 145 1181 lic
167 1119 334 1204 scripturae
363 1122 442 1182 ratio
463 1121 604 1184 confecta
627 1121 680 1187 ett.
731 1123 775 1184 lta
804 1123 892 1185 euim
917 1121 1085 1184 Cluverius
1105 1123 1140 1184 iu

109 1223 206 1286 Sicilia
228 1225 355 1304 antiqua
380 1239 411 1292 tt,
440 1239 493 1302 15.
517 1247 548 1308 p.
567 1235 652 1308 419.
685 1223 807 1304 ubique
827 1221 1028 1284 scribendum
1048 1235 1139 1303 putat

107 1323 259 1402 Aegades,
299 1325 347 1385 uti
377 1325 474 1386 etiam
512 1327 617 1388 editur
649 1325 731 1406 apud
770 1323 914 1386 Nonium
952 1321 1137 1386 Marcellum

109 1443 168 1503 cap.
189 1437 245 1502 ¹8·
262 1425 305 1488 in.
328 1445 366 1488 ex
384 1428 532 1496 Varrone,
557 1441 588 1488 et
605 1445 622 1488 a
637 1425 795 1487 Bocharto
811 1427 844 1486 in
860 1423 1008 1488 Citauaau
1029 1447 1056 1494 t,
1078 1440 1136 1494 27.

107 1525 242 1590 effertur.
289 1527 415 1609 Nempe
432 1527 600 1590 Cluverius
618 1529 652 1588 iu
671 1547 842 1588 commune
858 1528 955 1588 dictae
972 1525 1030 1586 elle
1046 1537 1137 1606 putat

106 1637 162 1690 trec
183 1627 316 1700 iul'ulae,
352 1629 499 1700 Hieram,
532 1629 759 1694 Phorbantiam
787 1642 821 1688 et
848 1625 1001 1710 Aegusam
1024 1629 1136 1688 eatlertt

105 1723 301 1800 formatione,
322 1731 369 1790 uti
387 1731 591 1802 Stoechades,
616 1729 804 1798 Echinades,
830 1729 1031 1810 Strophades,
1055 1730 1135 1810 Spo·

103 1831 202 1900 rades,
233 1831 395 1908 Cyclades.
427 1863 474 1880 -
528 1832 567 1893 dt
591 1843 749 1914 repugnat
771 1829 963 1912 penultima,
997 1829 1135 1909 quaein

104 1935 217 2010 poetis,
254 1933 354 1992 veluti
376 1931 456 1994 Silio
477 1932 585 1994 ltalico
607 1955 635 2002 t,
659 1935 718 1994 lit.
740 1945 773 1992 et
795 1931 878 1996 622.
907 1939 940 2010 4.
961 1943 1019 2010 79.
1042 1944 1072 1990 et
1099 1930 1133 2000 6.

105 2031 181 2108 ⁶85·
213 2035 419 2114 producitur,
453 2053 512 2094 uec
536 2037 670 2096 eaodem
693 2033 849 2094 rationem
873 2033 976 2106 valere
1000 2031 1131 2112 patitur.

105 2131 184 2193 Tum
213 2139 355 2214 Aepatae
381 2131 560 2216 praeferunt
590 2134 739 2196 meliores
766 2135 838 2194 libri
863 2134 895 2194 in
917 2133 996 2196 Silio
1023 2131 1132 2194 ltalico

105 2251 143 2294 cc.
160 2236 193 2297 ll.
235 2237 328 2296 Livio
349 2251 405 2306 21,
432 2257 484 2300 ιο.
506 2253 538 2316 7.
566 2249 598 2298 et
622 2237 655 2296 iu
677 2237 818 2316 epitome
837 2235 893 2296 lib.
915 2253 968 2312 ty.
1004 2233 1131 2312 Nepote

102 2333 131 2394 iu
154 2337 290 2398 Hamilc.
313 2356 341 2406 t,
364 2349 396 2414 3.
430 2339 558 2398 Aurelio
576 2339 656 2400 Vict.
679 2337 718 2394 de
736 2337 772 2398 V.
795 2337 821 2398 l.
838 2354 904 2418 cap.
922 2345 982 2414 41.
1019 2333 1133 2396 Orolio

103 2445 133 2515 4,
160 2458 214 2500 ιο.
255 2439 403 2518 Ampelio
425 2457 491 2518 cap.
515 2439 574 2518 46.
628 2439 718 2498 ldeut
752 2437 850 2520 igitur
876 2438 971 2498 etiam
1003 2449 1133 2496 couten-

104 2537 179 2598 daut
202 2534 329 2600 Voffiua
345 2539 383 2598 ad
406 2539 546 2600 nostrum
567 2541 689 2608 locum,
718 2539 916 2620 Dauupteiue
934 2538 968 2596 in
987 2535 1130 2618 orthogr.

103 2636 135 2698 P:
162 2657 193 2702 o.
218 2659 252 2720 p.
276 2653 330 2718 13.
366 2641 419 2720 qui
447 2653 603 2720 praeterea
628 2637 770 2700 acerbius
794 2639 982 2700 Cluverium
1006 2634 1133 2707 refellit,

102 2740 151 2800 etli
175 2741 232 2800 hic
254 2739 496 2822 adspirationem
518 2760 584 2802 non
607 2741 728 2808 renuit,
760 2739 869 2800 Boline
897 2739 934 2798 ad
960 2736 1135 2817 Nepotem,

102 2841 251 2902 Arutzen.
282 2841 320 2902 ad
351 2843 513 2904 Aurelium
538 2862 583 2904 cc.
607 2841 638 2902 ll.
691 2838 930 2902 Drakenborch.
956 2839 993 2898 ad
1017 2839 1134 2900 Silium

103 2940 167 3004 ltal
191 2963 222 3014 t,
246 2942 306 3006 66.
347 2943 508 3004 cl'Orville
530 2944 564 3004 iu
585 2943 698 3006 Siculis
725 2961 793 3023 cap.
813 2953 845 3018 5.
868 2961 900 3022 p.
921 2953 981 3022 49.
1033 2939 1135 3010 Adde,

104 3063 178 3122 quae
200 3055 378 3106 mouentur
392 3045 429 3104 ad
453 3045 524 3108 [ἰν.
544 3061 599 3112 at,
622 3065 675 3112 to,
694 3057 728 3118 7.
760 3044 892 3122 Aegates
916 3043 1012 3102 etiam
1033 3037 1136 3100 adfert

105 3143 323 3207 Gotltolredua
347 3146 381 3204 iu
404 3165 483 3206 varr.
511 3145 596 3208 lectt.
628 3144 728 3206 Nouii
753 3142 894 3203 Marcelli
917 3141 1067 3220 deditque
1096 3159 1136 3202 ett

104 3243 194 3308 loss.
219 3245 390 3308 Mercerue.
442 3249 488 3306 lta
503 3259 610 3308 tamen
627 3244 725 3306 libroc
746 3245 881 3314 variare,
906 3243 1023 3304 elocent
1040 3255 1136 3304 notae

105 3345 274 3408 doctorum
306 3349 463 3410 virorum.
519 3347 617 3429 Quod
650 3347 780 3406 miratur
814 3343 1002 3410 Cluverius,
1040 3343 1138 3404 etiem

105 3445 220 3510 Graece
235 3445 428 3510 doctiss'uuoe
445 3449 484 3508 tle
501 3445 551 3508 lua
568 3445 714 3528 [criptura
729 3465 796 3506 nou
812 3443 967 3528 cogitasse,
991 3441 1054 3525 iple
1071 3463 1139 3504 uon

105 3549 273 3631 cogitavit,
306 3549 390 3630 apud
417 3549 552 3610 Graeco·
573 3567 612 3610 eo
634 3548 764 3608 nomine
787 3545 843 3606 hee
867 3543 980 3606 iulttlaa
1001 3565 1065 3604 uon
1087 3563 1139 3606 oc·

106 3667 237 3718 enuere,
264 3647 315 3709 led
338 3639 500 3733 atpcioar
523 3649 596 3720 dici,
622 3649 722 3710 veluti
737 3647 819 3728 apud
843 3645 958 3726 Polyb.
981 3665 1009 3714 ι,
1027 3653 1086 3726 lli·
1107 3661 1137 3708 a.

105 3752 155 3811 vel
178 3743 360 3832 Αἷγουσαν,
392 3752 440 3810 uti
462 3771 490 3820 ι,
516 3751 573 3818 6ο.
594 3760 630 3827 4.
680 3750 722 3810 At
746 3749 880 3810 occurrit
900 3747 978 3806 adeo
1003 3739 1142 3830 Aipdtpe

106 3850 138 3910 iu
155 3852 330 3934 Stephano,
358 3851 412 3914 elli
433 3869 552 3912 nomeu
568 3851 647 3911 illud
670 3850 703 3910 iu
722 3849 820 3932 priori
843 3861 932 3928 parte
947 3844 1140 3908 sollicitatur.

106 3947 244 4040 Δι’γὰιης
273 3955 363 4014 enim
393 3947 489 4024 πόλις
515 3948 690 4022 Φοινίκων.
732 3951 938 4016 Poenorum,
974 3949 1007 4006 iu
1042 3943 1144 4008 tlfrica

106 4051 270 4116 Holstenio
294 4053 370 4118 haec
397 4051 495 4114 insula
518 4053 578 4116 elle
599 4053 737 4114 videtur.
792 4049 911 4132 Quodli
933 4067 1010 4108 vero
1027 4047 1144 4110 Cluve-

107 4154 169 4220 riut
184 4155 346 4240 aequalem
363 4175 437 4218 cum
454 4155 523 4220 aliia
538 4155 573 4218 iu
589 4153 813 4218 terminatione
829 4147 967 4214 locutam
985 4145 1146 4231 spectavit,
