2836 4940
355 435 445 492 tta.
473 437 524 492 m.
567 435 684 498 arm.
726 435 752 508 r.
777 453 805 492 ι.
1039 441 1101 506 ιιῃ

62 631 97 695 p.
123 615 209 688 352.
235 605 257 672 i.
282 619 365 684 5¹¹·
408 607 586 690 Stephanus
608 607 642 670 h.
665 629 698 672 v.
741 606 872 688 Dionys.
896 627 928 668 v.
955 614 1039 684 750.
1067 618 1100 668 et

62 713 137 784 alii;
162 711 286 772 Pliniue
302 711 335 778 (r,
355 729 369 772 t
377 727 412 788 9.
429 707 449 772 i.
475 725 528 784 17.
547 711 657 772 Sacae.
708 711 781 772 Alio
797 709 896 772 modo
913 725 1101 789 corruptum

64 813 110 874 ett
131 813 193 874 hoe
213 829 333 872 nomen
354 811 387 869 in
411 810 593 872 Mamertini
616 831 766 894 panegyr.
789 811 822 872 in
843 809 983 894 genethl.
1002 809 1102 868 Maxi·

65 915 170 976 miani
189 933 254 994 cap.
276 926 331 986 17.
358 911 414 972 ubi
433 913 466 972 in
481 913 553 975 cod.
566 913 748 974 Schwartzii
763 927 795 974 et
811 913 882 973 edd.
901 912 1011 992 primia
1025 911 1102 994 legi·

68 1029 124 1076 tur
146 1015 246 1076 Sacoi.
297 1013 397 1074 Porro
421 1012 529 1076 Cibin.
557 1011 729 1105 tifilam,-
762 1015 859 1075 Vatia.
878 1025 910 1092 5.
933 1013 1045 1074 Venet.
1071 1025 1102 1073 et

66 1117 146 1200 quia
165 1104 387 1202 ferusculam
421 1114 511 1196 Prag.
528 1116 654 1196 etqnia
666 1106 757 1202 foris
767 1113 916 1208 flarent,·
950 1115 1049 1176 Vatic.
1067 1125 1101 1192 5.

67 1213 295 1278 inhabitabiles
300 1236 313 1286 ,·
336 1215 427 1300 Prag.
449 1213 620 1288 inhabiles,-
649 1217 746 1280 Vatic.
768 1239 796 1280 r.
823 1216 996 1298 Rehdiger.
1015 1213 1100 1276 Gud.

68 1313 287 1380 inhabitabile.
339 1317 388 1378 Ex
406 1315 600 1380 editionibus
626 1337 680 1378 10.
703 1339 768 1400 qua
783 1307 869 1406 feris
885 1309 1011 1407 joalel,
1044 1333 1104 1376 nec

69 1417 295 1488 incommode.
318 1437 377 1480 nec
393 1431 514 1500 praeter
533 1437 657 1478 moram
674 1419 781 1482 noiiri.
819 1418 969 1481 Ceterum
990 1417 1102 1478 Venet.

68 1533 177 1582 toturn
194 1520 281 1580 hunc
301 1519 407 1580 locum
422 1519 462 1580 iic
476 1515 615 1580 effinxit:
646 1519 773 1600 Scythis
792 1521 930 1599 proximi
940 1509 1023 1609 sant
1042 1517 1106 1581 An·

67 1621 235 1702 «liopdago
256 1653 307 1668 -
329 1633 361 1682 et
379 1621 456 1704 qaia
477 1611 562 1710 feris
575 1611 723 1714 scatent,
750 1617 980 1684 inhabitabiles.

146 1824 292 1885 iterum
320 1821 332 1884 l
340 1842 413 1884 oea
419 1820 438 1904 )
475 1821 615 1884 Vindob.
636 1843 744 1885 aeram
759 1822 840 1884 loeo.
875 1821 1000 1891 Beluae,
1021 1818 1107 1902 qnod

70 1944 130 2009 pro
147 1921 267 1986 belluae
281 1925 315 1984 in
336 1921 431 1986 botrie
452 1923 539 1986 libris
558 1943 720 1987 occurrere
741 1925 865 1986 notavit
880 1924 976 1987 etiam
992 1919 1108 1984 Gesne-

71 2047 126 2090 rur
149 2027 184 2086 in
211 2023 352 2088 thesauro
377 2025 412 2088 L.
434 2025 471 2087 L.
493 2023 547 2086 iub
569 2025 602 2089 h.
619 2047 651 2088 v.
673 2027 827 2108 reperitur
848 2026 881 2086 in
907 2025 991 2086 Gud.
1014 2023 1107 2108 Prag-

74 2129 185 2192 Cibin.
202 2127 374 2212 liehdiger.
394 2139 426 2188 et
441 2127 637 2190 editionibna
653 2127 852 2212 quibasdam,
873 2127 976 2190 veluti
994 2139 1028 2190 a.
1051 2143 1107 2188 ιι.

79 2246 136 2294 12.
164 2241 220 2308 ¹5·
252 2239 306 2308 14.
340 2245 394 2307 19.

151 2431 255 2492 mari
279 2430 557 2492 imminentem
566 2429 585 2514 )
634 2431 726 2517 Prag.
748 2432 830 2514 quan
852 2433 979 2514 poetico
1000 2429 1109 2514 spiritu

75 2533 210 2594 addatur
226 2533 307 2592 mari
326 2533 496 2592 minantem
519 2531 606 2604 lunt;
633 2531 682 2594 iad
701 2537 795 2594 etiarn
814 2535 943 2596 Salinae
963 2553 1029 2614 cap.
1048 2544 1109 2609 50.

76 2634 98 2696 s.
118 2647 177 2713 53.
198 2635 280 2693 utari
300 2633 479 2702 immineres,
513 2633 597 2714 quod
623 2636 656 2693 in
680 2635 786 2696 Plinio
811 2635 844 2704 6,
868 2651 925 2696 20.
943 2631 964 2697 i.
987 2645 1049 2709 17.
1067 2631 1111 2694 est

75 2733 231 2796 incubans
250 2735 342 2795 mari.
392 2733 465 2794 Post
486 2731 594 2794 Tabim
612 2747 644 2797 et
661 2737 723 2798 line
738 2733 946 2818 adspiratione
967 2735 1111 2816 plerique

76 2837 219 2906 codices.
253 2835 353 2894 veluti
376 2833 484 2896 Cibin.
508 2837 607 2896 Vatia.
630 2837 713 2898 (iud.
731 2837 823 2920 Ptag.
844 2837 912 2906 alii,
939 2837 973 2896 in
996 2835 1111 2916 quibua

76 2937 252 3020 Rehdiger.
277 2933 421 2998 Thetim.
473 2937 649 3008 Editionea,
675 2939 708 2998 in
729 2939 766 3000 iis
785 2939 940 3017 antiquae.
970 2933 1112 3012 Thalam,

76 3041 149 3109 uel.
184 3039 233 3097 uti
267 3035 482 3106 Camertinae‚
527 3040 697 3109 Vemania,
741 3039 955 3109 Olivarianae‚
994 3037 1112 3106 Vineti,

76 3141 215 3208 stanni,
246 3136 387 3208 Tleolmm
420 3139 494 3198 inde
512 3159 527 3200 a
546 3135 651 3202 Voffro
673 3137 788 3212 Talin.
814 3142 977 3222 quomodo
998 3141 1113 3224 legitur

77 3243 113 3302 in
140 3241 238 3302 Plinii
260 3253 293 3300 et
313 3239 416 3302 Solini
441 3259 485 3300 cc.
509 3240 540 3300 il'.
593 3241 677 3302 ilino
700 3263 776 3303 vero
799 3263 833 3304 ea
861 3241 961 3304 forma
988 3240 1114 3323 probari

77 3341 200 3424 potest,
233 3359 306 3402 oum
332 3339 455 3400 codices
476 3341 719 3423 adspirationem
743 3356 849 3404 ament
870 3345 1037 3424 verbisque
1060 3341 1115 3404 ob·

78 3443 221 3504 trudant.
256 3441 413 3504 Ananim
430 3439 504 3500 alibi
524 3459 804 3515 commemoretur,
825 3445 975 3526 equidem
997 3441 1112 3505 neseio.

159 3644 298 3725 Longe
329 3639 377 3704 ab
409 3643 478 3724 eo)
537 3643 676 3706 Verbum
704 3645 793 3724 longe
818 3659 965 3726 putamur
991 3655 1044 3704 aut
1068 3661 1116 3704 re·

81 3746 242 3816 (landate,
267 3759 337 3815 aut.
366 3743 471 3806 finon
494 3745 667 3816 redundat,
695 3747 863 3828 significare
885 3747 916 3805 in
931 3736 1066 3836 sublime
1083 3755 1116 3806 et

81 3839 247 3938 excelsam.
300 3845 383 3908 Nam
409 3847 537 3906 videtur
560 3848 612 3908 hic
642 3846 725 3907 Mela
756 3861 895 3926 repetere
919 3859 952 3907 et
978 3846 1115 3928 apertius

83 3951 206 4017 dicere,
233 3949 320 4030 quod
341 3949 380 4007 de
396 3949 501 4008 Tauro
517 3961 628 4008 monte
649 3949 682 4008 in
702 3950 795 4026 Lycia
819 3945 872 4034 [r.
896 3957 948 4023 15,
969 3942 1021 4032 m]
1046 3967 1116 4028 pto·

84 4053 224 4112 diderat:
266 4049 387 4111 Taurus
406 4039 472 4138 ipse
497 4047 537 4108 ab
560 4049 638 4110 Eois
662 4047 808 4108 litoribus
835 4038 1004 4138 exstergens
1028 4045 1116 4141 versia
1192 4093 1196 4106 .

76 4143 165 4242 satir
187 4149 360 4213 attollitur.
410 4149 498 4212 Facit
517 4151 614 4236 igitur
630 4151 759 4214 initium
774 4161 807 4212 et
823 4149 981 4234 originem
998 4151 1117 4214 mantia
