2826 4936
327 475 385 542 132
624 460 868 520 eoutoutt
904 461 1068 520 mette

329 635 507 704 Coraxicis.
560 635 674 700 Strabo
713 635 904 698 undecimo:
939 629 994 722 [p.
1020 645 1103 717 345.
1127 633 1147 698 i.
1169 625 1263 718 ficu]
1298 631 1333 693 ln

329 737 430 804 medio
455 737 605 818 planicies
629 735 673 830 est
695 732 888 825 fluminibus
913 739 1033 819 irrigua
1060 728 1231 830 praesertim
1256 733 1333 815 Cyro,

328 843 384 928 qui
407 849 512 902 ortum
532 859 572 900 ex
593 841 741 902 Armenia
763 839 910 910 trahem,
944 861 1020 902 mox
1048 839 1167 901 dictam
1192 835 1335 918 planiciem

330 945 446 1012 intrat,
472 953 567 1024 atque
583 943 721 1020 Arogum
747 935 809 1026 [ita
827 935 1007 1026 Guarinus]
1032 962 1152 1002 amnern
1172 961 1188 998 e
1212 924 1335 1025 Caucaso

329 1037 515 1132 dfirteectem
538 1043 688 1122 recipiens
711 1040 820 1102 evadit
843 1042 878 1102 in
899 1040 1085 1114 Albaniam,
1115 1043 1193 1102 inter
1211 1059 1294 1120 qerarn
1312 1047 1336 1094 ct

329 1145 509 1208 Armeniam
525 1143 556 1203 in
573 1163 658 1202 mare
675 1133 825 1232 Caspium
841 1143 986 1224 cmmpit.
1025 1144 1068 1204 Et
1085 1143 1176 1226 paulo
1192 1139 1254 1224 poll
1266 1138 1336 1198 idem

330 1244 461 1310 strabo:
507 1244 608 1326 Cyrus
629 1245 752 1314 autern,
785 1243 843 1327 qui
864 1265 919 1324 per
941 1242 1110 1306 Albaniam
1123 1237 1216 1332 jlreit,
1239 1253 1267 1300 et
1285 1237 1337 1298 alt'o

329 1341 482 1434 fiumina,
515 1367 582 1406 eum
606 1346 770 1426 augentia,
805 1355 921 1406 terram
946 1335 1182 1433 foecundiorem
1205 1338 1336 1404 exilient.

331 1448 420 1510 Haec
445 1445 662 1510 strebula
690 1449 781 1508 cuiue
814 1447 979 1508 tralatione
1010 1443 1125 1508 vitiose
1150 1443 1285 1524 [criptum
1305 1437 1337 1499 et

333 1553 416 1626 Aeon¹
404 1569 473 1608 vum
495 1567 552 1629 pro
575 1549 768 1628 drogonem,
800 1560 837 1608 ut
856 1545 975 1608 habent
992 1547 1103 1610 Graeci
1120 1545 1245 1607 coelicet.
1289 1537 1338 1602 set

331 1649 432 1734 potest
451 1652 546 1709 etiam
568 1649 630 1732 legi
651 1668 706 1730 per
722 1645 833 1708 iberas
846 1660 876 1708 et
893 1647 1042 1712 Albanos.
1083 1648 1166 1709 Nam
1183 1623 1338 1708 Ptolemaeo

333 1765 461 1812 auctore
485 1741 724 1836 [012,13.]
751 1747 853 1830 Cyrus
874 1762 1052 1830 pertatem
1076 1749 1251 1812 Iberiamet
1268 1741 1340 1805 tlte·

333 1855 419 1914 niam
437 1853 520 1925 fluit,
542 1850 691 1911 dividens
705 1850 770 1911 illae
786 1848 825 1910 ab
844 1837 1001 1912 Armenia.
1032 1869 1225 1912 ιιιιτιιιιιι.
1262 1842 1339 1906 Valde

334 1953 388 2014 hic
409 1967 516 2034 peccat
541 1951 639 2021 Mela,
674 1971 748 2012 cum
769 1971 878 2014 amuco
902 1951 960 2014 hoo
982 1954 1097 2014 vicinis
1118 1933 1252 2014 tonum
1272 1941 1339 2010 oriri,

333 2073 368 2116 ac
388 2067 495 2116 umen
514 2065 577 2113 tam
598 2051 679 2112 valla
703 2053 840 2114 divortia
867 2051 967 2115 facere
988 2053 1111 2122 scribit.
1145 2067 1180 2113 ut
1201 2066 1277 2112 unua
1297 2060 1340 2126 ptr

333 2154 457 2224 lberae,
484 2153 560 2214 alter
582 2173 637 2234 per
662 2154 827 2231 Hyrcanos
849 2153 938 2224 flerat,
965 2157 1052 2236 prius
1067 2175 1163 2236 quam
1178 2152 1340 2230 coniungan-

333 2267 396 2317 tur.
441 2253 567 2336 Nempe
593 2255 665 2336 quia
691 2255 799 2316 Araxis
818 2255 985 2336 appellatio
1009 2270 1073 2316 tam
1098 2257 1191 2318 veriie
1212 2249 1339 2314 adtributa

332 2353 394 2418 fuit
416 2355 618 2426 fluminibus,
651 2355 725 2416 ideo
748 2375 874 2437 quoque
896 2358 1007 2418 inlitu
1029 2371 1062 2418 et
1084 2359 1215 2418 nomine
1235 2352 1300 2432 Cyri
1315 2357 1339 2406 et

333 2456 500 2537 Cambylie
515 2457 659 2518 amnium
681 2457 837 2518 variatum
854 2455 927 2520 luit.
963 2459 1025 2530 Sed
1044 2456 1064 2516 fi
1080 2479 1138 2540 per
1154 2459 1265 2519 Araxen
1279 2445 1338 2510 illul

298 2599 307 2610 ·
333 2559 455 2622 flumen
471 2559 698 2642 intelligamus,
724 2559 811 2639 quod
828 2558 868 2620 fic
882 2561 1020 2622 Romani
1036 2561 1239 2642 appellarunt,
1264 2549 1338 2635 quod·

333 2679 395 2744 que
411 2661 588 2722 etiamnum
605 2678 726 2722 nomen
742 2659 883 2730 servan·
873 2681 936 2721 eam
953 2680 1018 2721 non
1035 2675 1131 2722 erunt
1152 2649 1340 2740 distinguenti

264 2797 267 2802 ·
339 2761 415 2824 ollio
431 2762 507 2842 Cyri
522 2775 556 2822 et
568 2760 729 2840 Combyfie
744 2761 783 2822 ab
799 2760 884 2823 ostiu
896 2761 1021 2833 Ararim
1052 2763 1262 2824 confluentem
1274 2751 1341 2816 enim

341 2859 480 2932 faciunt,
511 2881 579 2924 non
601 2863 790 2934 divortium.
842 2863 956 2925 Araxes
976 2863 1137 2924 miluum
1159 2863 1285 2942 Cyrum,
1305 2849 1342 2910 uti

338 2957 408 3026 ἰιοιι
427 2977 552 3025 teritum
571 2960 758 3026 Plutarchiu
780 2956 836 3047 [in
855 2963 1012 3046 Pompeio
1029 2983 1095 3045 cap.
1115 2960 1190 3050 ,4.]
1212 2975 1242 3022 et
1256 2955 1320 3038 App
1314 2971 1344 3012 ιι·

339 3085 411 3135 uuo,
436 3062 491 3151 [in
506 3063 682 3127 Mithridat.
698 3084 725 3126 c.
749 3057 850 3150 ²⁰3·]
877 3063 929 3125 leel
946 3080 979 3126 et
1001 3065 1157 3126 hodierna
1172 3065 1259 3124 docet
1272 3071 1344 3136 expe·

340 3165 464 3228 rientio.
491 3185 632 3228 voeetve.
677 3165 767 3248 Quot
780 3180 872 3248 putat
887 3167 920 3226 in
936 3165 985 3228 hia
998 3167 1144 3250 prodigia
1160 3163 1236 3228 ellel
1259 3160 1344 3221 lberer

339 3279 374 3328 et
390 3265 530 3345 Hyrcani
550 3267 687 3351 (quanto
710 3267 877 3328 intervallo
899 3263 1077 3350 seiunctit)
1102 3268 1157 3348 qui
1177 3261 1292 3348 poliunt
1305 3254 1344 3314 lut
1379 3329 1380 3359 1

294 3425 296 3432 .
341 3367 474 3428 flumina
495 3385 552 3449 per
573 3387 674 3428 unum
698 3387 735 3430 oe
756 3369 925 3430 emittere?
976 3371 1024 3430 lta
1044 3367 1204 3438 Cellariue,
1228 3357 1343 3442 expolito

339 3467 403 3531 hoc
419 3469 505 3540 loco,
531 3471 566 3530 in
584 3468 701 3554 Geogr.
720 3483 785 3530 ant
803 3484 835 3548 3,
858 3481 912 3545 ιθ,
933 3487 995 3532 ιο.·
1007 3470 1168 3531 exclamat.
1216 3463 1288 3527 Satio
1305 3455 1344 3516 illl

340 3570 513 3642 declarant,
539 3567 677 3632 fallahic
694 3571 814 3631 Melam
829 3570 1001 3641 tradidille,
1029 3569 1112 3642 sed,
1124 3587 1186 3652 quo
1206 3553 1343 3627 minusad

338 3690 448 3733 veram
462 3674 619 3734 rationem
634 3685 811 3742 revocetur,
835 3671 957 3734 obstant
972 3673 1120 3734 codicum
1136 3669 1272 3732 omnium
1284 3675 1343 3722 con·

336 3769 509 3835 sentientes
532 3793 641 3838 voces.
698 3773 845 3844 Accedit,
878 3773 966 3853 quod
989 3787 1023 3836 et
1048 3773 1096 3836 bie
1120 3771 1228 3836 eadem
1249 3757 1342 3844 repetit
1378 3761 1379 3817 l

334 3872 503 3960 Boccatiue
519 3893 563 3938 cc.
580 3875 613 3938 ll.
653 3865 748 3936 Plura
773 3875 841 3940 Vol.
859 3889 893 3936 a.

409 4074 642 4158 Iaxartes)
690 4075 794 4142 Vatic.
826 4075 946 4140 Venet.
977 4075 1123 4142 Vindob.
1151 4076 1249 4138 Ham.
1274 4055 1340 4144 Lips-

334 4177 423 4244 Gud.
439 4179 581 4263 Rehdig.
598 4179 779 4252 Laocortes5
803 4179 894 4266 Prag.
913 4179 1081 4254 Lanatam·
1107 4179 1211 4245 Cibin.
1228 4165 1303 4238 voti.
1319 4183 1340 4220 ¹·
1377 4259 1378 4277 ᾖ
