2792 4940
14 443 18 558 ι
358 445 448 504 ιιι.
480 445 518 502 ιι
560 445 669 504 cut
711 445 790 516 §.t-
1033 455 1093 520 too

14 567 16 678 l
64 620 150 704 lego:
190 629 264 682 tum
284 619 500 684 Macedonum
522 619 649 701 populi,
678 617 736 684 CL
763 613 853 680 aries
873 613 1026 682 dalitout
1052 639 1093 682 ex

64 723 151 784 i'tuio
176 715 239 808 [4.
261 719 350 800 17.i.
366 719 443 810 em]
465 735 498 784 et
519 721 692 784 Marciano.
721 715 886 808 [Scymno
903 721 990 784 Chio
1005 723 1092 802 625.

64 815 173 886 aaa>
199 817 362 913 tantum]
402 821 501 888 Caulo
522 823 756 907 depravationis
775 819 837 882 luit
860 819 978 904 lupina,
1001 823 1094 886 libre·

64 927 170 986 tium
198 923 341 1008 semper,
375 945 609 1008 nonnunquam
630 927 727 988 etiam
748 935 977 994 correctorum.
1002 927 1096 1010 iguo·

64 1029 154 1098 cantia,
182 1029 318 1089 coelum
333 1029 423 1090 terrie
438 1019 641 1090 miscentium
655 1041 688 1090 et
703 1045 790 1088 mare
806 1025 909 1088 coeio.
947 1027 1094 1090 Primum

65 1131 151 1200 enim,
180 1143 223 1190 nt
248 1131 402 1200 coniitia,
435 1130 501 1192 duo
524 1130 680 1192 elementa
699 1127 729 1188 cl
748 1127 866 1188 librarii
889 1127 923 1188 in
944 1125 1095 1190 unumd

64 1229 282 1294 confuderunt.
309 1231 436 1292 Deinde
451 1243 643 1294 correctores
658 1227 841 1298 nescientes,
862 1229 938 1310 quid
953 1229 976 1290 d
991 1227 1094 1292 [oium

64 1332 252 1414 fignificaeet,
278 1353 432 1396 nnmeme
453 1335 541 1394 euim
561 1331 756 1394 immodicae
770 1329 948 1400 videbatur,
974 1331 1095 1394 adiecta

63 1433 243 1512 eiecerunt
260 1433 317 1518 qd.
369 1434 533 1500 Postremo
555 1435 608 1496 alii
627 1433 761 1504 maium,
786 1432 873 1514 qttod
887 1431 1095 1512 Thucydideo

64 1527 106 1618 [5,
128 1529 219 1622 65.]
244 1537 300 1608 ait,
330 1537 416 1598 maio
433 1551 586 1606 autentu,
615 1547 695 1618 qteot
718 1531 903 1616 scripserunt
923 1553 997 1596 cam
1019 1547 1097 1596 note

62 1637 334 1722 interrogationie.
367 1637 425 1698 nbi
446 1639 534 1700 nulla
554 1637 596 1700 eii
617 1637 836 1722 interrogatio.
893 1653 1093 1698 ιιιιιιιιιιιι.

62 1737 143 1808 Sunt.
170 1740 232 1821 qni
253 1739 341 1800 hanc
359 1737 470 1801 locum
485 1739 525 1801 iic
541 1739 713 1823 accipient:
745 1735 818 1800 Pati
834 1737 1006 1798 antedictae
1022 1755 1098 1822 gen·

62 1853 102 1900 tec
120 1839 211 1922 [eqni
227 1839 370 1926 populna
390 1839 630 1912 Macedonum„
640 1853 674 1904 et
696 1838 756 1902 elle
777 1851 825 1900 tot
847 1858 992 1908 numero.
1018 1849 1098 1920 quot

63 1941 114 2000 int
129 1943 243 2014 urben,
270 1961 348 2024 qnae
367 1941 521 2008 habitent.
573 1941 681 2026 Quam
696 1953 782 2002 recte
798 1953 905 2002 antem
920 1939 960 2002 fic
982 1941 1099 2002 intelli·

63 2059 156 2124 gatar,
184 2043 320 2106 arbitrio
340 2045 494 2106 lectorum
516 2043 593 2106 elio.
628 2061 730 2106 taam.
783 2041 895 2104 Forte:
926 2041 1097 2104 TamMa·

64 2143 209 2204 eedouuru
223 2145 340 2225 populi
352 2145 474 2228 aliquot
488 2143 576 2206 ardes
593 2143 754 2208 habitant.
788 2139 874 2204 Inita
891 2141 947 2204 lib.
966 2155 998 2222 3.
1017 2161 1043 2204 c.
1068 2163 1096 2208 ι.

67 2243 300 2307 Cantabrorum
317 2245 438 2329 aliquot
458 2247 569 2328 populi
591 2265 758 2328 amitasque
771 2235 863 2336 saut.
902 2245 1005 2326 Aliqui
1029 2243 1098 2328 (in-

66 2348 129 2426 quit
147 2345 341 2432 Pintianne)
362 2349 448 2409 hunc
462 2349 571 2411 locum
589 2345 628 2410 fic
644 2347 822 2429 accipiunto
845 2345 912 2428 poli
925 2347 1099 2410 antedictae

67 2463 172 2530 gentes
185 2481 231 2494 -
252 2448 329 2510 eiio.
356 2441 444 2534 [vid.
461 2443 572 2535 antea]
611 2449 712 2511 Altina
730 2461 763 2508 et
777 2447 884 2529 Antiq.
911 2447 988 2508 Tum
1005 2447 1099 2512 Mac.

67 2567 97 2627 p.
123 2549 223 2634 quod.
267 2567 478 2614 ciuccoutve.
541 2550 604 2612 Tot
635 2548 850 2612 Macedonum
878 2547 991 2629 populi
1021 2561 1101 2630 quat

66 2654 190 2720 malim,
225 2669 324 2732 quam
352 2651 428 2712 Tum
454 2649 686 2720 Macedonum,
716 2651 881 2730 quomodo
904 2663 993 2710 antea
1017 2649 1101 2733 lege·

64 2750 163 2816 batur.
225 2753 350 2822 Louna,
376 2753 531 2836 adquam
553 2753 647 2814 multi
670 2751 770 2814 stetim
793 2771 861 2835 cap.
884 2751 979 2812 initio
1001 2751 1101 2833 impe·

62 2868 197 2936 geruum
222 2867 259 2916 et
271 2851 388 2925 nelcio,
413 2855 528 2936 quibua
543 2851 864 2936 interpunctionibus,
884 2871 964 2933 quae
980 2847 1103 2912 somnia

61 2955 243 3018 commenti
268 2955 337 3018 sint.
379 2975 558 3018 ecuouuve.
612 2955 807 3040 Legebamr:
849 2953 927 3014 Tum
952 2951 1104 3014 Macedo·

60 3079 133 3117 num
157 3055 283 3138 poputll,
308 3070 386 3139 quot
405 3055 493 3119 urbes
505 3055 681 3120 habitant?
724 3057 892 3120 Pintianue
905 3055 994 3116 aliter
1008 3067 1102 3134 atque

61 3161 163 3221 aliter.
223 3157 375 3220 Restituit
422 3158 484 3222 Tot
508 3157 721 3221 Macedonum
752 3155 879 3240 populi,
912 3167 991 3239 qttot
1014 3153 1104 3218 urbes

63 3259 232 3320 habitant.
277 3277 439 3322 coactive
468 3259 503 3320 lu
535 3251 750 3350 praefatione.
825 3255 923 3352 Quod
947 3253 1036 3318 arbes
1059 3255 1103 3320 est

62 3363 241 3424 metiomm
266 3359 421 3422 librorum
444 3361 552 3424 lectio.
603 3361 665 3424 Sed
692 3373 777 3423 recte
800 3357 970 3424 Pintianae
995 3376 1104 3420 emen·

62 3463 164 3533 davit,
188 3461 248 3525 CL
269 3459 357 3522 urbes
373 3459 532 3534 duditant,
555 3473 592 3522 ut
607 3461 732 3524 Pliniae
746 3475 780 3524 et
796 3459 983 3524 Martianus.
1018 3461 1104 3522 Alio·

62 3585 138 3625 mm
164 3565 364 3626 coniecturae
384 3562 457 3624 [ιιιιι
474 3559 611 3647 ineptae.
645 3583 794 3630 voeewe.
849 3561 982 3624 Centum
1011 3561 1104 3643 quiu-

63 3669 229 3748 quagiuta
257 3662 346 3727 arbes
369 3661 553 3750 habitant.)
615 3663 720 3728 Libeia
743 3663 881 3744 antiquie
914 3676 947 3726 ct
978 3663 1106 3724 veritati

62 3768 166 3828 libare
186 3765 307 3846 malni,
333 3785 429 3848 quam
444 3763 612 3849 profaunm
627 3765 705 3848 quid
723 3783 740 3826 a
756 3761 863 3828 Voffio
884 3777 939 3826 aut
954 3761 1105 3826 Pintiano

14 3883 15 3914 ³
66 3869 187 3930 iubae
209 3865 330 3928 lacman
351 3865 494 3930 inferre·
528 3867 702 3950 Nunquam
726 3868 759 3928 in
783 3865 972 3928 Macedonia
994 3885 1106 3928 nume·

14 3977 15 3986 ’
65 3971 219 4030 tahantnt
233 3982 364 4031 centnm
383 3971 610 4054 quinquaginta
630 3969 734 4040 arbee,
758 3967 816 4046 (ut
832 3967 962 4030 videtur
978 3987 1016 4028 ex
1032 3967 1107 4028 Pin·

14 4051 16 4130 l
68 4073 152 4132 ciani
169 4071 395 4134 emendatione
414 4071 537 4134 citanda
559 4071 735 4156 intelligere
750 4063 886 4140 Voffine.
908 4067 961 4130 vei
977 4080 1107 4128 centnm

14 4177 16 4250 t
68 4173 299 4260 quinquaginta
321 4173 449 4259 populi,
476 4175 514 4237 ui
535 4191 615 4258 quoe
632 4173 685 4236 ilie
708 4189 861 4236 unmema
881 4169 979 4234 etiam
1000 4165 1108 4233 referri

14 4279 16 4314 Ι
