2788 4942
339 467 429 524 Ltu.
459 469 510 524 111.
554 467 586 524 C.
610 469 645 522 ll.
688 467 712 535 i·
736 473 766 540 4·
1035 477 1076 540 ⁷5

46 640 100 702 96.
122 654 181 714 97.
201 651 256 716 98.
281 654 340 718 99.
357 653 416 720 3⁰·
440 642 649 720 omninoque,
673 661 751 721 quae
768 639 943 702 Vadianum
961 652 992 702 et
1009 637 1077 702 Oli·

45 743 168 802 varium
193 739 353 812 releruot,
389 761 463 802 cum
489 743 605 804 Vineto
628 758 660 804 et
683 743 834 810 Schotto,
860 732 1078 833 Elusuberrise

44 855 168 904 tantum
180 843 298 928 Saling.
315 855 419 922 1538.
435 835 646 936 Elisaberrlsr
671 839 796 906 Voffiua
811 857 844 904 et
860 857 919 924 4ο.
938 853 998 924 42.
1015 853 1077 926 49.

47 941 267 1018 Climberrum
301 947 491 1008 Reinoldiua
521 959 553 1006 et
578 945 655 1006 hinc
681 956 741 1026 44.
767 957 827 1024 45.
855 965 927 1007 cum
952 945 1077 1026 Kappio

49 1042 284 1110 Cliumberrum.
332 1067 537 1110 azecnvcxe.
601 1049 642 1108 Iu
687 1049 781 1108 Auris
815 1042 1077 1132 Eliuurberruru.)

46 1148 114 1208 Scin
139 1149 173 1207 in
197 1139 314 1239 Aufeia
336 1139 487 1240 Elusates
510 1163 543 1212 et
559 1141 759 1240 Elusaticuui
782 1169 894 1210 eorum
919 1151 1076 1230 oppidum

46 1245 141 1318 inille,
168 1251 253 1330 quod
275 1263 308 1310 et
329 1250 384 1311 lib.
401 1249 499 1314 Plinii
515 1262 550 1330 4.
575 1245 622 1336 [c.
644 1265 699 1331 35.
717 1249 737 1312 l.
761 1243 838 1334 19.]
862 1251 1012 1324 diximua,
1039 1269 1078 1312 ox

48 1349 190 1420 Caesare,
222 1346 283 1438 [de
305 1353 342 1414 B.
367 1351 406 1414 G.
432 1367 464 1432 3,
489 1367 546 1426 97.
573 1347 638 1440 in.]
674 1353 858 1422 Ammiano,
890 1345 976 1438 [ιό.
1002 1347 1077 1440 rt.]

49 1453 283 1533 Autumnoque,
308 1449 360 1540 [p.
376 1473 420 1514 m.
437 1447 545 1539 469]
573 1466 610 1514 ut
627 1453 826 1516 scribendum
846 1451 880 1513 sn
901 1455 934 1514 in
956 1444 1077 1544 Auscis.

47 1552 127 1614 Loco
147 1567 257 1616 autem
275 1555 363 1616 verbi
377 1553 621 1624 Eliumlrerrum,
648 1569 685 1616 ut
709 1575 775 1616 non
801 1555 1009 1636 ponendum,
1035 1557 1079 1616 ita

49 1669 126 1716 certe
142 1657 393 1738 concipiendum
416 1659 526 1720 auimo
543 1647 759 1746 Elusuticum,
791 1657 877 1737 qnod
894 1657 938 1716 illi
957 1654 1078 1718 tonate
1103 1669 1106 1676 '

47 1757 252 1818 nominabant
270 1749 500 1850 Elusuberrim,
532 1759 615 1839 quali
632 1749 801 1849 Elusatum
825 1761 837 1836 (
847 1757 885 1818 fic
901 1733 1078 1840 edlt495.

48 1853 211 1948 Elujarum
228 1859 349 1937 Gron.)
371 1861 495 1924 urbem.
533 1859 619 1922 Nam
636 1861 743 1920 Berris
759 1859 822 1920 hoc
842 1859 992 1943 significat
1013 1859 1080 1918 bar·

49 1957 122 2020 baria
139 1960 309 2042 Hispaniae
327 1961 505 2044 Galliaeque
525 1961 724 2030 confinibus,
748 1961 835 2022 nude
853 1957 990 2020 Iliberris
1009 1961 1079 2038 (ed.

56 2065 174 2140 1493.)
196 2065 231 2122 in
248 2063 384 2134 Baetica,
408 2077 440 2126 et
455 2067 489 2124 in
506 2063 702 2126 Narbonensi
719 2063 825 2126 altera.
875 2062 917 2122 Et
933 2059 1082 2123 Luberrir

52 2161 81 2220 in
96 2163 232 2234 Asturia,
258 2167 532 2246 quemadmodum
552 2178 584 2227 et
610 2163 748 2246 Obrigo,
779 2164 865 2226 unde
887 2153 1080 2243 Lacobriga,

54 2263 244 2346 Mirobriga,
274 2265 334 2346 (sic
356 2267 408 2330 ed.
438 2277 543 2347 1493.
572 2287 656 2336 non,
688 2279 725 2326 nt
748 2265 849 2328 Gron.
871 2261 1080 2344 Merobriga)

55 2363 229 2448 Deobriga,
255 2369 342 2429 mille
359 2369 446 2440 talia,
472 2369 614 2450 Burgum
638 2368 799 2438 Germani,
825 2365 959 2428 Dunum
982 2365 1080 2428 Thra·

56 2485 109 2528 ces.
141 2487 330 2534 nannenus.
384 2471 571 2555 Legerrdum
595 2471 629 2530 in
653 2461 775 2560 Ausciir
791 2465 942 2560 Augusta,
969 2485 1007 2528 ex
1030 2483 1082 2528 eo·

57 2567 121 2628 dem
141 2569 347 2642 Ptolemaeo,
369 2567 424 2660 [9,
450 2565 504 2658 7.]
532 2585 690 2654 expuncta
712 2571 877 2654 peregrina
900 2581 932 2629 et
954 2567 1080 2628 barbara

24 2695 27 2702 ·
56 2669 187 2734 dictione
204 2665 414 2762 Elujrrlrerrir.
456 2675 539 2736 Sunt
556 2686 662 2734 tamen
683 2672 833 2733 nonnulli
850 2681 881 2730 et
902 2669 1032 2750 ingenio
1049 2681 1082 2728 et

57 2769 188 2834 doctrina
214 2773 401 2856 praestanter
426 2776 505 2845 viri,
539 2777 594 2856 qui
627 2773 771 2836 censeant
799 2769 999 2832 scribendum
1028 2769 1082 2830 hic

57 2871 145 2964 Musa
169 2895 227 2958 pro
246 2869 458 2966 Elufoberrir,
492 2878 576 2958 quod
597 2867 744 2965 Llrrsutes
761 2875 794 2934 in
812 2871 977 2954 Aquitania
1002 2871 1083 2930 cele·

61 2975 179 3036 brentur
202 2997 219 3038 a
244 2976 371 3040 Caelata
397 2981 490 3039 tertio
513 2979 831 3040 Commentariorum
850 2974 888 3034 rle
912 2973 994 3032 bello
1011 2971 1082 3032 Gal·

58 3073 111 3136 lico
130 3073 175 3163 [c.
195 3093 254 3152 97.
272 3073 339 3165 in.]
363 3093 426 3140 eta
442 3081 548 3142 Plinio
569 3082 600 3138 in
620 3091 746 3160 quarto.
773 3071 859 3162 [cap.
880 3087 936 3152 33.
957 3071 977 3136 l.
1002 3065 1079 3156 ¹9·]

60 3177 112 3236 Sed
128 3181 307 3262 mihiapud
330 3181 473 3242 Plinium
494 3181 607 3242 diverfi
624 3179 683 3240 elle
701 3179 854 3238 videntur
871 3165 1022 3264 Elusates
1042 3173 1080 3234 ab

60 3269 189 3368 Ausciir,
231 3301 334 3364 neque
357 3281 443 3364 polle
469 3301 508 3344 ex
531 3301 569 3344 eo
601 3281 706 3364 colligi
730 3269 861 3367 Elusaur
886 3277 999 3337 urbem
1021 3274 1081 3337 elle

59 3373 249 3469 Ausciorum,
276 3383 455 3464 praesertim
471 3403 544 3444 com
562 3385 749 3445 Ammianus
768 3379 968 3440 Marcellinut
986 3377 1028 3455 [c.
1045 3377 1082 3458 l.]

61 3473 181 3570 Elusarn
204 3487 238 3544 in
263 3483 460 3546 Narbonensi
484 3483 609 3555 llatnat,
637 3503 703 3544 non
728 3485 760 3544 in
785 3481 967 3562 Aquitania,
995 3479 1084 3539 culm

64 3577 125 3644 lunt
154 3585 265 3668 populi
290 3583 404 3648 Anicii.
465 3585 558 3648 Nihil
591 3589 697 3667 itaque
727 3585 896 3665 exprime
930 3579 1083 3641 sententia

65 3699 155 3750 muto.
186 3705 387 3750 murmure.
433 3689 520 3750 luter
542 3687 684 3748 barbarae
706 3686 880 3752 dictionea,
911 3701 989 3763 quae
1016 3680 1083 3763 pul·

66 3783 247 3848 chenirnum
263 3788 327 3850 hoo
343 3803 375 3850 et
395 3783 652 3852 amoeniffimum
670 3807 751 3868 opue
769 3786 985 3866 inquinavere,
1010 3801 1085 3843 con·

66 3893 219 3952 numeravi
242 3881 448 3982 Elusaberrir.
509 3891 627 3952 Verum
651 3889 728 3950 tami
749 3887 832 3970 apud
855 3905 908 3946 me
934 3883 1085 3965 ponderis

67 3988 101 4048 ell
115 3989 237 4074 scriptae
253 4007 285 4056 et
299 3993 446 4074 antiquae
461 3991 607 4054 lectionir
623 3991 709 4061 fider,
736 4001 773 4050 ut
789 3999 898 4050 nutare
915 4003 968 4046 me
983 3995 1085 4068 cogat,

68 4093 207 4156 nectaris
236 4096 333 4156 fidere
360 4095 457 4176 priori
484 4113 573 4156 meae
600 4091 788 4159 sententiae,
823 4086 877 4149 otsr
905 4105 970 4147 non
999 4085 1085 4148 illam

68 4191 180 4262 damno.
231 4195 397 4284 Oppidum
418 4195 506 4262 euim
526 4195 607 4258 illud
626 4191 800 4260 Volcarum
822 4177 1026 4283 Tectosagum
1050 4187 1085 4250 iu
