2814 4946
322 415 386 500 496
621 421 866 482 rourouu
908 421 1075 476 uento

322 597 431 658 codice
457 597 601 658 enotavit
626 591 822 658 Eutlzeletos.
876 593 1040 658 Audiendi
1074 595 1125 658 hic
1154 592 1227 656 lunt
1251 593 1355 676 utique

321 699 428 788 plures
454 718 590 760 numero
625 699 765 766 coelicet,
801 699 875 778 quia
905 694 1013 760 frullra
1046 698 1175 757 aliunde
1207 699 1356 757 erixilium

322 801 496 882 quaelieris,
520 815 561 870 et,
586 821 659 882 quas
675 799 799 862 Plinius
817 812 848 876 5,
868 817 901 878 7.
915 797 935 860 l.
947 813 980 880 4.
1003 811 1036 858 et
1052 799 1257 861 Ptolemaeus
1274 808 1307 879 4,
1325 812 1354 874 3.

321 906 357 964 in
376 904 431 962 illo
447 903 524 962 mari
540 900 703 962 recensent
723 899 847 971 insulae,
872 901 957 960 nulla
972 902 1009 962 ed
1031 899 1184 982 expolitae
1208 901 1356 960 lectiones

322 1005 453 1066 accedit.
487 1022 692 1064 'rzecuvcum
744 1003 946 1064 Ptolemaeus
969 1005 1012 1082 [c.
1031 1002 1069 1082 l.]
1093 1003 1125 1060 in
1144 1001 1260 1060 maiori
1274 1001 1355 1078 Syrti

322 1119 386 1166 tres
410 1103 523 1165 insulae
550 1099 730 1195 Miffinurn,
762 1099 838 1190 [Gr.
867 1101 1011 1178 Miouuot
1038 1095 1152 1185 νῆσος]
1186 1103 1356 1161 Pontinam

323 1203 399 1295 [Gr.
417 1209 501 1288 opud
518 1207 663 1266 Bertium
680 1201 824 1288 Uerrio]
850 1217 882 1265 et
909 1205 1007 1266 Geam
1034 1201 1111 1292 [Gr.
1129 1197 1239 1286 Γαῖα]
1267 1205 1355 1264 locat.

322 1311 428 1392 Quam
455 1329 494 1368 ex
520 1307 570 1370 hie
605 1308 769 1370 Coteleton
804 1303 866 1391 [ita
893 1307 981 1367 euim
1006 1299 1105 1390 legit]
1141 1305 1356 1364 nominaverit

320 1409 424 1478 Mela,
456 1409 592 1469 dubium
616 1409 669 1472 est.
726 1407 877 1470 Nominis
900 1408 997 1470 huiue
1020 1410 1135 1468 unicus
1159 1405 1244 1464 mihi
1268 1407 1355 1467 Pom·

319 1513 440 1596 penius
456 1511 498 1572 est
512 1525 631 1574 auctor.
672 1509 756 1574 Nam
773 1510 846 1571 alibi
862 1529 929 1571 uon
951 1512 1026 1594 legi.
1066 1526 1259 1571 vnotnuve.

396 1727 545 1776 contro
577 1713 781 1795 minoris)
830 1711 1020 1774 Posteriores
1044 1711 1178 1772 Vediani
1201 1711 1354 1772 editiones

319 1832 353 1878 et
379 1831 545 1900 cognatae,
579 1817 680 1876 veluti
709 1829 767 1890 50.
798 1829 855 1890 32.
885 1829 943 1890 57.
971 1815 1046 1872 dant
1073 1814 1241 1882 minorem,
1277 1809 1352 1892 quui

319 1919 388 1978 loca
406 1917 541 1980 subiecta
563 1916 624 1976 siut
643 1917 874 2000 promontoria,
897 1935 963 1977 uon
981 1913 1109 1986 insulae,
1135 1917 1252 1978 invitis
1274 1933 1352 1998 prae·

318 2031 402 2080 terea
428 2019 526 2082 libris.

394 2221 594 2303 Meninx)
645 2221 732 2286 Libri
752 2221 864 2293 multi,
897 2223 930 2282 in
954 2223 993 2284 iio
1015 2222 1176 2294 Vaticani,
1203 2220 1296 2284 varis.
1323 2237 1349 2280 e.

318 2321 459 2384 Vindob.
484 2323 576 2408 Prag.
606 2323 690 2406 Lipl.
724 2326 835 2386 Venet.
868 2323 953 2385 Gud.
987 2325 1094 2386 Cilrin.
1122 2325 1299 2406 ilelnliger.
1321 2333 1350 2380 et

321 2423 519 2485 Gronovieoi
548 2445 622 2486 cum
645 2426 717 2486 edtl.
744 2446 773 2487 t.
800 2441 832 2486 Ω.
861 2426 977 2486 Mento.
1030 2426 1116 2507 Quid
1142 2429 1166 2488 l.
1194 2423 1349 2487 Gronovii

319 2527 444 2587 codices
471 2527 619 2598 tulerint,
651 2541 726 2588 nota
749 2525 910 2586 subiuncta
932 2526 1109 2588 declarabit.
1147 2543 1348 2588 uzscuvcuu.

319 2626 485 2689 Chisianue
501 2629 645 2698 Meritus,
672 2627 754 2709 quusi
772 2648 857 2687 nunc
874 2629 968 2688 etiam
984 2628 1006 2686 h
1021 2647 1077 2708 pro
1096 2651 1115 2688 n
1136 2631 1254 2708 posito.
1290 2625 1347 2688 Sed

318 2749 413 2810 quern
440 2728 557 2810 inspexi
581 2731 657 2790 alter
679 2725 808 2816 [out]
831 2729 956 2796 Menir,
994 2749 1053 2788 uec
1078 2731 1166 2790 aliter
1199 2729 1346 2790 lllerliola·

317 2829 431 2892 nensts.
464 2831 557 2890 Haud
575 2831 671 2891 dubie
688 2831 868 2900 olleuduut,
890 2827 1033 2911 scriplille
1049 2845 1213 2891 auctorem
1229 2831 1346 2894 dlenr'x,

318 2933 447 3012 dequo
478 2932 564 2995 alibi.
603 2925 698 3016 [Vid.
733 2932 847 2992 differt.
874 2931 995 3010 epistol.
1025 2932 1059 2991 iu
1092 2933 1159 2994 loca
1195 2932 1344 3013 quaedam

320 3033 435 3116 Geogr.
459 3033 545 3116 epist.
573 3026 763 3117 2.p.19.]
802 3053 826 3096 t.
856 3049 1064 3095 cuouovtvo.
1123 3035 1186 3094 Pro
1215 3035 1345 3094 illenim:

316 3139 402 3216 quod
425 3136 541 3194 Menix
561 3148 709 3216 reponat,
742 3147 774 3196 et
795 3135 855 3195 hoc
879 3153 1004 3215 quoque
1026 3131 1149 3204 frustra,
1180 3155 1257 3196 cum
1282 3132 1343 3192 ote·

316 3238 428 3320 iringa,
455 3255 522 3296 nou
540 3235 687 3319 Menige,
719 3237 861 3316 plerique
886 3237 1060 3317 appellent,
1089 3250 1122 3296 et
1143 3238 1240 3296 dubia
1265 3231 1343 3315 apud

315 3337 490 3416 Polybium
524 3333 578 3423 [ι.
607 3330 686 3422 39.]
724 3337 759 3396 lit
793 3339 896 3397 lectio.
949 3356 1078 3398 voes1ve
1108 3339 1140 3398 in
1174 3335 1342 3417 appendice

317 3437 361 3498 ed
383 3438 415 3500 lz.
434 3437 454 3500 l.
507 3439 677 3518 Plerosque
699 3440 854 3520 appellate
877 3438 957 3498 hanc
979 3437 1153 3517 elleningo,
1186 3460 1254 3498 non
1277 3437 1341 3498 Me·

316 3541 409 3620 nigre,
444 3542 598 3600 mentitur
623 3537 758 3608 Voffiue,
793 3559 892 3620 quum
914 3541 953 3601 de
977 3541 1071 3600 Livio
1095 3535 1176 3626 [22.
1203 3555 1261 3616 31,
1289 3529 1338 3619 m]

316 3641 515 3726 vulgavetim
535 3644 568 3701 in
590 3641 727 3724 epillolis
748 3641 973 3724 Geographicis
996 3655 1029 3700 et
1048 3654 1132 3701 certe
1154 3642 1185 3700 in
1208 3639 1338 3717 Polybio

316 3747 416 3828 magia
431 3743 554 3804 adsidua
576 3741 669 3806 luerit
691 3744 842 3803 iuventus
858 3763 943 3812 mea,
975 3761 1069 3822 quam
1085 3743 1168 3803 illiue
1186 3756 1249 3802 tota
1267 3742 1336 3800 vita.

316 3865 339 3908 1.
365 3865 564 3908 ououorivo
586 3847 618 3905 iu
643 3846 728 3904 uotis
750 3841 932 3936 posteribus.
984 3844 1073 3904 Idem
1091 3857 1198 3903 eutem
1215 3855 1337 3904 conten·

314 3949 401 4009 derat
423 3945 620 4008 scribendum
639 3945 822 4008 Gronovius
847 3947 880 4004 iu
899 3943 965 4005 diff.
987 3943 1141 4024 epistolari
1158 3964 1184 4005 c.
1209 3946 1229 4006 l.
1256 3938 1335 4023 apud

315 4051 444 4114 Livium
464 4066 519 4117 ee,
546 4063 605 4126 31,
629 4063 662 4108 2.
691 4059 723 4108 et
743 4048 782 4108 fic
807 4043 955 4133 [Menige
975 4065 1032 4126 pro
1048 4041 1217 4129 Meninge]
1240 4041 1335 4105 edidit

312 4155 409 4214 etiam
443 4147 735 4212 Drakenborchius.
803 4148 929 4230 Nempe
959 4147 1076 4230 absque
1106 4169 1127 4210 n
1155 4148 1199 4210 eit
1225 4143 1281 4209 elle
1304 4143 1335 4202 in
1387 4203 1388 4208 ,
