2880 4940
344 467 347 479 .
409 421 501 478 Lrn.
530 421 583 476 111.
626 419 661 478 C.
687 419 739 475 lx.
781 417 807 488 i.
831 430 861 486 5.
1094 425 1157 492 327

116 605 190 664 tur,
224 593 376 656 Pintiano
410 590 595 664 obsecutus,
632 589 738 674 posuit
771 591 897 654 Corum.
949 609 1155 654 rzecnvcrra.

118 695 308 780 Lagentium
332 695 459 754 ridetur
477 695 609 762 Corum,
635 713 702 754 non
719 695 853 756 Eurum.
891 691 1046 754 Monstrat
1066 693 1155 755 enim

115 817 205 859 oram
228 795 350 864 Africae
371 809 544 877 porrectam
562 795 601 856 ab
625 795 757 856 Oriente
774 799 806 856 in
824 794 1042 856 Occidentem.
1085 788 1156 854 Fiat

116 912 225 960 autem
260 897 362 961 Coruo
394 896 432 957 ab
465 895 582 958 Occasu
615 895 761 958 solstitiali
795 899 879 957 inter
909 896 1087 957 Favonium
1122 907 1155 956 et

117 1001 399 1080 Septentrionem,
439 999 556 1060 Graece
581 995 770 1084 'Appiornn
806 998 913 1059 Plinio
947 999 982 1058 in
1013 995 1153 1058 secundo

119 1095 169 1188 [c.
187 1097 245 1178 46.
263 1099 284 1162 s.
301 1093 383 1185 47.]
408 1113 440 1160 et
457 1101 604 1160 Vitruvio
621 1103 653 1160 ia
676 1103 792 1182 primo.
821 1094 910 1186 [cap.
926 1093 984 1183 6.]
1028 1095 1154 1160 Felellit

1 1279 2 1282 Ἴ
115 1201 195 1265 haec
220 1203 336 1264 menda
361 1201 460 1262 Plinii
492 1201 697 1283 doryphoros
721 1203 866 1264 Solinum
890 1213 923 1262 et
947 1201 1152 1262 Marriauurn.

115 1305 347 1365 Emendationi
372 1302 490 1364 nostrae
511 1301 619 1364 sanent
642 1303 737 1364 verba
759 1303 854 1364 Plinii
877 1301 932 1364 lib.
950 1303 983 1364 6.
1006 1321 1071 1384 cap.
1092 1317 1151 1380 29.

117 1399 165 1492 [s.
190 1400 271 1492 54.]
305 1407 335 1466 A
359 1395 521 1494 Moseir'le,
544 1396 755 1494 [tlsoffylt'co]
783 1405 902 1485 inquit,
935 1403 1154 1478 promuntorio

115 1505 314 1568 Atlanticum
334 1527 420 1566 mare
436 1507 569 1584 incipere
582 1507 653 1567 vult
668 1503 765 1576 Iarba,
790 1519 915 1588 praeter
929 1505 1154 1566 Mauretanias

108 1597 193 1700 suar
211 1606 437 1689 Gadeirusqrre
456 1607 673 1688 navigandum
694 1609 787 1672 Coro.
822 1625 1022 1668 ernrrunve.
1073 1606 1099 1666 l.
1121 1625 1150 1667 e.

106 1704 145 1798 sr
169 1710 302 1788 naviger
321 1708 410 1770 Euro
428 1709 558 1772 Solinue
583 1729 651 1792 cap.
673 1709 733 1772 ult.
767 1727 980 1770 cracconrve.
1034 1705 1152 1768 Carum

116 1809 284 1872 Pintianue
312 1829 351 1870 ex
377 1809 486 1872 Plinio
513 1811 750 1872 emendandum
775 1809 984 1878 existimabat,
1017 1807 1069 1870 secl
1091 1827 1153 1870 nor

115 1911 257 1994 priorem
288 1909 470 1993 scripturam
500 1909 703 1979 reduximus.
734 1931 814 1992 quae
846 1909 947 1973 sensui
975 1909 1152 1990 Pomponii

113 2013 213 2096 longe
245 2011 288 2074 esi
320 2014 576 2100 convenientior.
635 2011 792 2076 Describit
823 2014 876 2074 hic
906 2031 995 2074 oram
1028 2009 1151 2073 Africae

114 2113 324 2184 orientalem,
347 2134 426 2196 quae
441 2111 566 2199 egreffir
582 2114 683 2176 sinunt
697 2115 866 2178 Arabicum
885 2113 1031 2176 occurrit.
1058 2114 1152 2175 illam

113 2235 194 2278 vero
216 2229 339 2277 vererer
355 2213 454 2278 ferme
470 2236 584 2280 ornnes
599 2235 667 2280 non
686 2219 721 2277 in
741 2217 896 2286 austrum,
928 2217 976 2276 uti
998 2215 1152 2276 hodierna

114 2317 227 2378 docuit
241 2319 450 2398 experientia,
478 2317 529 2380 sed
546 2319 652 2400 primo
668 2319 703 2380 in
722 2319 861 2388 Eurum,
893 2319 968 2378 dein
987 2319 1020 2378 in
1042 2331 1152 2379 ortum

113 2415 187 2481 solia
216 2419 363 2489 tendere,
400 2439 436 2480 ac
459 2418 498 2480 src
522 2420 671 2503 ‹leincepe
691 2421 776 2483 Sinin
796 2434 829 2482 et
847 2420 975 2482 Seribne
997 2418 1152 2502 coniungi

114 2519 328 2590 crediderunt,
353 2521 439 2602 quod
458 2518 527 2584 satir
543 2541 583 2582 ex
603 2523 651 2592 iie,
676 2540 757 2603 quae
776 2519 919 2604 superine
936 2520 975 2582 de
992 2519 1059 2580 Nili
1081 2517 1152 2581 son·
1192 2507 1197 2516 ’

112 2620 202 2683 tibae
221 2620 378 2690 dixirnur,
404 2622 510 2706 colligi
533 2622 643 2704 potesl.
697 2625 815 2684 Verum
830 2641 898 2684 nou
919 2640 954 2683 ea
972 2619 1075 2682 Melae
1089 2618 1152 2680 suit

113 2721 247 2804 opinio;
279 2723 305 2784 is
325 2725 414 2784 enim
434 2724 561 2786 Eudoxi
579 2723 766 2786 sententiam
788 2722 954 2806 probavit,
980 2741 1015 2784 ac
1036 2723 1151 2804 aliqua·
1217 2743 1225 2764 ·

113 2837 211 2886 tenua
239 2825 367 2904 quidem
395 2825 581 2906 Aethiopiae
611 2825 701 2888 littue
726 2824 873 2888 Austrum
899 2821 1013 2886 versue'
1032 2823 1150 2908 porrigi

113 2925 324 2996 existimavit,
357 2927 486 2988 tandem
503 2940 610 2988 tamen
626 2927 744 2989 llexum
761 2929 796 2987 in
817 2925 1017 2988 occidentem
1038 2938 1070 2986 et
1090 2924 1152 2988 Co·

113 3047 188 3089 rum
204 3027 350 3111 dirigere,
372 3029 477 3090 donec
493 3028 687 3092 Mauritania
701 3030 802 3090 littori
819 3029 1015 3112 iungeretur.
1040 3026 1152 3088 Videa-

112 3149 189 3192 mue
205 3148 290 3188 nunc
306 3129 402 3190 Plinii
419 3131 545 3198 locum,
572 3131 657 3192 unde
674 3131 760 3192 bunc
772 3127 942 3191 reformare
959 3143 1091 3190 conatur
1109 3127 1153 3190 etl

111 3231 294 3294 Pintianue.
334 3231 435 3292 Verba
449 3233 517 3294 eius
534 3233 609 3292 baec
626 3231 696 3292 sunt
716 3232 772 3294 lib.
791 3233 823 3296 6.
843 3249 910 3312 cap.
928 3245 987 3310 29.
1012 3233 1041 3293 A
1063 3219 1153 3322 Mo]-

106 3323 215 3424 [ylico
239 3333 458 3408 promuntorio
478 3333 678 3394 Atlanticum
701 3355 787 3394 arare
808 3334 943 3412 incipere
963 3331 1033 3393 varst
1058 3329 1150 3402 Iuba,
1199 3353 1203 3378 ¹

1 3427 2 3441 ³
113 3449 241 3515 praeter
254 3432 477 3494 Mauritaniae
484 3424 567 3524 suas
585 3435 692 3496 Gades
705 3456 803 3518 usque
817 3432 1035 3514 navigandum
1057 3435 1151 3496 Cora.

114 3534 196 3598 Iuba
221 3531 468 3597 australiffimum
500 3533 621 3598 Africae
653 3539 914 3618 promontorium
948 3533 1153 3614 Mossylicum

114 3635 178 3698 esse
193 3635 402 3708 existimabat,
434 3639 541 3718 itaque
559 3637 597 3700 ab
619 3657 659 3700 eo
680 3638 844 3702 Chaurum
865 3634 973 3699 versere
993 3637 1084 3697 litora
1104 3629 1152 3696 in·

115 3737 220 3808 flecti,
258 3737 361 3800 donec
392 3741 508 3801 itemm
538 3739 746 3802 Mauritaniae
772 3737 842 3800 suae
867 3740 1150 3822 coniungerentur.

1 3837 2 3842 ’
117 3839 207 3902 Haec
227 3859 292 3901 non
310 3839 406 3902 lubae
426 3855 547 3902 tantum
567 3843 678 3923 opinio
697 3839 775 3910 suit,
804 3839 852 3901 secl
877 3855 908 3900 et
930 3840 1078 3900 omnium
1100 3858 1152 3902 eo·

113 3959 210 4014 rum,
241 3941 297 4024 qui
321 3942 454 4023 Libyam
477 3945 616 4024 trapezio
639 3955 870 4024 compararunt.
924 3941 959 4000 ln
983 3959 1022 4002 eo
1044 3953 1151 4001 autem

112 4045 259 4124 peccavit
297 4043 437 4114 Plinius,
476 4045 562 4127 quod
598 4045 791 4106 contrarium
830 4057 963 4103 rentum
999 4041 1150 4123 posuerit,

112 4143 240 4208 cneum
262 4163 382 4232 nempe
405 4165 464 4230 pro
488 4149 594 4218 Euro,
631 4144 688 4206 nisr
715 4146 821 4228 potior
846 4144 1044 4208 librariorum
1069 4142 1151 4232 banc
