2788 4942
364 455 454 511 ern.
482 456 535 510 m.
579 455 612 513 c.
641 457 663 510 r.
706 453 733 524 a
755 473 785 530 9.
1052 467 1094 532 ³9

52 627 90 689 ad
110 645 144 700 2,
165 643 198 706 3.
220 647 276 692 ro.
318 631 404 690 Turn
422 629 473 692 ed.
496 649 551 691 ιι.
573 627 653 690 odeo
673 627 810 702 Celtic-03
844 627 983 712 Rehdig.
1007 647 1094 709 prae-

52 732 152 812 poita
188 731 389 792 distinctione
424 733 562 794 maxima
593 733 623 794 A
651 731 781 794 Celtico.
844 733 917 792 Vid.
945 730 1095 814 deinceps

52 832 255 895 Ciaceonius.

123 965 357 1046 Perpetua)
408 965 566 1026 Vadimus
588 965 699 1026 invitia
714 961 802 1025 libris
820 963 911 1026 Ηίηι1
930 976 1093 1045 perpetua,

53 1087 151 1147 quem
175 1087 250 1126 cnm
277 1068 371 1149 ipdus
398 1065 516 1127 familia
540 1065 751 1127 reddiderunt
779 1084 834 1129 st.
858 1077 915 1142 28.
943 1065 1095 1128 Olivaria·

54 1189 123 1238 nae,
152 1169 294 1238 vinetus,
319 1169 480 1238 schottus,
508 1162 632 1229 Voffiuo
656 1181 688 1228 et
709 1169 742 1228 iu
762 1167 812 1228 ed.
830 1177 890 1246 4ο.
920 1169 945 1229 1.
969 1169 1093 1230 Grono-

56 1271 139 1338 vius,
166 1271 343 1350 quitarnen
365 1269 433 1351 post
452 1271 585 1354 migrare
607 1265 703 1331 iussn.
739 1287 945 1330 rzscnrcrre.
997 1271 1093 1332 Forte

58 1392 80 1431 a
94 1371 220 1432 Celtico
241 1373 459 1452 promontorio
473 1371 517 1430 ad
538 1371 716 1452 Scythicum
738 1392 835 1452 usqne
856 1383 1007 1450 perpetua
1029 1371 1094 1432 eius

55 1493 131 1542 oro,
169 1493 201 1534 n.
218 1493 249 1535 n.
273 1496 314 1535 m.
337 1495 363 1534 r.
387 1495 426 1532 oc
448 1493 553 1552 parva
574 1473 791 1552 promontoria
804 1461 903 1561 suut,
939 1471 983 1530 od
1008 1473 1094 1534 Corr-

53 1573 168 1636 rubros
189 1571 262 1632 bene
284 1586 371 1634 recto
389 1571 442 1664 est.
482 1573 565 1634 Nam
582 1574 679 1634 didus
694 1585 726 1634 et
742 1575 865 1654 antiqui
883 1575 1006 1634 codices
1021 1573 1095 1632 irino

53 1697 121 1736 non
146 1675 281 1744 habent,
315 1693 346 1735 et
367 1679 486 1736 Auctor
507 1675 586 1736 duos
606 1675 705 1744 finus,
733 1695 813 1756 quos
834 1675 937 1756 postea
961 1694 1094 1756 magnos

55 1791 168 1846 vocat,
200 1797 273 1836 cum
296 1777 356 1837 hoc
379 1789 549 1857 comparat.
602 1777 712 1856 itaque
737 1791 886 1858 perpetua
904 1795 955 1836 ora
972 1791 1004 1836 et
1024 1795 1092 1836 non

56 1881 234 1959 interrupta
258 1879 400 1948 videtur,
427 1891 463 1938 ut
479 1879 626 1960 Europae
648 1879 686 1938 ad
704 1897 790 1938 mare
812 1877 1092 1939 mediterraneum.

56 1997 271 2042 craecoutvs.
335 1977 514 2061 Pomponii
547 1977 623 2040 haec
650 1979 745 2040 verba
779 1977 927 2040 suadente
960 1980 1092 2048 rarione,

56 2081 245 2142 iubentibus
274 2099 352 2141 vero
384 2101 481 2140 manu
513 2081 643 2141 exaratis
675 2079 779 2150 libris,
815 2081 856 2140 ita
881 2080 1093 2142 rodituimuat

56 2185 215 2262 Perpetua
239 2181 304 2240 eins
327 2201 382 2241 ora
403 2195 463 2244 etc.
485 2202 555 2244 non
573 2201 660 2250 vero,
692 2196 728 2242 ut
745 2181 855 2265 vulgo,
882 2181 970 2242 Hinc
988 2201 1094 2262 perpe·

58 2297 115 2344 tuo
135 2285 203 2344 eius
225 2303 293 2346 oro.
346 2283 423 2344 Non
447 2285 533 2346 enim
556 2303 573 2344 a
595 2283 746 2362 Scythico
768 2285 1007 2364 promuntorio,
1041 2281 1094 2344 sed

58 2385 215 2446 aCeitico
238 2385 315 2443 dicit
333 2385 473 2467 incipere
495 2385 581 2445 istum
603 2385 731 2445 litorum
755 2383 1002 2466 septentrionem
1024 2404 1094 2446 ver·

59 2485 106 2546 [us
132 2489 167 2546 in
193 2499 314 2544 rectum
338 2487 565 2547 extenfionetn.
601 2506 746 2548 vossrvs.
811 2487 931 2548 Vocem
956 2489 1094 2568 primam

57 2609 115 2649 nos
140 2605 271 2667 quoqne
295 2590 327 2646 in
351 2588 442 2648 nullo
463 2606 501 2648 ex
525 2585 626 2647 tribus
650 2585 767 2668 scriptis
788 2587 904 2647 exstare
928 2589 1092 2658 novimus,
1149 2649 1152 2666 Ι

59 2704 92 2750 ut
115 2702 200 2749 reete
220 2683 342 2748 Vofftus
364 2709 433 2749 eam
459 2689 627 2749 delendam
646 2690 782 2760 iudicet,
816 2701 849 2750 et
870 2687 948 2748 licut
970 2687 1093 2760 debuit,

58 2811 145 2854 nunc
168 2790 284 2850 delevi.
323 2809 347 2852 1.
371 2807 576 2852 onouorrrs.

133 2930 158 2991 S
166 2929 370 3012 cythimam
381 2927 398 3008 )
438 2930 476 2988 ln
496 2928 552 2990 hac
570 2949 650 2990 voce
665 2947 777 2990 omnes
792 2927 865 2988 libri
883 2926 1094 2998 consentiunt,

57 3052 116 3094 nec
134 3031 323 3100 sollicitavit,
354 3031 409 3090 nist
426 3029 598 3092 Cluverius
615 3033 647 3090 in
665 3031 773 3092 Germ.
789 3043 854 3091 ant.
879 3051 906 3098 t,
929 3045 961 3092 Ω.
984 3051 1015 3112 p.
1038 3045 1093 3106 17.

58 3135 112 3215 qui
138 3135 254 3214 reponi
275 3133 398 3192 mavult
421 3151 459 3192 ex
482 3131 666 3192 Ptolemaeo
686 3147 717 3198 2,
741 3131 774 3194 6.
800 3130 981 3203 Trileucunr,
1008 3131 1095 3213 quod

59 3237 153 3296 certis
167 3234 362 3316 argumentis
380 3231 408 3294 ie
422 3233 501 3294 olim
520 3233 706 3294 edoctorum
723 3231 783 3294 ede
800 3235 970 3313 promittit,
992 3251 1095 3314 nequo

57 3351 166 3396 tamen
192 3349 296 3395 morte
317 3335 513 3414 interceptus
536 3334 697 3416 praestitit.
748 3335 810 3396 Sed
831 3333 912 3396 bene
936 3335 1025 3396 locus
1042 3335 1096 3396 ha·

58 3437 129 3507 bet,
159 3437 337 3496 dummodo
358 3435 451 3496 Terra
466 3455 532 3496 non
555 3435 591 3496 ud
615 3434 798 3516 Hispaniam
821 3438 959 3521 redigas,
988 3435 1039 3498 [ed
1055 3433 1108 3500 de'

59 3553 124 3598 tota
142 3539 271 3620 Europa
288 3535 395 3598 verius
411 3537 573 3615 Scythiam
588 3551 622 3596 et
637 3538 820 3616 Scythicum
836 3539 1098 3620 promontorium

59 3641 212 3721 explices,
245 3639 331 3698 undo
354 3641 388 3698 in
410 3638 516 3698 Eoum
539 3657 625 3698 mare
647 3637 751 3700 curius
774 3639 889 3700 iterum
916 3639 1097 3709 inflectitur,

60 3743 106 3800 uri
124 3741 253 3821 adparet
268 3759 306 3800 ex
322 3739 378 3802 tib.
394 3754 427 3818 3.
443 3759 470 3800 c.
488 3759 521 3820 7.
539 3741 622 3802 conl.
652 3741 736 3802 Plin.
753 3741 786 3811 6,
803 3755 862 3804 ao.
876 3739 897 3804 i.
912 3755 968 3815 17.
1003 3740 1098 3804 Plura

58 3843 129 3904 Vol.
158 3859 190 3903 2.

133 3969 308 4037 Artabri
316 3972 334 4054 )
371 3973 545 4057 Rohdiger.
562 3969 714 4043 orthnbri,
729 3985 765 4034 ut
782 3986 871 4034 antea
889 3971 1098 4046 coutdobrosa

60 4077 160 4136 Varie.
179 4087 211 4152 3.
235 4073 329 4136 Paris.
352 4093 383 4137 o.
408 4073 537 4147 Arabri;
564 4053 656 4159 prag.
676 4075 774 4157 priori
786 4073 913 4139 Arabri.
946 4075 1098 4140 Avorbis

61 4179 102 4238 In
124 4197 161 4238 ea
183 4194 251 4260 cap.
271 4191 305 4254 7.
331 4177 495 4240 exorditur
517 4175 667 4270 Vinetus.
