2810 4944
334 453 422 512 Lm.
451 457 489 512 n.
534 455 567 514 c.
589 455 640 516 vt.
682 453 762 530 to·
1008 460 1071 530 457

67 625 142 688 lictus
157 623 271 690 luill'et.
299 656 351 672 -
395 629 475 692 Vere
498 627 661 700 Sanctius,
692 640 729 687 ut
755 645 826 688 rnea
852 623 913 690 lert
940 629 1071 710 opinio:

66 741 136 808 upra
149 729 226 788 uude
241 751 301 790 nos
313 721 426 822 sumas
441 753 481 792 ex
493 743 586 812 genre
599 751 655 792 ear
682 729 758 790 Tum
777 729 938 798 Mellaria.
961 731 1072 800 edidit.

66 847 136 904 quaro
155 830 336 902 lectionem,
361 851 427 893 non
445 831 571 915 iusuper
585 831 773 902 habendam,
800 845 958 914 acceptam
976 830 1073 894 refert

67 925 118 990 Pet
143 931 307 994 Chiacono
343 935 513 998 Toletano.
572 935 660 996 Haeo
690 931 755 994 lere
792 933 825 992 ln
866 925 1072 1014 praelatione.

67 1047 213 1098 srnorrvs.
272 1035 360 1096 Eliae
401 1037 508 1098 Vineti
548 1049 773 1098 commentum
807 1033 899 1114 plane
935 1035 1101 1112 videtur„

67 1129 200 1196 domoon
223 1136 362 1216 liqueat.
390 1137 473 1220 apud
491 1157 590 1219 quem
610 1137 709 1198 alium
736 1133 916 1216 scriptorem
945 1137 1075 1216 Tingen-

67 1241 129 1292 tuue
152 1255 270 1298 nomen
294 1237 426 1322 legatur.
485 1239 556 1324 Ego
583 1239 755 1300 lectionem
783 1238 946 1298 Hennulai
970 1237 1073 1320 probo

68 1335 247 1410 quitantur!
272 1339 325 1410 ita,
352 1353 388 1399 ot
405 1359 462 1423 pro
474 1331 570 1431 freto
585 1359 738 1422 reponam
752 1329 861 1429 fretu,
886 1359 928 1418 ne
945 1339 1074 1424 lougius

68 1431 139 1494 absun
159 1457 175 1498 a
194 1439 288 1503 MSS.
313 1439 570 1522 Cingenteratum
592 1440 828 1509 exhibentibus.
860 1459 953 1521 quarn
977 1441 1075 1502 etiarn

68 1530 208 1600 lectionem
242 1541 378 1602 retinuit
413 1543 522 1604 Franc.
558 1543 709 1614 Nunner3
751 1555 930 1602 extremum
967 1555 1075 1603 autem
1160 1544 1182 1582 -‘

69 1633 126 1696 illud
145 1661 171 1698 m
193 1641 343 1724 irrepllss'e
365 1645 509 1714 videtur,
541 1645 625 1726 quorl
644 1645 710 1704 fieri
734 1645 923 1724 plerumque
939 1641 1014 1704 solet
1036 1663 1076 1704 ex

69 1732 139 1798 initio
151 1745 287 1822 proximi
306 1745 462 1808 vocabuli.
500 1744 584 1807 Nam
599 1735 697 1835 fretu
712 1763 770 1826 pro
788 1735 877 1832 freto
889 1745 1077 1809 Tullianum

71 1835 113 1896 elle
128 1845 246 1905 monuit
265 1845 407 1918 Gellium
431 1846 506 1927 [ιὸ.
524 1847 597 1926 aru]
623 1861 655 1908 et
669 1845 844 1910 Priscianus
862 1847 917 1908 lib.
942 1865 969 1908 r.
992 1845 1076 1926 apud

72 1933 223 2030 Louatiurn
254 1947 312 2009 lib.
341 1967 369 2008 r.
401 1943 456 2036 [v.
480 1943 587 2035 7at.]
620 1949 660 2009 de
692 1947 795 2011 Sicilia
827 1949 889 2030 legi
917 1947 1077 2009 observat:

70 2038 238 2132 Angustoque
251 2039 342 2136 fretu
359 2049 504 2128 rapidum
518 2071 603 2110 mare
618 2047 738 2110 divido
756 2047 864 2110 rrrrdr's.
892 2047 959 2127 [Cf.
975 2049 1075 2112 Corte

72 2135 312 2234 adsattuo.1ug.
335 2161 386 2227 ιθ,
410 2153 461 2234 9.]
512 2151 609 2222 Hinc,
635 2149 722 2231 quod
746 2147 905 2212 difficilius
925 2151 976 2220 eli,
1002 2169 1078 2212 cnm

73 2237 186 2320 ringente
205 2241 304 2338 fretu
342 2251 518 2338 legendum
549 2255 712 2324 videatur.
752 2251 883 2332 planum
915 2249 1075 2314 faciemus.

73 2333 133 2401 Nam
155 2347 314 2413 Hermolai
342 2350 520 2416 observatio
537 2347 611 2416 'hoc
640 2355 714 2414 loro
746 2351 843 2436 prelia
867 2355 962 2414 nimis
983 2353 1025 2415 ell
1046 2365 1080 2415 et

73 2433 167 2516 brevis.
197 2465 233 2512 ut
257 2452 345 2534 l'uepe
366 2455 456 2525 alias.
483 2469 515 2518 et
535 2455 660 2526 locum,
686 2473 781 2536 quem
806 2455 882 2515 citat
903 2451 1079 2526 Strabonis,

76 2530 183 2628 [nempe
200 2549 420 2642 contractum]
448 2557 553 2618 adhuc
571 2576 637 2618 non
659 2555 751 2638 potui
776 2555 933 2619 iuvenire.
982 2557 1080 2618 Pom·

74 2647 161 2716 l⁰niur
183 2653 287 2737 itaque
310 2657 409 2720 totius
429 2655 500 2720 lreti
519 2657 681 2740 Hispanici
705 2675 793 2718 oram
814 2657 917 2718 voluit
933 2677 948 2718 a
966 2671 1079 2718 monta

77 2736 146 2826 Calpe
160 2753 195 2814 ad
212 2757 345 2820 lunonis
359 2779 457 2840 nsque
472 2761 730 2842 promontorium
746 2759 922 2838 pertinere;
945 2757 1079 2826 Plinius,

77 2837 201 2916 fiatteute
224 2858 356 2940 legatur,
379 2861 570 2943 augustiores
589 2863 666 2922 lines
687 2857 924 2940 circumscripsit
944 2879 959 2920 a
984 2859 1081 2939 Calpo

78 2936 165 3012 scilicet
185 2957 221 3018 ad
243 2959 439 3032 lllellariaua3
470 2975 555 3023 recte
578 2981 657 3024 vero
680 2973 825 3042 uterque.
877 2959 961 3022 Nam
983 2973 1022 3020 ut
1041 2959 1080 3020 ab

77 3039 117 3114 iis,
143 3057 192 3134 qui
220 3059 389 3123 lustrarunt
420 3061 497 3124 haec
523 3063 634 3133 litora.
676 3063 812 3123 memini
838 3079 892 3122 me
923 3061 1081 3144 mapilla,

78 3141 141 3212 finus
158 3157 223 3229 ille,
248 3181 346 3242 quens
362 3164 444 3224 ultra
460 3163 591 3246 Calpem
608 3161 680 3224 lacit
696 3163 917 3244 Pomponius.
952 3164 1083 3224 finditur

77 3251 160 3315 medio
180 3279 289 3324 munte
311 3267 343 3324 in
368 3265 449 3326 duos
471 3264 509 3326 ad
532 3267 666 3326 lunonis
686 3285 786 3346 usque
813 3267 1083 3345 promontorium,

79 3355 271 3436 equituris,
303 3365 359 3446 qui
383 3369 583 3428 occidentem
606 3365 735 3448 spectat,
762 3365 899 3426 flectitur
922 3368 1023 3450 magis
1044 3367 1085 3426 ad

80 3441 313 3534 stltenuionen
340 3480 372 3526 at
394 3468 437 3537 is,
464 3469 519 3549 qui
542 3468 580 3530 ad
602 3469 760 3528 orientem
780 3481 813 3528 et
833 3465 974 3529 nostrum
998 3485 1084 3528 mars

82 3541 185 3630 spectat,
216 3567 363 3652 anguillis
390 3571 487 3632 maria
512 3571 686 3652 premitur,
720 3569 806 3648 quod
842 3581 874 3628 et
900 3568 1087 3650 comprobat

81 3643 179 3721 Plinius
199 3666 252 3730 lib.
279 3681 311 3748 3.
343 3665 432 3758 [im]
463 3689 538 3732 cum
571 3671 665 3732 docet
693 3665 941 3754 angussiffimum
970 3667 1087 3730 lretunr

83 3749 127 3812 ‘ff‘
146 3779 161 3818 t
180 3767 247 3831 rico
278 3769 418 3832 Mellaria
452 3773 490 3832 ad
518 3775 776 3854 promontorium
807 3771 925 3832 Album
954 3769 1086 3832 Africae.

85 3843 124 3958 ,δὴ
136 3859 173 3930 it,
195 3883 226 3928 ut
242 3870 366 3934 Plinius
382 3872 592 3958 angustiorem
610 3886 736 3933 tantum
754 3885 876 3956 partem
893 3869 975 3942 freti,
999 3871 1091 3954 quocl

86 3965 386 4058 ¹¹1etaellusmagis
408 3975 546 4046 ferveat,
571 3965 699 4066 fretum
721 3973 953 4046 nominaveritr
993 3973 1089 4035 Pom·

86 4059 290 4136 Poniusautem
316 4076 444 4158 longius
461 4073 577 4138 fretum
599 4075 803 4156 produxerit.
828 4075 914 4154 quod
938 4093 1089 4156 proruun-

88 4157 180 4228 torium
199 4173 330 4242 lunonis
356 4176 522 4260 adversum
545 4175 605 4242 elle
628 4177 676 4249 ei,
709 4175 797 4258 quod
820 4175 1033 4258 Ampelusram
1055 4177 1090 4236 in
