2810 4944
256 331 317 400 472
554 325 803 386 POMPONH
843 321 1008 382 maun

238 609 257 642 x,

630 501 775 566 CAP.
837 501 919 562 vlt.

364 651 499 717 Codices
528 651 590 715 hoo
621 669 714 736 caput
740 653 940 734 praecedenti
965 649 1122 712 contiuua
1153 643 1245 708 serie
1277 643 1334 707 ari·

263 765 413 824 nectunt,
445 755 529 836 quod
557 757 694 817 imitatae
719 753 786 815 lunt
811 755 882 816 edd.
903 769 1042 818 veterae.
1075 751 1197 813 veluti
1233 769 1266 809 ι.
1297 764 1331 810 2.

266 869 298 935 3.
321 867 354 932 4·
381 871 412 929 5.
439 859 471 918 6.
498 871 529 926 7·
554 867 587 933 8.
612 879 644 936 9.
669 877 721 918 to.
746 877 817 917 cum
844 857 913 917 tttd.
936 868 967 914 ct
994 856 1077 915 lunt.
1139 849 1331 934 Quaedam

262 958 445 1040 paragraphi
463 957 583 1040 signum
605 972 821 1039 praeponunt.
848 955 1011 1036 inquibus
1034 975 1086 1017 tt.
1119 966 1186 1028 13.
1237 950 1331 1012 ottae

262 1059 444 1141 paragraphi
468 1059 555 1140 ligno
577 1059 730 1120 adiiciunt
754 1059 988 1138 inscriptionem
1012 1055 1112 1116 hanc:
1158 1053 1332 1126 Europae

264 1159 296 1216 in
316 1161 400 1228 ulae,
427 1173 461 1218 ut
483 1175 536 1222 ro.
565 1175 618 1236 alp.
641 1179 695 1240 19.
748 1161 839 1242 Quae
859 1159 953 1219 hodie
971 1156 1060 1216 ulum
1083 1155 1251 1216 obtinuit
1278 1153 1329 1210 in·

264 1257 408 1340 scriptio:
445 1260 670 1322 Mediterranei
693 1265 787 1322 maris
812 1251 946 1350 insulae.
972 1273 1141 1318 auctorem
1169 1253 1328 1338 agnoscit

264 1359 442 1422 Vettianum
477 1365 510 1422 in
541 1365 641 1444 prima
668 1365 736 1424 eiua
762 1365 922 1430 editione,
961 1381 1055 1442 quarn
1084 1365 1328 1440 propagarunt

264 1462 374 1522 addito
406 1465 515 1545 capitia
546 1485 697 1534 numero,
736 1485 833 1545 quern
863 1461 981 1524 ferebat
1014 1459 1189 1522 institutus
1224 1457 1323 1524 ordo,

267 1561 437 1634 Olirariua,
471 1566 658 1646 Stephanus,
689 1567 849 1632 Schottue.
884 1558 1016 1630 Vollme.
1051 1561 1116 1624 atii.
1178 1557 1324 1620 lieinol·

264 1661 335 1724 diue
356 1679 459 1726 tamen
476 1667 641 1748 inscripsit:
667 1665 780 1756 Nrplri
794 1667 890 1726 araris
905 1655 1033 1754 insulae,
1060 1660 1189 1722 servata
1215 1657 1321 1742 prisca

263 1762 438 1828 locutione.
492 1769 641 1838 Vinctus,
672 1769 735 1829 stne
760 1768 869 1834 titulo,
897 1770 942 1824 uti
969 1763 1058 1834 tolet,
1086 1764 1172 1822 hinc
1197 1761 1321 1839 incipit

265 1883 332 1946 cap.
350 1879 407 1942 5u.
459 1867 541 1929 tinte
563 1871 657 1930 rerba
680 1871 785 1948 paullo
806 1866 871 1948 puli
893 1843 1042 1926 subiecta:
1076 1865 1218 1924 Paucae
1230 1853 1318 1950 sont

265 1967 298 2025 in
321 1967 484 2028 Maeotide
509 1999 550 2011 —
581 1970 731 2054 leguntur
751 1973 783 2029 in
808 1965 900 2032 Paris.
925 1983 956 2028 α.
983 1967 1076 2026 haec:
1113 1954 1315 2054 Insnlornrn

264 2059 436 2156 descriptio
472 2071 609 2130 onrrrinm
648 2084 678 2130 et
716 2073 850 2150 prinnnn
892 2067 989 2158 noslri
1024 2067 1137 2136 rnaris,
1181 2063 1312 2123 dentone

267 2165 400 2230 Oceani.
439 2172 548 2233 Venet.
572 2161 752 2261 lnsnlornnr
776 2169 874 2257 nostri
894 2151 990 2230 araris
1017 2159 1209 2256 descriptio,
1259 2163 1313 2223 Sic

264 2269 361 2328 etiam
378 2269 510 2333 Cocieua
530 2273 601 2350 (erl.
624 2275 702 2352 rr.)
727 2273 772 2331 ibi
793 2272 973 2356 distinguit:
1000 2269 1056 2330 De
1076 2265 1200 2358 insulis
1219 2265 1310 2326 Meo·

264 2368 341 2428 tidr's
362 2383 390 2430 et
411 2373 508 2432 Ponti
529 2373 701 2450 carritnlnnr
726 2375 749 2432 V
754 2373 813 2436 ill.
848 2387 878 2433 et
904 2371 971 2454 poli
993 2384 1065 2431 ante
1089 2370 1194 2428 verba
1221 2369 1251 2444 §.
1273 2373 1308 2442 4.

263 2483 358 2530 extra
383 2465 621 2562 Hellespontum
648 2493 735 2534 novo
762 2473 927 2556 l'egnrento
961 2471 1042 2532 facto
1074 2471 1153 2530 haec
1189 2468 1306 2528 habet:

262 2569 320 2630 De
337 2563 448 2662 infidis
466 2571 616 2664 Astalicis
639 2577 811 2654 capitulum
828 2577 884 2636 IX.
936 2574 1044 2633 Paullo
1060 2567 1199 2632 iuferius
1219 2571 1250 2646 §.
1272 2577 1304 2642 8.

264 2671 321 2733 De
340 2665 452 2765 insulis
471 2677 599 2754 Europe
618 2673 774 2766 appofitis
794 2675 967 2754 capitnlnm
989 2673 1027 2736 X.

428 2829 457 2906 §.
492 2849 520 2892 ι.
559 2827 734 2908 ¹Gades)
784 2829 874 2910 Prag.
902 2825 1012 2896 Galer;
1043 2817 1304 2907 liebriigcr.Ca·

261 2923 318 2986 des
334 2957 383 2974 -
401 2924 555 3020 inpreffiu
582 2929 689 2991 Cibin.
710 2944 742 2989 et
759 2929 846 3013 Prag.
870 2919 1022 3016 egreffn53
1051 2925 1146 2988 Parii.
1167 2939 1202 3002 3.
1227 2937 1302 2981 cum

261 3030 314 3091 ed.
338 3051 364 3092 t.
389 3053 457 3110 egre
483 3054 511 3103 ι,·
536 3032 650 3110 reliqui
670 3045 754 3092 recte
776 3023 905 3118 egrcffis.
944 3031 973 3088 T
976 3047 1031 3086 um
1049 3028 1225 3110 liehdiger.
1242 3017 1296 3112 cst.

260 3130 549 3192 Admonetantern.
584 3133 689 3194 (tibin.
709 3131 802 3192 obolo
818 3130 870 3222 cst,
887 3121 1013 3218 fretrnn
1035 3129 1195 3188 admonet.
1225 3118 1299 3182 Post

261 3231 373 3294 omilin
395 3233 425 3291 in
449 3233 631 3296 vindobon.
655 3255 747 3314 qaam
770 3233 913 3302 occeani;
945 3223 983 3292 τὸ
1005 3231 1038 3288 in
1059 3229 1176 3289 excidit
1200 3224 1296 3286 etiam

259 3333 294 3392 in
316 3333 389 3393 edd·
417 3347 475 3411 30.
499 3349 558 3414 52.
612 3335 750 3397 Verbum
770 3327 968 3422 prontistrpor
991 3329 1075 3394 Gud.
1097 3327 1238 3391 mutavit
1261 3323 1296 3380 in

258 3453 434 3514 proximos.

336 3585 539 3668 excedat)
590 3589 684 3650 Forte
709 3600 811 3648 exeat.
845 3603 1057 3648 crocconrva.
1108 3580 1289 3659 Atvulgata

259 3685 342 3749 bene
367 3689 477 3761 habet,
506 3691 625 3773 quippe
649 3710 726 3771 quae
748 3709 804 3772 per
826 3689 895 3750 rim
917 3685 1007 3747 verbi
1029 3685 1187 3766 propriam
1206 3679 1289 3741 idem

260 3789 419 3873 fignificat.

336 3942 380 4002 M
384 3939 584 4022 aeneide)·
610 3941 781 4020 Rehdiper.
806 3937 972 4008 meothide,
998 3935 1105 3996 ulitata
1121 3925 1287 4013 corruptio·

258 4061 321 4114 ¹¹03
355 4043 463 4106 Cibin.
486 4043 659 4116 Meotidie3
699 4043 773 4104 edd.
804 4053 859 4118 15.
888 4057 944 4102 ao.
970 4036 1167 4101 Maeotidae.
1221 4021 1286 4093 Post
