2848 4942
396 411 488 466 ΗΒ.
517 412 554 464 11.
598 411 689 466 Gn.
730 411 808 478 55.
1079 421 1120 488 07

70 579 256 663 legendnm
272 577 366 642 forte
383 579 514 644 cataro
528 593 560 644 et
580 581 676 644 Tomi.
701 599 907 648 crtccotttve.
949 581 1115 646 Tritoniee.

69 679 279 742 iionftroinm
299 683 514 746 vocabulum.
568 684 652 766 Lege
669 697 735 744 tum
755 684 878 748 Tomoe.
926 685 977 746 sic
998 685 1114 764 optimi

69 785 194 843 codices.
254 783 340 844 Non
368 785 480 866 potuit
505 797 570 844 tam
591 797 699 846 notam
722 785 969 867 praetermittere
989 783 1113 856 urbem,

69 903 136 963 quae
151 882 282 964 [ernper
298 904 376 944 cum
394 885 542 965 tttropoti
557 899 590 946 et
600 885 709 947 Collati
727 887 944 970 coniungitur.
968 905 1112 948 vocstve.

68 984 179 1044 Mirum
196 985 254 1054 est,
276 986 369 1066 quod
386 986 568 1056 Pintianus,
588 987 660 1048 aliae
673 987 710 1046 ad
726 987 966 1048 emendationes
982 1007 1110 1068 pronut,

68 1105 172 1146 rocem
201 1085 379 1146 Tritonice
403 1088 555 1148 intactam
577 1087 724 1168 reliquit,
757 1087 830 1148 iicet
856 1089 972 1148 vitium
996 1087 1110 1148 iubeile

69 1185 201 1256 ienierir,
237 1207 321 1248 cum
345 1187 420 1268 post
441 1187 540 1248 Corio
558 1188 706 1269 deinceps
721 1187 806 1268 [equi
830 1187 968 1250 voluerit
991 1185 1111 1250 omiffie

68 1287 108 1347 hia
124 1286 255 1348 verbis:
283 1287 349 1377 Est
373 1286 527 1379 Tirfira's,
549 1289 588 1350 tie
604 1307 668 1370 quo
685 1289 719 1348 in
736 1289 880 1370 proxima
896 1303 982 1350 nota.
1019 1287 1110 1350 Orto·

65 1388 116 1447 lim
130 1389 166 1448 in
183 1387 341 1450 thesauro
354 1388 477 1472 Geogr.
493 1387 515 1450 1.
531 1410 562 1450 v.
591 1389 756 1456 Tritonice.
778 1407 852 1450 curn
872 1407 984 1450 omnee
1001 1391 1033 1448 in
1051 1389 1111 1450 boc

67 1501 156 1548 tractu
179 1491 315 1551 Tomos
338 1503 611 1559 commemorent,
644 1503 697 1548 aut
722 1505 903 1572 corruptam
926 1489 1108 1560 lectionem.

65 1606 110 1648 aur
125 1593 227 1651 unius
249 1593 320 1652 loci
345 1589 527 1668 synonyma
544 1589 603 1652 effe
619 1589 783 1652 existimat.
835 1591 928 1654 l’riue
949 1603 1110 1670 tamquam

64 1692 161 1751 verius
183 1690 366 1761 tramitter,
401 1692 426 1752 sr
448 1692 584 1752 aliorum
605 1691 761 1752 librorum
777 1691 943 1754 ¹iectionee
967 1693 1110 1774 cognitas

63 1789 220 1852 habuiffet.
279 1792 417 1872 Nempe
433 1792 470 1851 ad
488 1813 594 1852 veram
610 1807 642 1853 ct
662 1795 804 1852 nativam
820 1793 989 1852 lectionem
1005 1793 1109 1873 proxi·

63 1912 108 1950 me
133 1893 262 1954 accedit
284 1905 452 1961 tritomoe,
487 1893 604 1974 inquo
630 1905 665 1952 tn
689 1893 825 1954 adhaesit
849 1911 907 1974 pro
935 1905 1019 1962 tum,
1053 1911 1107 1954 ne·

61 1993 172 2070 plecta,
200 1994 300 2074 quod
326 1993 421 2074 [aepe
443 1995 571 2062 eccidit,
604 1995 720 2054 lineola
753 1991 940 2061 transversa.
971 2013 1052 2073 quae
1075 2013 1107 2052 m

60 2091 135 2153 solet
152 2095 306 2156 reddere.
365 2096 455 2154 Tum
476 2093 608 2164 librarii,
641 2096 696 2175 qui
725 2095 874 2154 Tutomoe
892 2113 993 2154 unum
1016 2111 1107 2154 voca·

60 2190 169 2254 bulum
188 2197 355 2276 idemque
376 2215 497 2254 nomen
521 2195 606 2254 urbis
629 2209 792 2276 putarent,
826 2193 1051 2276 praemiserunt
1074 2207 1107 2254 et

60 2295 244 2373 posteriore!
267 2298 355 2356 inde
377 2293 572 2356 effinxerunt
593 2295 758 2366 Tritonia,
784 2315 864 2376 quae
886 2307 1042 2376 nusquam
1063 2293 1107 2356 eii

60 2409 227 2468 tetrarum
258 2397 300 2456 art
317 2417 420 2476 qnam
437 2409 543 2458 tamen
560 2398 729 2458 transitum
751 2395 903 2458 monstrat
917 2395 999 2458 Coti.
1021 2395 1105 2458 Gud.

61 2497 139 2558 Hinc
159 2519 243 2560 vero
268 2499 419 2578 adparet,
445 2511 511 2556 trmr
536 2497 648 2556 Tomoe
664 2497 767 2557 Melae
783 2517 913 2556 manum
936 2495 1051 2558 referre
1072 2496 1106 2558 irt

63 2597 188 2658 Graecae
207 2601 317 2660 etiam
336 2595 460 2659 formae
476 2595 545 2660 niu.
596 2597 661 2658 Etst
682 2597 781 2680 igitur
801 2617 911 2658 veram
933 2597 1106 2658 lectionem

61 2701 116 2756 iam
135 2702 223 2760 vidit
244 2701 450 2762 Ciaccouiue
467 2713 499 2760 et
518 2699 586 2781 poii
606 2700 735 2780 repetiit
758 2695 895 2768 Voffiur.
930 2697 1044 2758 Tomoe
1064 2709 1107 2758 ta·

60 2817 125 2858 men
147 2805 258 2885 magio
286 2801 496 2881 probandum
522 2821 615 2880 qnam
647 2799 746 2860 Tomi.
802 2799 901 2860 Aliam
927 2800 1025 2859 totino
1043 2797 1106 2858 loci

60 2905 332 2962 emendationem
363 2899 532 2981 proposuit
561 2902 588 2962 1.
610 2899 795 2962 Gronovius
821 2899 859 2958 ad
884 2899 1046 2978 Scylacem
1071 2899 1106 2958 in

62 3000 172 3084 Geogr.
194 3017 267 3064 ant.
294 3021 332 3082 p.
357 3013 438 3076 153.
466 3003 507 3060 ln
523 2999 665 3060 litoribus
685 2999 768 3094 Istro
789 2997 992 3091 proximaefi
1009 2995 1106 3090 Istro·

62 3103 145 3178 potis.
202 3103 331 3163 Tomos
364 3099 477 3160 deiude
504 3123 526 3160 a
551 3097 689 3188 Mit'efiir
722 3099 874 3174 deducto,
915 3099 1041 3168 Calatis
1074 3113 1105 3160 et

63 3201 246 3263 Stratonice
272 3215 308 3264 et
344 3215 458 3282 portos
489 3201 586 3262 Carrio
610 3215 642 3262 et
671 3198 812 3292 Tirssrt's
842 3201 1103 3280 promuntorium.

63 3304 185 3385 Quippe
216 3305 314 3364 hunc
342 3322 457 3362 verum
486 3304 633 3364 ordinem
662 3301 919 3384 Geographicum
942 3315 973 3361 et
996 3319 1104 3360 veram

60 3403 230 3466 lectionem
256 3403 434 3466 existimat.
486 3405 526 3464 Ar
542 3417 577 3462 ut
593 3405 652 3464 alia
671 3403 820 3472 invertit,
853 3401 892 3462 fic
906 3401 964 3462 alia
987 3399 1104 3470 inierit,

61 3505 154 3566 immo
176 3508 335 3568 obrrnrtit
357 3503 445 3564 libris
464 3504 587 3566 invitis.
639 3505 777 3588 Recepta
796 3503 891 3566 lectio
908 3521 947 3564 ex
970 3497 1106 3586 superio·

63 3607 154 3678 ribus,
180 3610 219 3668 ni
240 3605 351 3676 failor,
377 3603 449 3667 iotis
468 3605 660 3672 vindicatur.

130 3823 289 3890 portus
328 3805 483 3888 carta)
527 3808 576 3868 Ita
593 3824 706 3870 omnee
724 3805 797 3866 libri
812 3817 933 3888 praeter
955 3805 1047 3889 Prag.
1070 3805 1105 3864 in

68 3928 121 3988 qno
139 3911 206 3994 legi
235 3909 359 3970 Corra.
409 3907 584 3970 Bocbartne
601 3921 706 3970 tamen
727 3909 761 3967 in
778 3907 925 3972 Clranaan
953 3925 982 3976 t,
1010 3925 1062 3968 to.
1081 3903 1104 3966 1.

72 4013 194 4072 malebat
222 4023 345 4090 portus
374 4007 506 4080 Cariae.
544 4011 617 4090 qnia
643 4011 675 4070 in
708 4009 830 4070 Arriani
863 4009 984 4090 periplo
1010 4005 1108 4068 Ponti

73 4125 169 4194 pctp
195 4111 307 4175 ttudt.
330 4111 370 4174 tit
390 4105 487 4202 λιμὴν
512 4109 647 4200 liopritv·
681 4129 780 4192 porro
799 4110 940 4194 legatur:
973 4103 1057 4196 ἡγῇ
1077 4103 1109 4172 ἐν
