2792 4940
365 432 455 490 utu
483 435 520 488 u.
564 433 597 490 e
628 435 666 488 rr.
708 431 786 507 ις.
1038 447 1098 512 ¹³⁷

2 547 3 576 ³
60 607 169 679 ‘u‘rrreru
206 601 503 689 [ipterpmttmd.
534 603 613 686 (fic)
660 603 745 668 Ede.
771 621 803 670 1.
827 617 861 670 Ω.
886 617 920 686 5.
944 612 980 686 4.
1003 615 1038 684 5.
1060 607 1096 672 6.

61 725 88 768 ·.
112 721 148 784 3.
171 725 208 788 9.
234 727 291 770 ro.
312 727 368 770 ιι.
391 723 446 772 12.
474 718 605 786 13.14.
628 719 682 786 ¹5·
709 707 766 772 ιθ.
787 719 843 782 ι7.
863 707 999 790 reliquae
1023 727 1098 772 cunt

61 813 216 880 lemano,
254 809 401 871 Olirario
434 827 548 872 omuee
582 807 779 888 Coprullerrr
820 808 955 872 Viuetur
986 821 1100 888 portus

60 907 196 998 Ιίάπρου
218 901 340 998 leptim
367 910 519 974 Schottue
533 923 646 990 portus
663 909 793 990 Capm,·
818 903 945 973 Voffine
959 904 1100 998 Κάπρου

61 1005 169 1100 lrpiyv,
208 1011 304 1094 quod
339 1009 497 1074 [ervattuu
526 1010 580 1074 est.
621 1029 823 1074 monuere.
892 1011 1010 1074 Portus
1037 1013 1101 1076 Co·

60 1113 201 1198 mallon)
257 1113 350 1196 Lego
374 1125 490 1192 portus
518 1111 642 1192 capros
660 1133 731 1176 cuer
753 1101 860 1204 insuia
885 1131 923 1174 ex
945 1113 1101 1178 Strabone

61 1213 230 1276 inselectie
249 1213 327 1292 [lib.
347 1227 381 1288 7.
397 1234 430 1296 p.
446 1223 525 1291 ¹⁰8·
537 1212 661 1296 Hudt]
676 1213 818 1276 tradente
829 1213 958 1293 Copton
971 1229 1103 1298 portum

60 1316 109 1375 ede
121 1317 248 1399 Stagiri
265 1314 357 1376 urbia
377 1335 450 1376 cum
471 1314 570 1376 intuta
587 1335 681 1398 parra
703 1315 907 1400 cognomine.
945 1314 1027 1400 Quie
1044 1315 1103 1400 igt-

61 1431 102 1476 tur
125 1419 343 1478 inanimum
367 1415 514 1488 inducat,
545 1415 722 1478 meminisse
743 1415 964 1498 Pomponium
993 1431 1117 1499 portua·

60 1520 168 1601 Sugiri
189 1517 368 1601 praeterita
386 1515 450 1600 ipsa
470 1517 558 1590 urbe,
584 1519 674 1580 cuiue
690 1515 733 1580 ett
753 1533 874 1600 portur.
899 1529 1002 1580 tantee
1019 1537 1105 1601 prae·

61 1619 179 1689 sertim,
217 1631 356 1700 propter
385 1619 570 1690 alumnum,
603 1619 758 1682 claritatir.
817 1617 982 1682 Praeterea
1014 1619 1105 1681 litam

60 1721 110 1781 effe
132 1721 301 1800 Stagiren
326 1721 409 1782 inter
438 1719 631 1803 Strymonem
660 1721 798 1782 flurium
822 1719 983 1782 ereetum
1012 1741 1106 1784 mou·

59 1835 138 1892 tem,
173 1822 240 1882 ubi
267 1819 360 1881 Mela
389 1840 460 1883 erm
487 1821 609 1894 lletuit3
651 1835 793 1884 auctores
824 1819 896 1882 lunt
926 1820 1038 1886 Strabo
1070 1823 1105 1886 iu

60 1922 175 1984 [dectie
202 1916 290 2009 [lib.
309 1937 343 1998 7.
361 1943 394 2004 p.
415 1934 494 2000 ¹⁰3·
517 1913 640 2007 fluet]
666 1937 698 1983 et
713 1923 921 1992 Ptolemaeus,
948 1917 1003 2010 [3.
1025 1915 1104 2010 13.]

59 2027 140 2105 qnod
164 2025 278 2084 adhue
308 2025 410 2107 magio
432 2023 561 2086 adstruit
587 2023 821 2106 colligationem
848 2023 994 2085 nostram.
1032 2041 1106 2085 πικ-

59 2145 193 2186 τιιιιπο.
261 2124 331 2188 Sed
354 2127 387 2184 iu
411 2138 481 2187 toto
505 2143 600 2208 opere
624 2123 740 2186 insulae
757 2143 823 2186 non
844 2125 993 2186 meminit
1011 2124 1105 2198 Mela.

60 2241 283 2308 praeterquam
309 2225 343 2285 in
365 2245 431 2307 cap.
449 2227 507 2288 ult.
523 2227 555 2289 h.
571 2227 592 2288 l.
619 2225 674 2286 ubi
696 2227 736 2288 de
760 2223 909 2287 omuibue
925 2227 1107 2310 lingillrtim

63 2330 134 2410 egit.
187 2329 307 2410 Quare
341 2325 419 2387 haec
450 2327 545 2388 lectio
578 2327 705 2388 tolerari
736 2327 859 2408 nequit.
900 2345 1108 2390 craecontve.

63 2430 101 2489 tt.
133 2429 332 2510 Stephanue
366 2421 421 2514 [in
452 2420 570 2514 praefi]
607 2423 735 2516 κάπρου
768 2419 884 2516 λιμὴν,
920 2445 986 2488 non
1012 2429 1106 2490 male.

65 2531 187 2612 l'ulgati
210 2527 408 2608 Caprullorr,
433 2549 569 2610 proquo
585 2529 711 2610 capros
732 2550 801 2589 cum
824 2519 927 2620 insula
943 2529 1109 2592 Pintianue

62 2631 255 2712 reponebat.
289 2629 346 2708 qui
370 2643 403 2690 et
424 2629 579 2692 Aristoteli
603 2631 746 2714 patriam,
777 2649 857 2711 quoe
878 2627 931 2690 hic
953 2631 987 2690 ln
1007 2631 1111 2694 liturie

61 2733 235 2813 densisque
259 2729 402 2792 tenebris
424 2729 559 2800 iacebat.
586 2733 746 2802 reddidit,
777 2729 1002 2812 illustravitque
1024 2727 1110 2792 felici

60 2847 195 2904 conatu,
237 2831 262 2892 fi
293 2849 390 2912 quam
419 2831 458 2892 ad
487 2831 606 2893 alumni
635 2833 779 2902 laudem,
812 2827 1019 2892 eccesfioneru
1045 2829 1113 2892 fieri

63 2950 132 3016 pote
161 2933 228 2996 est.
286 2931 431 2992 Eandem
458 2933 541 3016 apud
567 2933 789 2995 Ptolemaeum
813 2925 861 3018 [c.
884 2925 928 3020 l.]
950 2929 1113 3014 sepultam,

61 3033 133 3098 ὀὸοὖ
154 3029 341 3120 παρέργου
356 3036 490 3096 excitare
509 3053 674 3105 conemur,
703 3035 759 3094 ubi
779 3054 836 3118 pru
855 3025 1029 3120 οτάυτειρο
1051 3033 1114 3117 leg.

64 3133 309 3220 κουστάπειρα.
339 3153 516 3198 ecnorrve.
565 3133 762 3216 Coprullon)
814 3131 987 3196 Monstrola
1005 3135 1113 3198 lectio.

65 3240 151 3300 Libri
175 3236 343 3299 meliores
363 3235 529 3296 lubenter
548 3249 662 3316 portus
681 3233 891 3316 Caprolimen.
945 3235 1027 3320 Quie
1048 3254 1117 3299 nou

64 3341 163 3408 ridet.
196 3355 318 3398 veram
335 3335 394 3398 elle
413 3337 586 3398 lectionem
605 3349 635 3398 et
652 3331 793 3425 Κάπρου
818 3332 938 3424 lunio?
971 3356 1116 3400 voeetve.

65 3443 200 3503 l'iderat
227 3437 333 3498 Hem.
346 3437 522 3518 Stephanus
538 3457 653 3500 vocem
668 3437 841 3516 Caprullon
858 3435 1041 3502 mendosam
1056 3436 1117 3500 ess'e

65 3557 93 3603 et
113 3545 150 3604 iu
175 3561 222 3602 ea
247 3541 348 3598 latere
365 3531 505 3626 Κάπρου
525 3533 634 3628 λιμὴν,
662 3539 744 3601 nihil
758 3537 902 3608 seribene.
929 3539 1008 3620 quid
1021 3539 1119 3622 igitur

65 3647 100 3704 de
123 3641 356 3728 praecedente
378 3659 457 3700 voce
479 3639 544 3702 fieri
569 3640 684 3710 vellet,
719 3637 789 3702 l'etie
807 3655 912 3700 tamen
935 3639 1014 3701 clare
1034 3657 1120 3722 prae·

65 3743 171 3808 lerene
198 3743 238 3804 id
266 3738 326 3800 fibi
349 3737 503 3822 placnille‚
534 3741 623 3822 quod
641 3735 863 3824 Voffiuerapit
881 3739 920 3802 ud
945 3738 991 3814 [ος
1024 3761 1120 3824 neque

67 3850 147 3908 enim
164 3839 310 3910 dubito.
333 3841 451 3911 dicem,
472 3837 534 3928 [H.
550 3837 752 3930 Stephanus]
776 3843 852 3926 quin
876 3835 1004 3928 κάπρου
1024 3835 1120 3930 λιμὴν

68 3971 85 4006 a
106 3949 212 4011 Mela
229 3933 400 4036 scriptum
415 3939 484 4036 fit,
517 3955 548 4004 et
571 3943 746 4026 (inpruilon
767 3965 830 4004 uon
856 3943 998 4010 altitude.
1025 3963 1121 4026 quom

69 4073 102 4108 cx
118 4069 234 4110 errore
250 4045 410 4107 manarit.
442 4045 466 4108 t
482 4043 631 4106 Pintiano
647 4043 859 4127 reponebatur
873 4057 985 4128 portus
997 4043 1123 4124 Copror

69 4175 133 4211 cnm
158 4139 293 4240 infida,
319 4145 404 4226 quod
422 4145 560 4208 nimium
579 4161 613 4208 et
631 4145 838 4208 intolerabile.
893 4143 1016 4209 Volltue
1036 4145 1122 4206 deni·
