2810 4944
297 481 360 549 4¹4
593 473 840 534 coueourr
883 473 1046 530 unane

296 647 390 728 liquit
406 647 486 708 mori
503 643 629 708 Oceano
645 647 727 709 lun.
748 667 777 718 ι,
798 665 831 726 9.
871 647 922 710 Sic
944 647 977 706 in
994 647 1146 708 Iuvenale
1170 667 1224 716 ιι,
1254 661 1338 725 1¹5·

296 771 353 832 pro
376 748 519 810 litoreob
537 747 663 810 Oceano
681 751 779 810 bodie
801 762 964 832 receptum
985 749 1027 809 est
1045 747 1181 820 Ocenni;
1216 769 1249 810 v.
1273 766 1338 826 94.

296 853 329 912 in
356 850 474 910 Oceani
490 844 600 938 fluctu
627 873 685 932 pro
713 851 849 912 Oceano.
904 850 999 911 Dabit
1029 851 1086 910 alia
1111 848 1269 910 Gesnerus
1301 851 1340 908 in

296 949 374 1012 thes.
393 953 428 1012 L.
451 953 485 1012 L.
509 950 563 1011 sub
583 953 616 1015 h.
641 973 672 1016 v.
724 951 843 1016 Contra
867 953 900 1012 in
922 952 1024 1014 Cicer.
1047 971 1107 1033 pro
1129 952 1198 1035 lege
1218 951 1338 1012 lilanil.

297 1075 323 1116 c.
355 1071 409 1116 12.
446 1067 577 1116 notante
615 1054 752 1116 Grutero
792 1057 923 1136 quidam
957 1053 1136 1114 maluerunt
1170 1053 1340 1112 Oceanum

210 1211 220 1230 ,
296 1154 409 1248 oslimn
426 1175 483 1236 pro
503 1155 632 1217 Oceani.
671 1157 823 1236 Exempla
840 1157 928 1237 plura
946 1175 1011 1214 non
1031 1152 1144 1216 desunt
1161 1155 1256 1214 huiua
1273 1152 1341 1214 sor-

295 1277 366 1318 mae
395 1258 429 1316 in
459 1255 608 1338 sequioris
629 1259 699 1318 aevi
725 1256 942 1338 scriptoribus,
977 1275 1055 1337 quae
1081 1259 1212 1317 certiora
1234 1257 1340 1316 etiam

295 1355 399 1420 censet
416 1356 571 1419 Gesnerue
594 1360 697 1419 veluti
719 1361 750 1418 in
772 1360 920 1441 Ampelio
943 1378 968 1419 c.
994 1379 1022 1419 r.
1038 1371 1118 1434 etp.
1145 1371 1178 1419 et
1193 1359 1224 1419 S.
1243 1353 1338 1418 liufo

296 1479 323 1522 c.
346 1473 376 1536 5.
405 1461 519 1539 quibua
534 1461 610 1520 addi·
626 1461 751 1540 possunt
767 1462 948 1521 Antoninus
965 1463 999 1520 in
1017 1461 1087 1520 itin.
1107 1481 1138 1540 p.
1153 1471 1238 1534 5⁰8·
1269 1459 1340 1517 lor·

294 1563 414 1622 nandee
431 1562 471 1620 de
493 1562 586 1621 rebus
604 1561 744 1644 Langub.
770 1583 795 1631 r,
817 1565 849 1625 6.
873 1563 984 1623 etalii.
1037 1563 1098 1622 Sed
1120 1573 1152 1621 et
1170 1559 1340 1620 Oceanum

295 1685 380 1724 mare
397 1660 634 1746 suffragantibus
658 1664 744 1724 libris
761 1665 793 1723 in
818 1665 901 1724 lulio
919 1660 1046 1725 Caesare
1068 1663 1107 1722 de
1123 1663 1159 1723 tt.
1176 1661 1216 1722 G.
1239 1675 1272 1738 3.
1299 1676 1337 1732 7.

294 1763 352 1824 ubi
369 1765 441 1825 tuiti
463 1762 531 1823 snut
548 1765 658 1832 etiam,
685 1783 757 1824 cum
774 1765 963 1827 Ciacconins
985 1759 1022 1826 τὸ
1045 1784 1130 1824 mare
1146 1783 1338 1845 expungere

296 1867 411 1934 vellet,
448 1861 575 1926 Vossrue
597 1879 629 1925 et
653 1865 797 1928 Davisius
818 1887 877 1926 nec
898 1867 960 1926 hoc
976 1864 1076 1925 Melae
1098 1865 1169 1924 loco
1194 1879 1337 1944 praeter-

294 1965 368 2026 mill
388 2012 396 2028 .
434 1963 485 2028 Sic
504 1967 645 2028 Catullus
666 1983 745 2042 115,
770 1969 801 2031 6.
841 1968 965 2027 Eodem
982 1965 1081 2026 niodo
1098 1967 1224 2025 additur
1242 1967 1337 2027 voci-

293 2065 352 2127 bus
376 2068 464 2134 litur.
499 2069 645 2150 pelagus.
680 2069 808 2136 linctus.
839 2089 946 2148 aquae.
1006 2067 1078 2128 Vid.
1111 2066 1257 2127 Heinsius
1292 2069 1337 2126 ad

293 2168 458 2231 Claudian.
484 2171 612 2248 epithal.
640 2169 773 2230 Honorii
798 2191 829 2230 v.
852 2183 910 2248 83.
953 2167 1100 2228 Barthiue
1126 2169 1162 2227 ad
1187 2169 1335 2228 eundern

293 2271 392 2351 epigr.
417 2291 444 2345 ι,
473 2288 501 2332 1.
544 2269 689 2332 Gronov.
713 2269 940 2333 adSenec.N-.
965 2271 1026 2352 Qu.
1050 2283 1158 2345 μα.
1201 2261 1333 2331 liniter.

292 2371 330 2429 ad
357 2371 436 2431 l'lor.
457 2381 491 2449 4,
519 2389 572 2440 ιε,
593 2383 654 2450 49.
696 2373 865 2434 lllrrrrcker.
894 2387 927 2432 et
951 2373 1114 2431 Staveren.
1139 2370 1176 2429 ad
1202 2371 1333 2452 Hygin.

291 2467 353 2530 sab.
376 2486 407 2549 3.
431 2493 461 2552 p.
484 2488 541 2534 αα.
594 2475 639 2532 lta
665 2471 755 2532 srmili
781 2475 902 2534 ratione
924 2473 1049 2532 Graecia
1071 2465 1209 2549 Ἑλλὰς,
1238 2462 1336 2532 Σκύ·

290 2575 351 2655 ,9ης
378 2607 423 2618 -
464 2574 583 2634 Latinis
612 2575 738 2643 Arabia,
774 2575 879 2652 ltalia,
902 2603 951 2616 -
982 2574 1083 2654 qualia
1118 2573 1334 2654 conlegerunt

292 2673 399 2734 Heius.
419 2695 447 2734 c.
467 2677 488 2736 l.
530 2675 739 2756 Oudendorp.
765 2678 802 2736 ad
830 2679 944 2736 Lucan.
972 2690 1004 2748 7,
1028 2683 1111 2750 347.
1146 2685 1178 2733 et
1203 2689 1333 2754 praeter

290 2775 368 2836 alios
389 2777 564 2838 Scriverius
589 2779 622 2836 in
647 2797 748 2856 operr.
768 2778 929 2838 anecdotis
953 2776 1065 2855 philol.
1085 2775 1145 2850 36..
1168 2795 1199 2855 p.
1214 2787 1262 2852 4⁰
1284 2774 1330 2854 sq.

290 2878 340 2936 De
364 2891 471 2938 nutura
493 2879 602 2938 talium
627 2877 888 2938 substantivorum
910 2874 1054 2957 exposuit
1075 2877 1172 2936 etiam
1197 2871 1331 2936 voffius

290 2977 330 3037 de
346 2979 456 3039 constr.
479 3000 505 3040 c.
527 2997 558 3043 2.
598 2977 648 3041 Cf.
672 2981 723 3039 iric
745 2982 781 3038 ad
800 2979 916 3038 Melam
935 2993 966 3054 ᾖ,
985 2992 1016 3052 3,
1038 2999 1066 3038 ι.
1106 2978 1226 3038 Contra
1244 2977 1331 3038 hanc

288 3075 424 3138 formam
444 3094 549 3142 tamen
563 3103 664 3164 nuper
686 3082 825 3163 graviter
844 3079 1010 3139 insurrexit
1025 3079 1157 3159 Ruperti
1173 3079 1210 3137 ed
1231 3081 1331 3138 luve-

288 3181 391 3239 nalem
412 3203 464 3249 rr,
486 3195 545 3260 94.
573 3183 658 3264 quod
676 3201 740 3241 non
758 3181 813 3240 niti
831 3201 865 3241 ea
883 3179 1069 3242 substantiva
1084 3198 1141 3260 pro
1158 3180 1328 3240 adiectivis

287 3295 464 3359 ponantur,
499 3304 578 3362 qnae
602 3286 729 3364 proprie
752 3282 810 3341 lint
833 3283 1004 3350 adiectiva,
1036 3281 1173 3359 exceptis
1202 3283 1327 3359 parreia.

288 3400 366 3460 qnae
389 3395 493 3442 tamen
519 3383 666 3445 vitiosam
691 3382 806 3464 sapiant
836 3384 1026 3452 lectionem;
1061 3381 1225 3442 Oceanum
1250 3402 1328 3440 nus·

286 3483 372 3561 piam
393 3485 548 3546 adiectivo
573 3487 651 3554 dici,
685 3485 779 3544 dubia
801 3498 884 3544 certe
904 3484 1047 3563 exempla
1071 3479 1222 3562 proserri;
1262 3483 1326 3542 alin

287 3593 359 3642 tum
383 3603 421 3644 ex
442 3589 669 3647 recentioribus
685 3585 743 3646 eise
765 3587 881 3666 petita,
909 3596 978 3643 tum
1002 3585 1203 3642 librariorum
1222 3580 1327 3642 socor-

287 3681 356 3742 diae
371 3697 402 3744 et
420 3685 534 3766 stupori
555 3689 673 3750 deberi.
726 3687 823 3746 Nolui
841 3699 947 3747 tamen
963 3685 1126 3746 codicibus
1143 3684 1327 3744 coniunctis

189 3819 195 3838 .
248 3809 252 3818 ·
287 3783 357 3843 vim
372 3783 505 3860 inferre,
533 3788 585 3852 sed
602 3791 641 3851 ad
658 3788 792 3852 labentis
809 3786 920 3850 saeculi
935 3784 1008 3848 usuc
1029 3783 1155 3846 referre.

361 3992 573 4074 magisque
603 3981 642 4053 el
673 3989 826 4072 magis)
876 3987 972 4050 Paris.
1002 4007 1031 4051 1.
1060 4004 1091 4049 2.
1124 3983 1270 4046 extendit
1295 3999 1327 4047 et·

286 4089 403 4166 tttagis3
430 4093 540 4156 Vener.
567 4096 672 4156 Havn.
695 4095 767 4155 edd.
790 4107 820 4172 5.
838 4101 872 4170 4.
898 4104 930 4168 5.
950 4092 983 4152 6.
1008 4106 1040 4168 7.
1067 4101 1100 4165 3.
1125 4108 1179 4148 ro.
1200 4101 1324 4148 ceterae

285 4205 358 4248 curn
369 4191 494 4265 Vineto,
511 4197 645 4258 Sclrouo
660 4210 692 4258 et
706 4198 728 4256 V
734 4191 810 4257 ossto
827 4195 929 4274 magis
944 4191 1115 4273 rnagisque.
1143 4189 1226 4250 Edd.
1241 4207 1272 4251 1.
1285 4207 1322 4268 9.
