2788 4942
351 441 444 501 ‘Lau
475 447 528 506 ru.
573 447 605 504 c.
629 448 651 500 1.
694 443 720 514 t.
745 462 791 500 to.
1053 453 1093 516 53

64 615 250 698 cognomine
276 615 470 691 Teboiianm,
499 619 562 682 live
588 619 617 678 T
614 617 770 680 eboricum
791 621 823 678 iu
845 617 994 678 vertutis
1011 615 1092 680 Cau·

63 715 182 778 tabriae.
236 719 378 781 llabetur
400 733 432 782 et
462 723 577 784 eodem
610 723 743 782 nomine
774 722 908 780 alterum
944 719 1089 792 Tritium,

62 835 115 874 ner.
138 819 247 897 procul
268 821 443 884 admodum
467 808 550 884 inter
572 823 717 892 Berones,
754 823 949 905 cognomine
971 822 1089 912 dictal-

61 915 128 986 iura,
153 919 347 984 Antoninus.
380 919 430 1012 [p.
446 945 488 986 m.
511 917 617 1008 594]
656 925 697 984 Et
721 923 842 984 Plinius
862 916 937 1006 [tib.
958 937 989 1000 3.
1009 943 1036 984 c.
1052 933 1087 1002 4.

61 1015 81 1078 s·
101 1013 152 1106 3.]
177 1025 397 1104 Autrigonum,
430 1027 542 1107 inquit,
573 1025 705 1086 Tritium
728 1037 758 1086 et
785 1015 972 1114 Veroeesca.
1009 1043 1089 1086 atu·

60 1135 169 1182 arara.
232 1125 428 1186 Vocabulum
451 1127 570 1205 duplex
592 1147 608 1188 a
632 1127 784 1210 marginis
807 1125 987 1208 gloliemate
1012 1145 1089 1208 quo·

59 1222 136 1299 piam
160 1215 283 1306 [immo
306 1227 344 1287 ab
371 1225 564 1316 Hermolao]
589 1231 621 1288 in
645 1227 746 1310 ipsum
773 1228 875 1288 Melae
899 1241 1089 1288 contextum

59 1321 163 1384 inertia
186 1326 386 1390 librariorum
403 1329 554 1392 intertum
574 1331 781 1400 crediderim,
807 1331 892 1410 quod
915 1327 1089 1410 laepillime

59 1426 179 1486 evenire
196 1423 293 1501 solen
328 1445 363 1490 ut
385 1433 417 1490 in
438 1432 521 1494 Pieri
537 1445 571 1512 4.
591 1433 781 1513 Epitomatia
798 1431 852 1492 lib.
875 1450 941 1512 cap.
959 1431 1089 1502 ultimo,

58 1521 106 1583 abi
127 1527 167 1586 de
185 1527 331 1594 Pollione
354 1533 387 1594 fit
411 1533 552 1604 mentio,
584 1535 661 1594 haec
680 1535 735 1596 tria
761 1533 855 1594 rerba
873 1531 984 1592 inserta
1007 1531 1088 1604 ltrnt,

58 1626 98 1684 nit
125 1628 250 1708 prorsus
278 1634 315 1692 ad
344 1631 464 1694 lenium
492 1633 652 1697 facientia:
693 1633 759 1694 Hie
780 1625 942 1724 serrandus
965 1647 1086 1706 orator,

57 1745 128 1806 quae
148 1729 187 1790 ab
212 1735 357 1796 amlitore
379 1737 485 1818 aliquo
503 1739 534 1798 in
554 1737 730 1820 marginem
748 1749 875 1816 excepta
892 1733 979 1805 lunt,
1012 1755 1086 1796 cum

58 1829 116 1890 aliia
136 1827 261 1894 fortalle
288 1837 443 1916 pluribus.
494 1839 616 1900 Pariter
639 1851 672 1898 et
694 1837 757 1898 hoc
782 1839 852 1897 loco
874 1837 940 1898 lieri
967 1838 1085 1920 potuit,

57 1942 89 1987 ut
106 1951 177 1994 cum
201 1937 298 1996 Tritii
322 1938 470 2000 Tobolici
491 1937 569 2002 facta
586 1937 659 2002 effet
682 1939 821 2006 mentio,
853 1939 951 1999 lector
972 1939 1084 2019 aliquia

58 2031 162 2112 duplex
183 2037 248 2098 iilic
263 2041 404 2100 Tritium
421 2041 480 2102 elle
500 2042 584 2102 haud
601 2040 671 2102 sarae
687 2041 768 2100 male
786 2041 997 2100 adnotaverit.
1025 2059 1085 2100 vtt-

58 2149 185 2200 utauvs.
242 2139 444 2204 Ptolemaeus
480 2144 610 2204 Tritium
650 2139 841 2202 Teiorieum.
883 2159 1082 2204 erratuum.

57 2231 111 2296 Pro
127 2236 227 2300 Deua
248 2261 287 2304 ex
303 2243 394 2306 MSS.
417 2259 447 2306 et
466 2247 543 2307 edit.
567 2247 670 2304 Exnn.
689 2243 860 2328 legendum
883 2257 914 2302 et
933 2241 1084 2314 Devales,

57 2349 84 2394 tt
102 2357 156 2418 pro
177 2343 291 2404 tritine
314 2343 447 2406 bellante
465 2367 536 2406 eom
556 2345 728 2408 Hermolao
749 2345 884 2404 Tritium
905 2341 1085 2404 Teboiicum

58 2449 84 2494 et
103 2459 156 2518 pro
181 2447 359 2524 attingite
390 2447 481 2510 MSS.
505 2449 619 2528 cingit.
670 2465 700 2510 Α.
723 2465 931 2508 arianorum.
994 2445 1082 2528 Quo·

57 2541 143 2602 noto
167 2545 332 2608 ltnccatius
357 2547 443 2610 hunc
466 2551 572 2610 locum
595 2549 647 2610 rel
675 2549 785 2632 legerit
810 2547 860 2607 vel
881 2547 1084 2616 intellexerit,

57 2639 147 2702 elucet
164 2667 203 2706 ex
229 2649 296 2710 eiua
319 2649 429 2710 libello
446 2653 484 2712 de
506 2649 712 2720 llumiuibua,
745 2649 798 2708 ubi
823 2649 880 2709 lic:
919 2645 1085 2726 Magrada

57 2738 91 2828 est
108 2737 227 2824 tinetas
252 2747 485 2812 Cantabrorum
512 2773 576 2812 nnn
606 2773 675 2812 eum
706 2740 803 2840 Suasa
834 2745 1081 2809 trinobellantem

56 2841 170 2922 ringens
190 2862 223 2909 et
243 2849 373 2914 decium.
409 2855 623 2914 inveteratum
641 2853 738 2936 igitur
753 2865 785 2911 et
803 2849 854 2910 hic
869 2849 963 2908 haesit
981 2849 1079 2918 ulcus,

56 2942 86 2998 td
105 2951 187 3026 qood
206 2957 379 3012 curandum
398 2952 477 3014 lalus
493 2957 639 3018 advocari
656 2953 756 3034 potell
772 2952 981 3013 Ptolemaeus.
1017 2949 1080 3010 Hic

55 3061 120 3104 aero
140 3050 243 3114 adfert
259 3055 291 3112 in
312 3055 371 3114 hoc
391 3069 487 3116 tractu
502 3047 614 3140 Aueria
634 3055 779 3122 titurium,
801 3065 833 3114 ct
849 3049 977 3138 Τρίτων
995 3049 1081 3113 Του-

54 3139 188 3230 diorum.
249 3155 334 3215 Hinc
357 3157 453 3216 Deva
475 3161 509 3218 in
531 3157 631 3218 Devil
658 3157 765 3217 locum
792 3155 858 3236 poll
887 3153 1002 3214 mellus
1024 3151 1078 3212 hic

55 3240 192 3324 succollat,
217 3257 265 3315 cui
282 3277 320 3316 ex
339 3257 429 3320 MSS.
448 3257 544 3319 hodie
559 3259 743 3340 adpendunt
761 3255 813 3326 let,
837 3257 911 3316 hinc
926 3253 1077 3316 Davum.

55 3345 89 3403 dt
115 3353 205 3416 Deua
233 3359 369 3420 minime
396 3360 643 3442 improbandum
671 3359 808 3426 videtur,
842 3377 915 3418 cum
946 3355 1076 3430 coellet,

55 3465 137 3524 quam
153 3457 264 3518 misere
282 3461 313 3518 in
333 3461 443 3520 mttltie
462 3464 631 3521 nominum
652 3457 761 3521 ferraria
778 3457 939 3519 foedatum
958 3457 1077 3516 Melam

55 3545 158 3616 librarii
189 3561 240 3619 vel
264 3563 499 3643 amputaverint
523 3563 574 3624 vel
598 3563 753 3622 auxerint.
807 3563 909 3640 Atque
930 3559 992 3618 hoc
1015 3555 1077 3616 lua·

56 3647 118 3716 (lete
142 3661 267 3722 uidetur
290 3663 430 3724 Boccatii
452 3653 566 3754 Suasa,
597 3665 652 3744 qui
669 3664 754 3722 idem
774 3663 891 3721 lluvlue
916 3659 974 3720 effe
992 3659 1079 3718 vide·

57 3759 110 3816 ¹1¹¹.
160 3762 272 3844 Neque
297 3779 401 3825 tameo
425 3765 604 3836 intercedo,
636 3784 699 3844 quo
722 3765 828 3824 oriona
849 3763 946 3821 etiam
968 3757 1078 3820 Deual

57 3855 100 3913 Vel
121 3859 258 3924 Devales
286 3867 460 3946 adpellatus
485 3863 593 3928 fuerit.
649 3865 780 3924 Tritium
807 3863 982 3924 Ptolemaei
1007 3857 1077 3921 iaci·

58 3949 107 4016 lim
121 3982 156 4022 ex
173 3965 262 4026 MSS.
281 3967 418 4038 eruitur,
445 3987 523 4047 quae
543 3968 616 4028 urbe
632 3969 727 4029 etiarn
744 3967 776 4024 ln
798 3965 859 4024 hoe
877 3976 975 4024 tractu
991 3980 1077 4022 com·

58 4072 235 4128 memoratur
257 4087 273 4126 a
296 4069 401 4130 Plinio
426 4081 456 4146 3,
476 4079 511 4149 4.
536 4068 555 4130 s.
574 4083 606 4146 3.
634 4083 665 4128 et
692 4067 856 4128 Antonino
878 4087 908 4148 p.
925 4083 969 4124 m.
990 4072 1076 4140 450.

59 4154 199 4230 difficilius
237 4167 431 4242 Tabelienru,
470 4170 559 4255 «pund
597 4171 676 4234 adeo
716 4185 873 4252 nunquam
908 4165 1078 4250 reperitur.
