2826 4936
307 439 370 508 a⁸
621 421 872 482 ιοιιιοιιιι
914 423 1079 481 uncta

332 613 392 680 37,
410 615 467 664 ιι.
484 593 506 660 s.
524 589 580 680 3.)
604 595 661 660 etsi
674 596 709 658 in
724 613 832 658 earum
850 617 928 660 vero
943 597 1000 660 litu
1016 611 1157 661 auctores
1170 595 1339 678 diecrepmt.

329 703 382 766 Sic
399 720 438 762 ex
457 699 691 762 recentioribut
715 701 811 761 etiam
835 699 996 782 Goropiur
1018 699 1160 762 Bectnue
1177 699 1209 760 iu
1229 699 1342 782 origini·

329 803 391 864 bue
412 821 445 884 p.
465 815 549 877 712.
593 801 777 862 Harduinue
810 801 851 862 ad
882 801 1028 866 Plinium
1048 811 1083 880 4,
1105 815 1161 882 30.
1184 797 1205 864 s.
1230 796 1279 864 16.
1309 795 1342 859 ad

329 903 465 966 Villulre
487 901 562 964 oslia
580 899 669 984 supra
690 899 895 976 Dantiscum;
931 903 1076 966 Orteliue
1097 905 1131 964 in
1153 899 1226 964 thes.
1241 899 1341 983 Geogr.

329 1004 362 1068 lt.
381 1026 414 1068 v.
451 1003 621 1067 Cluverius
638 1003 672 1064 in
695 1003 804 1066 Germ.
821 1016 886 1070 eut.
902 1017 934 1083 5.
955 1018 1013 1084 25.
1046 1003 1226 1087 Schoening
1247 1003 1278 1062 in
1297 1001 1342 1062 der

329 1103 538 1190 Fortsetzung
554 1106 611 1166 der
630 1105 701 1190 alig.
721 1103 876 1170 Welthisl.
893 1107 934 1168 T.
956 1120 1010 1184 13.
1028 1127 1062 1188 p.
1080 1123 1140 1186 90.
1164 1105 1201 1166 ad
1217 1101 1343 1166 Cimbro·

328 1228 401 1270 rum
423 1207 516 1278 litut,
548 1205 602 1268 etii
624 1205 687 1268 hoc
708 1205 879 1270 Cluverius
903 1208 943 1270 de
962 1227 1025 1268 una
1047 1205 1191 1270 Glessrria
1208 1205 1342 1280 Plintis..

333 1305 506 1388 27.s.13.
538 1327 611 1369 cum
636 1307 795 1370 Glellariae
820 1309 965 1371 eiurdem
988 1319 1023 1388 4.
1048 1305 1228 1388 3o.s.16.
1253 1301 1342 1367 versut

329 1411 530 1474 Britanniam
548 1423 713 1472 removeat
733 1409 789 1472 lib.
807 1423 841 1487 3.
864 1429 891 1492 c.
909 1420 969 1490 4⁰·
987 1429 1014 1473 c.
1031 1409 1053 1473 l.
1092 1406 1145 1474 cf.
1169 1409 1261 1472 etiarn
1277 1406 1342 1468 Gru·

139 1607 151 1618 .
192 1552 200 1574 .·
328 1531 395 1596 pen
419 1512 452 1570 in
476 1509 601 1594 Origin.
626 1510 813 1572 Germaniae
829 1513 871 1575 T.
893 1533 922 1576 ι.
948 1533 980 1594 p.
1005 1525 1076 1598 519
1094 1509 1158 1594 sqq.
1184 1507 1297 1572 observ.
1315 1515 1341 1584 a.

327 1613 391 1678 Sed
413 1612 569 1694 quidquid
587 1610 646 1682 esi.
677 1631 775 1674 nemo
797 1612 1021 1676 Romanorum
1042 1613 1077 1674 iu
1098 1632 1138 1676 eo
1159 1629 1291 1694 unquam
1308 1627 1344 1670 er·

328 1735 401 1777 rore
418 1712 556 1778 versatur
575 1712 631 1784 ett,
665 1727 703 1773 ut
717 1733 756 1775 ex
777 1713 893 1796 palude
910 1713 1072 1776 succinum
1091 1715 1210 1777 lectum
1225 1711 1280 1775 else
1295 1729 1342 1792 pu·

328 1818 453 1886 laverit.
478 1817 527 1876 uti
544 1827 653 1876 contra
666 1811 810 1878 Vollium
824 1829 908 1880 recte
925 1829 1036 1879 monet
1052 1816 1195 1896 Bayerur
1208 1817 1241 1876 iu
1255 1809 1341 1895 opusc.

327 1939 360 2001 p.
382 1927 468 1997 420.
493 1916 544 1978 ed.
568 1917 675 1978 Klotz.
710 1917 820 1978 minue
843 1931 950 1980 tamen
980 1930 1066 1980 recte
1100 1935 1213 1980 omnee
1236 1936 1254 1978 e
1276 1911 1341 1975 mari

327 2023 466 2082 eiectum
489 2015 645 2078 tradidisse
667 2017 771 2087 addit,
802 2019 850 2078 uti
874 2017 1001 2080 discitur
1024 2039 1064 2082 ex
1088 2017 1198 2080 Plinio
1221 2031 1272 2096 37.
1297 2032 1339 2074 tt.

326 2118 349 2182 s.
370 2133 403 2198 3.
437 2129 470 2180 et
494 2112 782 2182 GaffiodoroVarr.
804 2119 890 2182 lectt.
911 2132 943 2198 5.
968 2135 1001 2182 u.
1053 2119 1097 2181 dt
1118 2120 1203 2182 nihil
1223 2117 1291 2180 certi
1308 2113 1339 2176 de

326 2221 378 2283 hia
396 2219 565 2302 paludibus
588 2218 721 2292 oonllat.
746 2239 806 2282 nec
820 2221 900 2282 tanti
920 2218 1094 2293 illaesum,
1122 2234 1161 2283 ut
1175 2220 1339 2302 inquiratur,

325 2321 411 2404 quod
428 2335 534 2382 tamen
552 2317 654 2402 ipsum
671 2321 821 2384 cohibere
840 2324 874 2384 in
889 2318 995 2384 vossio
1011 2321 1150 2384 debebat
1169 2316 1340 2383 immuundi

324 2423 465 2485 nominib
475 2421 655 2494 libidinem,
670 2424 771 2507 magia
787 2443 874 2485 nunc
886 2423 1025 2506 plurium
1040 2425 1192 2485 codicum
1208 2419 1339 2502 exemplit

325 2523 509 2607 expofitam.
562 2523 668 2608 Quare
681 2525 813 2586 reddere
829 2523 920 2586 suutu
935 2523 1100 2588 codicibue
1118 2545 1187 2586 non
1208 2521 1339 2584 dubitari.

324 2623 401 2691 Posi
421 2625 566 2696 maxime,
588 2626 636 2686 uti
657 2621 758 2687 solent
771 2639 894 2688 veterer
909 2625 982 2686 libri
1003 2643 1061 2707 pro
1080 2627 1247 2696 maximae,
1270 2618 1339 2705 quod

324 2727 496 2789 ostendunt
522 2725 688 2810 pleraeque
713 2727 870 2790 editiouee
893 2727 984 2811 Prag.
1012 2725 1109 2790 Paris.
1133 2743 1168 2791 Ω.
1196 2727 1298 2788 Vener.
1315 2733 1340 2782 rt

323 2849 364 2891 ex
379 2829 452 2892 edd.
473 2841 529 2908 15.
550 2847 564 2890 ι
572 2841 605 2906 5.
627 2847 681 2907 ²7·
705 2845 760 2907 ¹9·
778 2845 837 2892 ao.
856 2843 914 2908 23.
933 2828 1055 2889 malunt
1072 2830 1226 2899 maximo,
1242 2839 1340 2904 nempe

322 2946 361 2992 ut
379 2931 417 2990 ad
441 2927 623 3010 sequentem
645 2929 765 3002 silvam,
793 2931 1002 3009 Hercyniam,
1028 2926 1193 3001 reseratur,
1218 2927 1296 3012 quod
1314 2933 1340 2984 et

322 3030 507 3114 interposita
538 3029 739 3093 distinctione
767 3031 919 3096 indicant.
979 3027 1222 3095 Praesereudam
1251 3043 1340 3091 tamen

321 3145 403 3216 puto
426 3132 554 3194 alteram
575 3133 745 3197 rationem.

397 3333 439 3398 H
442 3337 583 3418 ereyni
591 3357 612 3398 α
618 3335 638 3419 )
689 3335 797 3400 Cibin.
814 3337 977 3421 hircynt‘o3
998 3336 1174 3423 Rehdiger.
1196 3331 1340 3418 irretitur

321 3435 463 3500 Vindob.
491 3435 575 3519 Lips.
599 3439 753 3513 lurcium
785 3439 870 3502 Gud.
896 3439 1053 3513 stercirtio;
1089 3439 1182 3524 Prag.
1202 3435 1340 3500 mrtnnat

321 3537 418 3602 Paris.
437 3555 468 3604 2.
488 3539 640 3602 hircanio.
682 3540 767 3617 Edd.
791 3561 822 3604 ι.
840 3559 871 3603 a.
889 3559 923 3622 9.
946 3541 1101 3614 hertinia3
1132 3555 1188 3619 13.
1206 3534 1338 3600 hercinia.

322 3653 443 3702 ceterae
468 3639 641 3721 Hercynio.
682 3659 886 3706 rzacnrcrra.
947 3643 1060 3706 Strabo
1091 3642 1259 3724 Ercyniam
1283 3633 1338 3694 stne

321 3739 531 3822 adspiratione
553 3739 667 3805 scribit.
704 3743 921 3909 Ριοζιιοιιι.
948 3737 1004 3830 [a.
1025 3763 1081 3808 ιι.
1099 3732 1262 3830 Ὁρκῦιιος
1281 3731 1341 3822 δρυ-

320 3836 400 3932 μὸς]
428 3841 647 3906 Eratosthenes
670 3839 768 3932 [telle
811 3843 910 3907 aesare
926 3845 966 3907 de
981 3845 1019 3907 B.
1040 3845 1080 3907 G.
1097 3846 1131 3915 6.
1149 3835 1226 3928 ιαμ]
1244 3852 1275 3902 et
1293 3835 1339 3897 alii

322 3943 434 4006 Graeci
452 3957 595 4006 auctores
610 3943 797 4027 Orcyniam.
824 3961 950 4008 auctore
966 3943 1093 4010 Caesare
1107 3948 1140 4007 in
1157 3943 1240 4006 sexto
1254 3938 1338 4004 com·

322 4047 566 4107 menteriorum.
601 4041 647 4133 [c.
672 4043 752 4135 αφ]
789 4065 989 4111 ιιιιίιιιιιι.
1046 4048 1158 4110 Strabo
1181 4045 1234 4106 lib.
1258 4055 1288 4118 7.
1309 4057 1335 4120 p.

321 4166 365 4207 ru.
385 4163 468 4210 202.
485 4143 505 4208 s.
524 4142 608 4227 ιρι.
625 4145 648 4212 s.
678 4150 711 4208 in
733 4149 857 4212 Graecia
882 4163 915 4211 et
939 4151 1060 4212 Latinis
1085 4148 1230 4216 Guarioi,
1257 4143 1337 4205 cuiue
