2848 4942
426 432 521 488 ΗΒ.
551 431 589 486 tt.
631 432 712 488 nt.
753 430 829 502 Η.
1108 443 1151 513 45

93 599 146 661 nbi
167 599 219 678 sir,
251 602 339 666 aiter
360 605 516 688 populu·
537 605 632 670 debet
651 605 743 670 statui
763 607 947 672 interimet
967 605 1150 671 mediterra-

93 723 170 763 neus
185 701 256 774 esse,
283 706 383 778 aiter,
413 711 475 790 qui
493 709 569 770 inde
591 711 718 792 excipit,
744 709 885 772 litoralia.
934 709 972 770 sti
993 709 1055 772 boc
1076 709 1148 772 soco

92 802 224 886 supponi
245 810 382 888 nequit,
410 831 520 890 quum
540 823 605 870 tam
626 811 806 894 callipidas,
829 829 925 892 quam
942 811 1072 874 triane
1093 829 1151 894 po·

92 919 204 965 uantur
226 907 262 968 in
287 927 349 970 ora
372 909 479 972 Ponti
502 911 624 972 Euxini
645 913 727 974 iuter
748 911 968 992 Borysthenen
985 925 1018 973 et
1039 913 1148 993 Tyren

94 1026 212 1068 amuee.
255 1029 281 1070 t.
310 1029 540 1074 ottonovrvt.
589 1013 689 1076 Recta
712 1011 853 1075 ethaeo
877 1013 990 1082 sectio.
1017 1005 1147 1102 [ittera]

95 1127 187 1188 quam
213 1124 248 1170 et
276 1113 488 1174 Vaticanum
513 1127 547 1174 et
579 1116 708 1176 meliora
734 1115 922 1176 confirmant
947 1115 1147 1196 exemplaria.

93 1211 270 1291 Vtrumque
286 1215 387 1274 enim
406 1215 500 1276 huuc
513 1215 673 1297 populum
687 1217 830 1276 medium
852 1213 930 1278 secat
949 1214 1002 1278 isse
1018 1215 1148 1280 fluvius.

92 1313 141 1370 De
162 1314 290 1376 Artiacie
312 1317 480 1396 quidem,
513 1317 570 1397 qui
588 1318 751 1399 propiaret
777 1314 849 1378 sunt
872 1317 969 1386 mari.
1000 1333 1049 1378 ree
1068 1319 1149 1379 clare

93 1411 154 1480 esi,
178 1432 257 1473 cum
278 1414 464 1478 absurdum
486 1417 524 1477 fit
544 1417 734 1488 existimare,
760 1431 890 1504 gentem
908 1417 1011 1480 fluvio
1031 1435 1150 1502 cogno·

91 1517 233 1585 minem,
259 1517 396 1578 alteram
419 1533 549 1580 tautum
569 1519 700 1580 tenuisse
719 1520 831 1602 ripam.
883 1517 1056 1602 callipidat
1072 1535 1150 1582 vero
1264 1531 1270 1542 ·

92 1627 228 1698 gentem
250 1621 549 1692 mediterraneam,
579 1633 611 1681 et
625 1621 697 1683 ilsot
716 1639 840 1704 quoque
858 1633 1025 1702 utramque
1045 1621 1150 1702 ripam

91 1715 255 1788 insedisse,
290 1721 419 1782 consiat
442 1741 482 1782 ex
506 1721 657 1783 omnibue
681 1735 713 1782 et
736 1741 774 1783 ett
795 1719 878 1804 ipso.
910 1741 1008 1802 quem
1038 1717 1166 1812 prtum·

93 1814 252 1898 sequitur,
281 1821 484 1895 Herodoto,
510 1824 566 1904 qui
585 1841 640 1884 eot
662 1821 749 1904 supra
770 1823 898 1885 Olbiam
917 1823 1049 1906 longer
1069 1823 1150 1883 mari

93 1935 236 1981 remotos
251 1921 446 1984 describit.‘
481 1925 568 1986 Cum
585 1943 663 1986 vero
680 1925 851 2006 callipidae
868 1925 1029 1986 tenuerint
1044 1935 1150 1986 totum

96 2019 367 2096 idumoeorum,
404 2025 521 2105 quiesi
540 2027 654 2104 aTyra
671 2025 828 2086 fluvioad
847 2025 1019 2106 Hypanim.
1050 2025 1151 2086 mani·

100 2118 209 2182 festum
235 2125 303 2195 ess,
351 2127 497 2188 Axiaceu
527 2127 664 2187 fluvium
691 2127 811 2188 mediat
833 2125 1026 2207 callipidum
1055 2139 1150 2188 terrae

99 2219 236 2294 semisse.
271 2241 312 2288 et
339 2225 468 2287 Melam
489 2225 705 2312 ambiguitatis
720 2227 869 2288 vitandae
889 2227 988 2312 gratia
1010 2225 1151 2290 maluisse

96 2321 226 2387 scribere
241 2329 356 2399 intra,
379 2347 478 2408 quam
498 2331 590 2390 t'rtter.
625 2347 757 2390 vosttve
778 2329 812 2390 t‘rt
832 2325 1062 2408 appendicead
1077 2327 1109 2390 st.
1126 2325 1149 2392 s.

91 2425 204 2496 Miror.
229 2429 528 2510 quemadmodum
552 2429 629 2492 haec
650 2443 773 2492 coeant.
824 2427 950 2492 Olbiam
969 2427 1151 2492 ttnototu·

91 2547 157 2588 nort
168 2533 349 2600 nominat,
375 2527 427 2591 sed
447 2531 666 2612 Olbiopolitae.
696 2531 858 2594 Praeterea
877 2529 996 2590 scribit:
1013 2529 1062 2610 [4.
1079 2531 1150 2612 t7.]

92 2625 158 2694 tire*
187 2629 255 2695 τοῦ
294 2629 582 2717 Βορυσθενεϊτέων
612 2626 766 2720 ἐμπορίου
795 2631 918 2718 πρῶτοι
948 2627 1152 2694 Καλλιππίδαι

90 2729 260 2816 νέμονται.
323 2733 376 2792 Ea
407 2731 450 2792 ess
477 2729 643 2814 descriptio
669 2733 780 2794 Olbiae
807 2733 861 2794 ves
891 2730 1150 2811 Borysthenidoe.

91 2833 200 2916 Quam
218 2833 351 2916 procul
366 2831 479 2914 quaeso
496 2835 547 2894 ves
563 2835 595 2893 id
610 2813 883 2916 ipsum'oppidum
904 2831 1009 2914 (quod
1031 2845 1152 2894 utrum·

90 2955 152 3014 que
179 2935 276 2996 Mela
304 2935 405 3018 ponit
425 2935 463 2994 ad
485 2933 637 3017 egressum
660 2935 864 3014 Borysthenio
885 2936 919 2994 in
941 2915 1153 3010 Pontumsa

88 3035 198 3096 mari?
234 3051 303 3096 aut
324 3053 425 3117 quam
447 3035 555 3115 procus
576 3035 629 3097 iste
645 3036 796 3118 populun,
828 3037 883 3118 qui
905 3037 1027 3117 primur
1049 3033 1088 3095 ab
1110 3051 1151 3096 eo

93 3136 268 3217 sequitur?
309 3137 367 3196 Tu
384 3137 496 3204 iudica,
522 3137 644 3199 Lector.
680 3137 742 3198 Sed
760 3137 905 3198 etiamid
924 3137 1036 3206 iudica.
1062 3135 1151 3218 quod

93 3239 186 3298 addit
219 3231 378 3307 vassius,
411 3235 578 3298 absurdum
607 3235 667 3300 esse
694 3237 868 3298 existimare
896 3253 1025 3322 gentem
1049 3237 1151 3298 durio

94 3343 350 3422 cognominem
379 3339 507 3399 alteram
536 3351 658 3401 tanturn
690 3337 821 3400 tenuisse
843 3341 956 3422 ripam.
1010 3337 1051 3398 At
1073 3337 1152 3418 quid

94 3443 162 3501 iilic
187 3443 226 3502 iu
255 3441 317 3502 lib.
336 3453 373 3517 4.
394 3459 421 3499 c.
445 3451 498 3516 ²8·
524 3437 626 3501 scribit
652 3439 859 3502 Herodotue‘s
906 3433 1070 3504 ΔιαΒάντι
1093 3434 1152 3500 τόν

95 3539 321 3628 Βορυσθένεα
354 3535 422 3602 ἁπό
448 3535 619 3627 θαλάσσης
640 3541 769 3626 πρῶτον
792 3538 849 3626 μὲν
873 3535 1049 3626 ἤὛλαιή·
1084 3533 1154 3602 citro*

97 3640 132 3704 δὲ
162 3635 307 3727 ταύτης
337 3633 507 3728 ἅνθρωποι
540 3641 676 3707 οἰκέουσι
709 3632 844 3704 Σκύθαι
876 3629 1033 3726 γεωργοὶ,
1074 3633 1153 3712 τοὺς

89 3736 269 3830 Ἕλληνες
296 3743 326 3806 ni
352 3741 506 3816 οἰκέοντες
535 3737 583 3806 ἐπὶ
607 3743 657 3826 τῷ
684 3737 803 3806 ‘Trtt'tt
829 3741 973 3830 ποταμῷ
1000 3737 1153 3804 καλέουσι

96 3845 384 3932 Βορυσθενεΐτας.
437 3845 542 3905 Nimis
558 3845 634 3906 clara
656 3843 737 3918 suut,
762 3865 856 3928 quam
872 3858 908 3904 ut
928 3844 980 3906 vol
1004 3845 1154 3923 interpre-

99 3959 239 4016 temur,
275 3946 330 4004 res
354 3945 442 4024 plura
464 3945 614 4006 dicamur.
674 3945 796 4006 Possem
823 3947 911 4008 enim
942 3947 1038 4006 citare
1063 3945 1154 4004 alios.

101 4049 168 4108 Sed
194 4061 230 4106 et
259 4043 327 4128 ipse
351 4045 418 4105 vidi
446 4045 478 4104 in
502 4045 570 4107 MS.
593 4046 703 4106 codice
733 4047 829 4114 inter.
869 4043 1016 4126 utsupra
1038 4045 1153 4104 dicitur

106 4149 254 4211 Gerrhos
296 4149 381 4209 inter
415 4141 580 4238 Basilides
612 4159 645 4208 et
683 4145 854 4208 Norrradur
892 4145 1004 4208 evolus.
1068 4141 1154 4206 susm
