2752 4944
298 431 387 489 tto.
417 431 456 486 11.
499 431 604 488 om.
645 431 724 508 e9.
968 443 1026 512 eet

66 599 153 686 tetttg.
165 593 350 694 pmrypsom3
375 603 515 666 Vindob.
531 595 724 696 paropsrrme
749 605 835 671 ouo.
851 607 932 688 parri
959 631 1028 682 nme

65 701 120 764 Perii.
135 718 159 782 5.
182 708 299 786 opinor.
328 697 509 794 Pamiffirm.
562 707 645 770 Edd.
675 727 703 770 t.
728 723 760 772 2.
785 727 820 788 9.
841 701 1028 803 pampfitmt

64 813 119 880 74.
134 818 159 880 5.
180 807 208 867 6.
227 823 258 880 7.
283 818 316 884 8.
338 825 392 868 to.
421 827 474 868 tt.
503 823 557 870 η.
578 821 635 886 13.
659 817 711 886 ¹4·
734 821 790 886 15.
810 823 866 884 17.
895 827 949 890 19.
969 829 1026 878 20.

66 917 97 978 23·
116 907 221 986 reliquae
245 899 417 996 Pamiffirm
440 925 610 988 praeeunte
633 909 784 972 Vediano.
822 929 1026 980 ozecorctro.

64 1003 129 1066 sente
144 1001 291 1097 Pamisus,
317 1027 382 1068 non
400 999 559 1098 Pamisum
583 1003 662 1095 [pro
682 1002 875 1100 Pamiffitm]
900 1025 932 1074 et
952 1033 1027 1078 oum

63 1119 100 1163 tto
113 1097 136 1194 s
151 1121 261 1169 notum
289 1129 328 1170 ex
356 1109 527 1178 Strabone.
558 1103 614 1196 [8.
636 1129 669 1191 p.
693 1131 737 1174 ro.
764 1123 845 1192 249.
872 1111 892 1176 i.
919 1109 1025 1204 562.]

63 1201 168 1278 Petronio.
195 1205 254 1296 [4,
287 1221 344 1290 54.
365 1211 411 1272 irt.
441 1223 473 1271 et
496 1203 590 1296 dibi]
629 1209 755 1282 Plinio,
787 1207 842 1300 [4,
865 1229 898 1294 7.
923 1213 944 1277 i.
968 1209 1025 1304 5.]

62 1301 200 1380 Ptolemaeo,
226 1306 383 1397 [3‚16.]
415 1313 498 1392 opud
514 1329 609 1391 quem
631 1324 737 1374 tomen
759 1311 911 1375 mendose
934 1315 1026 1376 Porri·

58 1395 90 1490 itt
103 1429 141 1486 pto
158 1403 294 1503 Pamisus
318 1407 385 1498 [nti
408 1411 477 1470 vult
498 1405 645 1497 Bertine]
672 1427 705 1474 et
724 1413 835 1476 Latine
857 1427 889 1475 et
908 1415 1026 1478 Graece

61 1501 154 1586 [ot'ptunt
175 1513 224 1574 est.
267 1531 466 1573 nomenve.
530 1513 630 1574 Recte
662 1513 701 1573 de
730 1517 954 1578 terminatione
986 1535 1026 1580 ex

60 1605 98 1665 di'o
114 1615 226 1676 monuit.
285 1613 349 1674 Sed
371 1633 444 1673 cnm
466 1614 499 1672 in
523 1613 711 1674 inconstanti
732 1618 902 1676 nominum
924 1614 1027 1679 forme

61 1705 113 1768 tlon
134 1717 233 1786 etiem,
275 1733 372 1795 qnam
412 1713 537 1776 codices
570 1727 716 1784 tuentur,
754 1715 846 1776 etium
881 1715 1026 1780 obtinere

60 1813 160 1883 potnerit,
188 1829 275 1884 tum,
311 1813 395 1896 qood
434 1813 554 1876 flumen
593 1815 755 1886 rdiicitur.
797 1817 908 1878 eadem
940 1817 1028 1882 cottio

60 1909 120 1971 rdere
134 1917 234 1994 potest.
262 1935 324 1997 qua
341 1916 500 1986 rttmrmu.
524 1915 725 1986 Metaurum,
752 1915 873 1976 laeriom
894 1919 1028 1998 proban·

59 2017 92 2068 nr.
121 2015 175 2078 tio.
194 2020 230 2078 ad
260 2034 293 2086 2.
318 2029 351 2094 5.
375 2027 409 2092 5.
460 2017 497 2076 in
524 2035 564 2078 eo
587 2029 693 2076 tamen
715 2031 857 2080 auctores
883 2019 961 2081 alioe
985 2017 1027 2082 ie·

59 2115 150 2184 qoeodoe
170 2119 298 2198 putavi.
332 2119 386 2198 qui
412 2116 544 2198 fimplici
564 2107 596 2207 s
618 2115 794 2198 proferunt.
847 2119 919 2182 vid.
945 2139 1026 2203 quoe

57 2215 124 2272 novt
138 2219 169 2276 ad
183 2219 372 2281 Strabonem
392 2217 447 2280 lib.
464 2231 497 2296 8.
520 2237 586 2300 cop.
607 2233 639 2296 3.
669 2237 698 2282 ι.

102 2411 348 2512 Cyparissio)
381 2417 465 2502 [ips.
491 2419 574 2482 Guel.
591 2419 684 2504 Prag.
701 2417 841 2482 vindob.
863 2411 1029 2508 ripae-effu

58 2507 125 2577 tem
147 2514 299 2610 cypariffo
326 2540 399 2581 cum
429 2519 502 2582 edd.
531 2521 720 2602 quibuedam
749 2519 893 2592 retudit,
928 2521 1030 2581 veluti

58 2627 76 2683 i·
95 2637 130 2678 ¹1.
150 2621 316 2706 dehdiger.
340 2615 523 2710 cypnryffio.
556 2623 618 2684 Sed
637 2619 726 2702 snpra
743 2621 782 2682 de
804 2621 863 2684 hie.
902 2621 975 2682 Post
993 2621 1029 2682 in

55 2708 173 2802 irhdiger.
199 2723 297 2786 verba
318 2721 457 2804 Alpheus
479 2755 529 2772 -
554 2713 741 2812 cyparrffae
762 2719 884 2784 desunt.
936 2721 1029 2806 Prag.

54 2807 131 2899 ditor.

98 3021 172 3082 orie
194 3016 358 3117 —sita
379 3059 430 3074 -
452 3015 601 3116 Asine)
643 3025 694 3088 Sic
714 3025 825 3108 legunt
841 3023 950 3087 dissei
964 3021 1029 3086 iere

53 3131 123 3182 ⁰ttnee
143 3127 174 3186 d.
195 3127 372 3196 Gronovii‚
399 3139 538 3197 tentum,
565 3127 618 3206 qui
641 3125 828 3206 ipsensium,
858 3117 1030 3212 Cypariffie.

53 3211 263 3288 Demeiehaee:
298 3225 434 3286 urbs-
443 3225 515 3316 seca
538 3227 690 3288 exhibent
714 3245 838 3288 omnen.
891 3225 1030 3286 Vodiano

52 3315 100 3379 s'ote
117 3327 261 3388 editiones
289 3327 426 3409 reliquae
451 3329 605 3388 dederunt
629 3324 783 3386 urbes-
827 3339 907 3394 reae,
944 3325 1031 3406 qnod

52 3415 72 3470 ’ἃ
89 3427 211 3487 codicum
244 3427 426 3510 praescripto
460 3431 623 3488 revocarit
652 3429 860 3496 deinoldiue‚
897 3439 929 3486 et
957 3426 1029 3486 edd.

52 3531 129 3584 otene
144 3529 213 3590 inde
231 3549 247 3588 a
264 3539 324 3608 44.
346 3531 529 3610 probarunt.
580 3529 664 3591 Cum
681 3543 811 3608 utroque
826 3527 905 3587 ratio
922 3527 1032 3595 valeat.

53 3631 89 3678 ton
102 3639 171 3697 ent,
196 3648 252 3689 eur
272 3629 465 3690 eondicibue
481 3631 701 3691 discederetur.
754 3631 807 3693 Sic
823 3625 902 3688 inire
923 3627 952 3705 §.
976 3645 1031 3688 to.

53 3729 160 3786 “motor
180 3731 347 3811 aliquanto
369 3733 491 3790 rtonrt'rre
511 3729 654 3810 Calydon
675 3741 705 3788 et
721 3731 859 3790 Evertos.
903 3727 973 3788 Vid.
992 3727 1032 3786 ad

54 3827 108 3894 Μ.
129 3839 156 3902 5.
187 3831 244 3890 ubi
266 3848 323 3911 pro
336 3825 459 3916 stramen
475 3831 641 3892 Pintianue
657 3829 791 3890 molebat
803 3824 956 3916 stramina.
993 3827 1032 3887 ln

53 3921 226 3992 iitstetioribue
246 3930 353 3992 verbio
373 3933 531 3992 variantur
553 3931 690 3992 maxime
709 3931 781 3990 hnic
803 3945 835 3990 et
857 3929 918 3998 ilii,
953 3947 1032 4008 quoe

54 4011 113 4087 idio.
129 4041 156 4105 3.
175 4031 269 4112 plane
286 4033 417 4104 omittit,
437 4035 490 4094 alii
509 4032 548 4093 fic
563 4029 725 4094 adferunt:
761 4031 867 4094 Cibin.
888 4029 984 4089 Vatic.
1002 4047 1031 4086 ι.

52 4113 103 4200 Upi
120 4129 260 4194 Checon.
274 4131 346 4193 hnic
361 4161 410 4176 -
425 4135 505 4206 r'tttcr
532 4134 622 4217 Prog.
643 4134 760 4194 die-
778 4131 858 4204 tuin
888 4129 985 4190 Votio.
1001 4145 1029 4190 1.

76 4237 149 4317 n...
170 4247 262 4302 met.
293 4247 330 4303 t.
348 4249 386 4304 tt.
674 4231 705 4314 Q
