2792 4940
216 517 224 524 ι
329 443 388 510 roa
624 436 868 494 rouroun
910 437 1072 493 natta
1125 401 1133 418 ‘

325 609 434 696 pium,
459 621 514 672 eut
534 621 619 672 cette
632 599 783 700 spatioso
802 607 926 690 pelago.
976 603 1079 674 Possit
1100 609 1164 672 huc
1183 605 1301 694 referre
1326 627 1383 668 ex*

325 713 382 774 lib.
404 726 436 791 3,
461 725 494 788 5.
513 712 558 773 in.
585 710 698 772 hiemes
724 711 794 790 (uti
814 711 955 792 plerique
976 711 1041 795 legi
1064 711 1200 788 volunt)
1222 723 1254 772 et
1274 711 1371 789 rigor

326 816 348 876 i.
371 831 401 875 e.
427 814 541 874 hiemes
564 810 693 892 rigidae.
744 809 886 876 Pintiani
909 825 1013 874 tamen
1035 812 1295 874 emendationem
1318 831 1369 872 re·

327 914 411 998 cepit
429 915 592 978 schottus.
643 911 708 976 Pro
730 904 827 1004 ansus
849 913 941 998 Preg.
962 909 1101 1004 aefibns.

401 1113 571 1196 rnirnm)
620 1115 715 1178 Deest
746 1117 780 1177 in
811 1114 896 1178 Gud.
938 1135 1143 1178 rzscuvcrrn.
1200 1115 1253 1176 Est
1278 1115 1369 1175 iudi-

325 1211 445 1281 briosae
462 1220 571 1300 copiae
592 1207 795 1300 parenthesis,
817 1237 878 1280 nec
894 1217 994 1298 potest
1007 1217 1045 1279 eb
1061 1217 1244 1279 dexteritate
1262 1217 1368 1279 Pom·

325 1322 418 1404 ponii
440 1319 568 1382 veniffe.
622 1319 706 1378 Mihi
729 1331 811 1380 certe
834 1320 867 1378 iu
886 1319 955 1382 MS.
983 1311 1113 1403 [Gon]
1138 1337 1204 1380 non
1225 1318 1370 1378 occurrit

325 1424 427 1506 prima
443 1441 518 1483 vox.
551 1421 626 1502 Quo
642 1421 761 1481 indicio
777 1421 883 1502 prodit
898 1419 1093 1481 hauddubie
1108 1439 1181 1480 vera
1196 1418 1366 1500 scripture:

326 1515 421 1614 cosm
440 1519 590 1604 pontibus
611 1523 752 1601 integere,
785 1534 880 1603 atque
901 1523 1030 1602 (ingens
1042 1512 1201 1610 facietne)
1221 1541 1260 1580 ex
1283 1517 1368 1607 Asta

326 1625 359 1686 t'n
386 1623 548 1685 Graeet'om
570 1619 665 1700 pedes
693 1635 724 1682 et
747 1643 810 1682 non
839 1625 997 1702 rravigata
1026 1623 1128 1682 maria
1152 1611 1369 1708 trarngreffirs

326 1722 381 1818 est.
425 1743 449 1784 1.
481 1741 688 1785 cnouovrvt.
743 1721 873 1791 Brevia,
906 1721 1064 1803 perspicua
1084 1738 1118 1784 et
1140 1725 1296 1784 concinna
1322 1721 1367 1780 est

325 1825 403 1888 haec
424 1822 629 1906 parenthesis,
671 1835 704 1884 et
726 1843 805 1903 quae
830 1825 964 1884 totidem
979 1824 1093 1884 ,verbis
1113 1826 1196 1905 apud
1219 1825 1365 1904 optimos

326 1928 424 1988 etiarn
445 1926 579 2012 uccnrrit
604 1923 780 2007 scriptores.
826 1925 1008 1985 Gronovius
1033 1939 1139 1985 tamen
1165 1939 1259 1984 vocat
1281 1923 1366 1982 irreli-

328 2017 449 2116 orosae
469 2027 578 2103 copiae
597 2023 807 2116 parenetestn.
861 2026 943 2108 Quia
966 2045 1043 2087 vero
1065 2027 1099 2086 in
1120 2025 1236 2086 vitioso
1253 2027 1362 2104 aliquo

324 2127 406 2187 libro
430 2125 512 2187 abest
527 2145 592 2186 vox
612 2127 728 2208 prima,
753 2128 827 2187 ideo
848 2125 1003 2187 rescribit:
1037 2140 1132 2207 atque
1153 2128 1288 2206 (ingens
1301 2117 1365 2214 sa·

325 2227 436 2305 cirros)
461 2247 500 2287 eac
518 2223 594 2317 Afin
613 2242 672 2288 etc.
708 2227 801 2288 Nihil
817 2247 932 2308 nempe
948 2241 1039 2297 ornat,
1060 2227 1118 2288 nist
1134 2229 1221 2308 qnod
1240 2227 1364 2287 dorum

325 2327 491 2388 distortum
508 2341 540 2388 et
560 2328 738 2388 cacozelum
752 2329 798 2390 iit.
834 2348 966 2390 vosstvs
987 2332 1018 2390 in
1036 2329 1207 2408 appendice
1223 2328 1269 2388 ad
1288 2329 1321 2390 h.
1340 2327 1362 2385 l.

325 2427 415 2491 Falso
433 2426 585 2488 vitiosum
603 2428 719 2489 librum
742 2430 834 2488 ilium
854 2443 957 2492 vocat.
1007 2429 1098 2490 Nihil
1120 2429 1267 2499 restabat,
1303 2429 1363 2488 nisi

322 2543 361 2591 ut
384 2529 531 2610 clypeum
553 2529 667 2590 Antaei
692 2547 819 2623 quoque
842 2531 960 2591 diceret
982 2530 1019 2590 ab
1045 2529 1128 2590 Mela
1152 2531 1273 2590 dictum
1300 2529 1362 2590 esse

325 2631 437 2693 tnt'rum
462 2641 559 2713 atque
582 2632 750 2712 ingentem.
801 2649 825 2693 1.
857 2649 1051 2692 cuonovtve
1083 2632 1116 2690 r'n
1147 2645 1225 2692 noto
1256 2629 1361 2722 pesse-

323 2733 403 2795 riore
426 2731 470 2792 ad
491 2733 524 2793 h.
547 2731 568 2793 l.
630 2735 666 2793 iu
691 2732 839 2795 Gudiano
863 2732 932 2794 MS.
955 2732 1018 2790 sine
1041 2731 1140 2796 dubio
1166 2734 1267 2813 priora
1294 2751 1361 2790 vox

323 2834 452 2904 excidit,
477 2853 570 2914 quant
585 2831 760 2918 agnoscunt
779 2833 873 2893 ceteri
897 2851 1019 2894 onrnee.
1069 2834 1109 2892 Et
1128 2835 1197 2912 quia
1214 2835 1250 2893 ad
1269 2853 1360 2893 rnen·

296 2997 299 3002 A
322 2933 411 2996 surae
432 2934 609 2994 arbitrariae
625 2936 759 2994 niodum
779 2947 945 2994 auctorum
962 2933 1029 2994 ioca
1046 2935 1184 3016 redigat,
1211 2937 1271 2994 nisi
1293 2953 1361 3018 gra·

322 3036 411 3097 viora
433 3035 537 3117 legem
559 3033 669 3097 serant.
719 3034 760 3095 At
782 3047 814 3094 et
835 3034 886 3093 alii
907 3028 1016 3114 passim
1033 3034 1070 3093 ad
1091 3055 1158 3096 reni
1179 3037 1359 3118 augendam

323 3137 376 3196 vel
407 3133 563 3196 essrcaciue
598 3135 813 3196 declarandam
841 3135 993 3194 adiectiva
1023 3135 1131 3194 snnilia
1163 3137 1356 3219 adiungunt,

321 3254 382 3295 nec
403 3233 553 3298 Plautum
582 3236 652 3313 quit
682 3235 901 3315 reprehendit.
934 3235 1012 3295 durn
1037 3233 1154 3298 Pseud.
1182 3256 1213 3316 1,
1235 3247 1270 3314 5,
1296 3253 1355 3324 97.

322 3331 454 3416 scripsit,
485 3335 594 3396 mirum
618 3345 650 3395 et
670 3355 819 3416 magnum
833 3327 981 3426 focinus.

397 3555 476 3596 non
510 3535 717 3614 navigato
754 3535 913 3619 maria)
974 3537 1068 3600 Forte
1094 3559 1157 3600 non
1195 3542 1353 3620 navigato

322 3637 413 3699 mori.
464 3634 576 3698 Cicero
599 3637 638 3696 de
656 3635 785 3698 Finibus
808 3638 864 3700 lib.
883 3654 916 3700 2.
939 3634 987 3725 [c.
1006 3635 1086 3726 μμ]
1115 3639 1164 3702 Vt
1183 3636 1213 3727 fi
1233 3641 1354 3702 Xerxes

322 3757 392 3798 crem
421 3738 524 3800 tantis
552 3731 694 3825 cleffibus
718 3741 879 3821 teretisque
903 3738 1090 3831 eqrostridns
1109 3753 1139 3801 et
1160 3741 1352 3834 pedestribus

322 3838 430 3916 copiis,
457 3829 660 3928 Hellesponto
683 3839 799 3908 t'roeeto,
825 3839 947 3900 Athone
964 3832 1105 3928 persoffo
1128 3843 1230 3902 mario
1246 3843 1353 3904 aerbo·

321 3928 446 4024 saviffet
469 3950 644 4021 terramque
666 3931 886 4027 rrovigooiffet.
938 3941 980 4000 Et
1007 3943 1206 4023 paulopost:
1249 3947 1352 4004 marin

322 4035 455 4120 pedibus
497 4050 734 4117 peragrantem,
774 4035 917 4130 claffihns
962 4055 1089 4105 montes.
1149 4063 1351 4106 cincconrve.

325 4137 455 4201 Credidi
477 4139 645 4221 aliquando
671 4141 786 4203 melius
808 4141 871 4224 legi
893 4141 977 4224 posse
999 4163 1061 4202 non
1084 4147 1239 4225 rrooigoto
1262 4145 1352 4213 orori,
