<?xml version="1.0" encoding="UTF-8"?>
<!DOCTYPE html PUBLIC "-//W3C//DTD XHTML 1.0 Transitional//EN"
    "http://www.w3.org/TR/xhtml1/DTD/xhtml1-transitional.dtd">
<html xmlns="http://www.w3.org/1999/xhtml" xml:lang="en" lang="en">
 <head>
  <title>
</title>
<meta http-equiv="Content-Type" content="text/html;charset=utf-8" />
  <meta name='ocr-system' content='tesseract 3.04.00' />
  <meta name='ocr-capabilities' content='ocr_page ocr_carea ocr_par ocr_line ocrx_word'/>
</head>
<body>
  <div class='ocr_page' id='page_1' title='image "./pomponiimelaede05melagoog_0482.png"; bbox 0 0 2810 4944; ppageno 0'>
   <div class='ocr_carea' id='block_1_1' title="bbox 310 443 1056 522">
    <p class='ocr_par' dir='ltr' id='par_1_1' title="bbox 310 443 1056 522">
     <span class='ocr_line' id='line_1_1' title="bbox 310 443 1056 522; baseline -0.003 -18"><span class='ocrx_word' id='word_1_1' title='bbox 310 443 373 522; x_wconf 71' lang='lat'>47⁶</span> <span class='ocrx_word' id='word_1_2' title='bbox 615 445 859 506; x_wconf 69' lang='lat' dir='ltr'>roorrortrr</span> <span class='ocrx_word' id='word_1_3' title='bbox 894 447 1056 502; x_wconf 75' lang='lat' dir='ltr'>tracto</span> 
     </span>
    </p>
   </div>
   <div class='ocr_carea' id='block_1_2' title="bbox 311 609 1339 703">
    <p class='ocr_par' dir='ltr' id='par_1_2' title="bbox 311 609 1339 703">
     <span class='ocr_line' id='line_1_2' title="bbox 311 609 1339 703; baseline -0.007 -21"><span class='ocrx_word' id='word_1_4' title='bbox 311 617 447 703; x_wconf 86' lang='lat' dir='ltr'>oppoliti</span> <span class='ocrx_word' id='word_1_5' title='bbox 463 617 586 682; x_wconf 73' lang='lat' dir='ltr'>cauno</span> <span class='ocrx_word' id='word_1_6' title='bbox 602 619 661 680; x_wconf 82' lang='lat' dir='ltr'>irrrt</span> <span class='ocrx_word' id='word_1_7' title='bbox 676 619 874 702; x_wconf 70' lang='lat' dir='ltr'>appendices.</span> <span class='ocrx_word' id='word_1_8' title='bbox 902 641 1047 684; x_wconf 80' lang='lat' dir='ltr'>roarrvs.</span> <span class='ocrx_word' id='word_1_9' title='bbox 1099 621 1147 682; x_wconf 84' lang='lat' dir='ltr'>Ex</span> <span class='ocrx_word' id='word_1_10' title='bbox 1170 619 1230 680; x_wconf 84' lang='lat' dir='ltr'>hac</span> <span class='ocrx_word' id='word_1_11' title='bbox 1246 609 1339 677; x_wconf 74' lang='lat' dir='ltr'>Voll&#39;ri</span> 
     </span>
    </p>
   </div>
   <div class='ocr_carea' id='block_1_3' title="bbox 250 721 1340 4132">
    <p class='ocr_par' dir='ltr' id='par_1_3' title="bbox 250 721 1340 3537">
     <span class='ocr_line' id='line_1_3' title="bbox 311 721 1340 804; baseline -0.007 -22"><span class='ocrx_word' id='word_1_12' title='bbox 311 721 525 802; x_wconf 78' lang='lat' dir='ltr'>disputatione</span> <span class='ocrx_word' id='word_1_13' title='bbox 545 721 634 783; x_wconf 80' lang='lat' dir='ltr'>Colis</span> <span class='ocrx_word' id='word_1_14' title='bbox 656 737 688 782; x_wconf 93' lang='lat' dir='ltr'>et</span> <span class='ocrx_word' id='word_1_15' title='bbox 713 724 842 785; x_wconf 75' lang='lat' dir='ltr'><strong>Colchis</strong></span> <span class='ocrx_word' id='word_1_16' title='bbox 871 723 950 784; x_wconf 92' lang='lat' dir='ltr'>banc</span> <span class='ocrx_word' id='word_1_17' title='bbox 975 721 1106 784; x_wconf 84' lang='lat' dir='ltr'>insolam</span> <span class='ocrx_word' id='word_1_18' title='bbox 1132 723 1340 804; x_wconf 85' lang='lat' dir='ltr'>propinquam</span> 
     </span>
     <span class='ocr_line' id='line_1_4' title="bbox 309 819 1339 907; baseline 0.002 -23"><span class='ocrx_word' id='word_1_19' title='bbox 309 821 415 892; x_wconf 80' lang='lat' dir='ltr'>inille.</span> <span class='ocrx_word' id='word_1_20' title='bbox 450 821 619 884; x_wconf 79' lang='lat' dir='ltr'>Berkoline</span> <span class='ocrx_word' id='word_1_21' title='bbox 645 825 761 884; x_wconf 84' lang='lat' dir='ltr'>indicat</span> <span class='ocrx_word' id='word_1_22' title='bbox 785 827 823 884; x_wconf 85' lang='lat' dir='ltr'>od</span> <span class='ocrx_word' id='word_1_23' title='bbox 850 825 1049 907; x_wconf 80' lang='lat' dir='ltr'>Stephanum</span> <span class='ocrx_word' id='word_1_24' title='bbox 1074 845 1102 904; x_wconf 90' lang='lat' dir='ltr'>p.</span> <span class='ocrx_word' id='word_1_25' title='bbox 1126 825 1209 900; x_wconf 77' lang='lat'>163.</span> <span class='ocrx_word' id='word_1_26' title='bbox 1261 819 1339 878; x_wconf 78' lang='lat' dir='ltr'>Mihi</span> 
     </span>
     <span class='ocr_line' id='line_1_5' title="bbox 309 919 1340 1008; baseline -0.005 -24"><span class='ocrx_word' id='word_1_27' title='bbox 309 937 416 984; x_wconf 89' lang='lat' dir='ltr'>tarnen</span> <span class='ocrx_word' id='word_1_28' title='bbox 433 925 531 1008; x_wconf 85' lang='lat' dir='ltr'>magia</span> <span class='ocrx_word' id='word_1_29' title='bbox 548 925 670 986; x_wconf 80' lang='lat' dir='ltr'>adridet</span> <span class='ocrx_word' id='word_1_30' title='bbox 689 925 826 987; x_wconf 78' lang='lat' dir='ltr'>Colchis.</span> <span class='ocrx_word' id='word_1_31' title='bbox 861 925 1008 986; x_wconf 85' lang='lat' dir='ltr'>Primum</span> <span class='ocrx_word' id='word_1_32' title='bbox 1032 924 1159 986; x_wconf 87' lang='lat' dir='ltr'>obicrrra</span> <span class='ocrx_word' id='word_1_33' title='bbox 1183 923 1279 982; x_wconf 82' lang='lat' dir='ltr'>nimie</span> <span class='ocrx_word' id='word_1_34' title='bbox 1300 919 1340 979; x_wconf 84' lang='lat' dir='ltr'>est</span> 
     </span>
     <span class='ocr_line' id='line_1_6' title="bbox 309 1023 1339 1109; baseline -0.007 -22"><span class='ocrx_word' id='word_1_35' title='bbox 309 1037 342 1087; x_wconf 86' lang='lat' dir='ltr'>et</span> <span class='ocrx_word' id='word_1_36' title='bbox 364 1026 481 1086; x_wconf 86' lang='lat' dir='ltr'>inculta</span> <span class='ocrx_word' id='word_1_37' title='bbox 504 1025 612 1086; x_wconf 85' lang='lat' dir='ltr'>Colica</span> <span class='ocrx_word' id='word_1_38' title='bbox 633 1029 737 1109; x_wconf 83' lang='lat' dir='ltr'>regio,</span> <span class='ocrx_word' id='word_1_39' title='bbox 770 1047 865 1106; x_wconf 85' lang='lat' dir='ltr'>qoam</span> <span class='ocrx_word' id='word_1_40' title='bbox 886 1043 921 1088; x_wconf 86' lang='lat' dir='ltr'>ut</span> <span class='ocrx_word' id='word_1_41' title='bbox 943 1029 980 1088; x_wconf 89' lang='lat' dir='ltr'>ab</span> <span class='ocrx_word' id='word_1_42' title='bbox 1001 1047 1036 1088; x_wconf 89' lang='lat' dir='ltr'>ea</span> <span class='ocrx_word' id='word_1_43' title='bbox 1056 1027 1130 1088; x_wconf 84' lang='lat' dir='ltr'>fitua</span> <span class='ocrx_word' id='word_1_44' title='bbox 1151 1023 1267 1086; x_wconf 80' lang='lat' dir='ltr'>infulae</span> <span class='ocrx_word' id='word_1_45' title='bbox 1290 1023 1339 1080; x_wconf 75' lang='lat' dir='ltr'>‹le-</span> 
     </span>
     <span class='ocr_line' id='line_1_7' title="bbox 311 1123 1335 1209; baseline -0.004 -25"><span class='ocrx_word' id='word_1_46' title='bbox 311 1125 461 1209; x_wconf 78' lang='lat' dir='ltr'>signetur.</span> <span class='ocrx_word' id='word_1_47' title='bbox 517 1127 616 1188; x_wconf 88' lang='lat' dir='ltr'>Porro</span> <span class='ocrx_word' id='word_1_48' title='bbox 646 1147 711 1186; x_wconf 90' lang='lat' dir='ltr'>non</span> <span class='ocrx_word' id='word_1_49' title='bbox 742 1143 823 1188; x_wconf 86' lang='lat' dir='ltr'>certa</span> <span class='ocrx_word' id='word_1_50' title='bbox 849 1129 927 1190; x_wconf 88' lang='lat' dir='ltr'>adeo</span> <span class='ocrx_word' id='word_1_51' title='bbox 953 1128 996 1190; x_wconf 86' lang='lat' dir='ltr'>ell</span> <span class='ocrx_word' id='word_1_52' title='bbox 1018 1142 1050 1189; x_wconf 84' lang='lat' dir='ltr'>et</span> <span class='ocrx_word' id='word_1_53' title='bbox 1077 1126 1209 1186; x_wconf 85' lang='lat' dir='ltr'>indubia</span> <span class='ocrx_word' id='word_1_54' title='bbox 1237 1123 1335 1190; x_wconf 85' lang='lat' dir='ltr'>lectio,</span> 
     </span>
     <span class='ocr_line' id='line_1_8' title="bbox 308 1219 1335 1310; baseline -0.004 -24"><span class='ocrx_word' id='word_1_55' title='bbox 308 1225 368 1304; x_wconf 86' lang='lat' dir='ltr'>(cf.</span> <span class='ocrx_word' id='word_1_56' title='bbox 390 1249 416 1295; x_wconf 82' lang='lat' dir='ltr'>r.</span> <span class='ocrx_word' id='word_1_57' title='bbox 440 1230 590 1306; x_wconf 49' lang='lat'>1904.)</span> <span class='ocrx_word' id='word_1_58' title='bbox 619 1229 674 1288; x_wconf 90' lang='lat' dir='ltr'>ubi</span> <span class='ocrx_word' id='word_1_59' title='bbox 700 1231 803 1290; x_wconf 80' lang='lat' dir='ltr'>Colice</span> <span class='ocrx_word' id='word_1_60' title='bbox 824 1231 1067 1291; x_wconf 87' lang='lat' dir='ltr'>commemorari</span> <span class='ocrx_word' id='word_1_61' title='bbox 1094 1241 1184 1310; x_wconf 85' lang='lat' dir='ltr'>potat</span> <span class='ocrx_word' id='word_1_62' title='bbox 1206 1219 1335 1290; x_wconf 67' lang='lat' dir='ltr'>vossius,</span> 
     </span>
     <span class='ocr_line' id='line_1_9' title="bbox 307 1324 1337 1400; baseline -0.003 -14"><span class='ocrx_word' id='word_1_63' title='bbox 307 1340 344 1387; x_wconf 88' lang='lat' dir='ltr'>trt</span> <span class='ocrx_word' id='word_1_64' title='bbox 367 1328 421 1388; x_wconf 95' lang='lat' dir='ltr'>illo</span> <span class='ocrx_word' id='word_1_65' title='bbox 444 1329 514 1390; x_wconf 87' lang='lat' dir='ltr'>loco</span> <span class='ocrx_word' id='word_1_66' title='bbox 533 1330 592 1388; x_wconf 90' lang='lat' dir='ltr'>niti</span> <span class='ocrx_word' id='word_1_67' title='bbox 615 1343 699 1390; x_wconf 89' lang='lat' dir='ltr'>recte</span> <span class='ocrx_word' id='word_1_68' title='bbox 719 1331 825 1400; x_wconf 81' lang='lat' dir='ltr'>liceat,</span> <span class='ocrx_word' id='word_1_69' title='bbox 858 1331 910 1392; x_wconf 86' lang='lat' dir='ltr'>etli</span> <span class='ocrx_word' id='word_1_70' title='bbox 928 1331 1045 1391; x_wconf 82' lang='lat' dir='ltr'>Melam</span> <span class='ocrx_word' id='word_1_71' title='bbox 1063 1333 1097 1390; x_wconf 91' lang='lat' dir='ltr'>in</span> <span class='ocrx_word' id='word_1_72' title='bbox 1120 1326 1259 1391; x_wconf 77' lang='lat' dir='ltr'>obscurio</span> <span class='ocrx_word' id='word_1_73' title='bbox 1281 1324 1337 1383; x_wconf 80' lang='lat' dir='ltr'>illia</span> 
     </span>
     <span class='ocr_line' id='line_1_10' title="bbox 306 1427 1334 1514; baseline -0.008 -24"><span class='ocrx_word' id='word_1_74' title='bbox 306 1429 458 1512; x_wconf 78' lang='lat' dir='ltr'>gentibue</span> <span class='ocrx_word' id='word_1_75' title='bbox 472 1431 567 1491; x_wconf 87' lang='lat' dir='ltr'>etiarn</span> <span class='ocrx_word' id='word_1_76' title='bbox 589 1430 668 1490; x_wconf 90' lang='lat' dir='ltr'>hanc</span> <span class='ocrx_word' id='word_1_77' title='bbox 689 1432 733 1491; x_wconf 92' lang='lat' dir='ltr'>ibi</span> <span class='ocrx_word' id='word_1_78' title='bbox 755 1433 917 1514; x_wconf 83' lang='lat' dir='ltr'>adtingere</span> <span class='ocrx_word' id='word_1_79' title='bbox 934 1435 1105 1492; x_wconf 85' lang='lat' dir='ltr'>commode</span> <span class='ocrx_word' id='word_1_80' title='bbox 1121 1427 1256 1514; x_wconf 84' lang='lat' dir='ltr'>potuille</span> <span class='ocrx_word' id='word_1_81' title='bbox 1273 1443 1334 1484; x_wconf 88' lang='lat' dir='ltr'>non</span> 
     </span>
     <span class='ocr_line' id='line_1_11' title="bbox 305 1529 1332 1614; baseline -0.007 -23"><span class='ocrx_word' id='word_1_82' title='bbox 305 1550 434 1612; x_wconf 83' lang='lat' dir='ltr'>negem.</span> <span class='ocrx_word' id='word_1_83' title='bbox 486 1533 572 1592; x_wconf 88' lang='lat' dir='ltr'>Tnm</span> <span class='ocrx_word' id='word_1_84' title='bbox 591 1531 653 1612; x_wconf 84' lang='lat' dir='ltr'>ipse</span> <span class='ocrx_word' id='word_1_85' title='bbox 671 1531 759 1600; x_wconf 74' lang='lat' dir='ltr'>sitne.</span> <span class='ocrx_word' id='word_1_86' title='bbox 786 1555 880 1614; x_wconf 85' lang='lat' dir='ltr'>quem</span> <span class='ocrx_word' id='word_1_87' title='bbox 897 1535 949 1594; x_wconf 85' lang='lat' dir='ltr'>alii</span> <span class='ocrx_word' id='word_1_88' title='bbox 966 1535 1124 1600; x_wconf 83' lang='lat' dir='ltr'>indicant,</span> <span class='ocrx_word' id='word_1_89' title='bbox 1152 1529 1265 1592; x_wconf 84' lang='lat' dir='ltr'>lortirre</span> <span class='ocrx_word' id='word_1_90' title='bbox 1282 1543 1332 1606; x_wconf 89' lang='lat' dir='ltr'>pro</span> 
     </span>
     <span class='ocr_line' id='line_1_12' title="bbox 307 1629 1333 1718; baseline -0.008 -26"><span class='ocrx_word' id='word_1_91' title='bbox 307 1629 436 1692; x_wconf 82' lang='lat' dir='ltr'>Colclrie</span> <span class='ocrx_word' id='word_1_92' title='bbox 460 1633 606 1716; x_wconf 78' lang='lat' dir='ltr'>pirgoat.&#39;</span> <span class='ocrx_word' id='word_1_93' title='bbox 643 1633 676 1694; x_wconf 91' lang='lat' dir='ltr'>Si</span> <span class='ocrx_word' id='word_1_94' title='bbox 703 1636 788 1693; x_wconf 90' lang='lat' dir='ltr'>enim</span> <span class='ocrx_word' id='word_1_95' title='bbox 814 1635 915 1696; x_wconf 79' lang='lat' dir='ltr'>Melae</span> <span class='ocrx_word' id='word_1_96' title='bbox 948 1638 1086 1718; x_wconf 83' lang='lat' dir='ltr'>priorem</span> <span class='ocrx_word' id='word_1_97' title='bbox 1111 1633 1203 1692; x_wconf 90' lang='lat' dir='ltr'>illum</span> <span class='ocrx_word' id='word_1_98' title='bbox 1233 1629 1333 1688; x_wconf 85' lang='lat' dir='ltr'>locum</span> 
     </span>
     <span class='ocr_line' id='line_1_13' title="bbox 304 1721 1330 1817; baseline -0.007 -25"><span class='ocrx_word' id='word_1_99' title='bbox 304 1733 479 1800; x_wconf 86' lang='lat' dir='ltr'>intuemur,</span> <span class='ocrx_word' id='word_1_100' title='bbox 506 1733 609 1796; x_wconf 86' lang='lat' dir='ltr'>Colici</span> <span class='ocrx_word' id='word_1_101' title='bbox 625 1735 672 1793; x_wconf 90' lang='lat' dir='ltr'>illi</span> <span class='ocrx_word' id='word_1_102' title='bbox 693 1734 799 1796; x_wconf 77' lang='lat' dir='ltr'>versus</span> <span class='ocrx_word' id='word_1_103' title='bbox 821 1721 966 1817; x_wconf 84' lang='lat' dir='ltr'>paludem</span> <span class='ocrx_word' id='word_1_104' title='bbox 987 1735 1145 1796; x_wconf 77' lang='lat' dir='ltr'>Maeotida</span> <span class='ocrx_word' id='word_1_105' title='bbox 1169 1733 1248 1792; x_wconf 90' lang='lat' dir='ltr'>ultra</span> <span class='ocrx_word' id='word_1_106' title='bbox 1265 1727 1330 1789; x_wconf 87' lang='lat' dir='ltr'>Col·</span> 
     </span>
     <span class='ocr_line' id='line_1_14' title="bbox 305 1831 1330 1914; baseline -0.002 -21"><span class='ocrx_word' id='word_1_107' title='bbox 305 1833 435 1893; x_wconf 85' lang='lat' dir='ltr'>chidem</span> <span class='ocrx_word' id='word_1_108' title='bbox 452 1848 627 1914; x_wconf 85' lang='lat' dir='ltr'>ponnnrrrr.</span> <span class='ocrx_word' id='word_1_109' title='bbox 681 1837 747 1896; x_wconf 91' lang='lat' dir='ltr'>lam</span> <span class='ocrx_word' id='word_1_110' title='bbox 765 1857 842 1898; x_wconf 89' lang='lat' dir='ltr'>vero</span> <span class='ocrx_word' id='word_1_111' title='bbox 864 1839 988 1898; x_wconf 82' lang='lat' dir='ltr'>Plinius</span> <span class='ocrx_word' id='word_1_112' title='bbox 1005 1839 1037 1904; x_wconf 85' lang='lat'>6.</span> <span class='ocrx_word' id='word_1_113' title='bbox 1061 1850 1113 1912; x_wconf 83' lang='lat'>13.</span> <span class='ocrx_word' id='word_1_114' title='bbox 1132 1833 1154 1896; x_wconf 88' lang='lat' dir='ltr'>l.</span> <span class='ocrx_word' id='word_1_115' title='bbox 1177 1852 1230 1895; x_wconf 79' lang='lat' dir='ltr'>ro.</span> <span class='ocrx_word' id='word_1_116' title='bbox 1256 1831 1330 1889; x_wconf 82' lang='lat' dir='ltr'>banc</span> 
     </span>
     <span class='ocr_line' id='line_1_15' title="bbox 304 1931 1329 2020; baseline -0.003 -26"><span class='ocrx_word' id='word_1_117' title='bbox 304 1931 447 2000; x_wconf 79' lang='lat' dir='ltr'>insulam.</span> <span class='ocrx_word' id='word_1_118' title='bbox 465 1953 558 2013; x_wconf 89' lang='lat' dir='ltr'>quam</span> <span class='ocrx_word' id='word_1_119' title='bbox 576 1949 608 1994; x_wconf 85' lang='lat' dir='ltr'>et</span> <span class='ocrx_word' id='word_1_120' title='bbox 624 1938 732 1996; x_wconf 86' lang='lat' dir='ltr'>avinnr</span> <span class='ocrx_word' id='word_1_121' title='bbox 748 1959 854 2020; x_wconf 82' lang='lat' dir='ltr'>pogna</span> <span class='ocrx_word' id='word_1_122' title='bbox 870 1938 1108 1998; x_wconf 72' lang='lat' dir='ltr'>memorabilem</span> <span class='ocrx_word' id='word_1_123' title='bbox 1127 1934 1212 2002; x_wconf 81' lang='lat' dir='ltr'>facit,</span> <span class='ocrx_word' id='word_1_124' title='bbox 1230 1943 1329 1992; x_wconf 74' lang='lat' dir='ltr'>contra</span> 
     </span>
     <span class='ocr_line' id='line_1_16' title="bbox 302 2031 1327 2118; baseline -0.004 -20"><span class='ocrx_word' id='word_1_125' title='bbox 302 2031 508 2098; x_wconf 84' lang='lat' dir='ltr'>Pharnaciam</span> <span class='ocrx_word' id='word_1_126' title='bbox 530 2036 692 2106; x_wconf 75' lang='lat' dir='ltr'>conlocat,</span> <span class='ocrx_word' id='word_1_127' title='bbox 723 2059 803 2118; x_wconf 82' lang='lat' dir='ltr'>qnae</span> <span class='ocrx_word' id='word_1_128' title='bbox 826 2039 863 2100; x_wconf 90' lang='lat' dir='ltr'>ab</span> <span class='ocrx_word' id='word_1_129' title='bbox 888 2037 993 2099; x_wconf 90' lang='lat' dir='ltr'>llmilo</span> <span class='ocrx_word' id='word_1_130' title='bbox 1017 2039 1139 2098; x_wconf 82' lang='lat' dir='ltr'>Lxxtt.</span> <span class='ocrx_word' id='word_1_131' title='bbox 1166 2035 1211 2096; x_wconf 84' lang='grc' dir='ltr'>Μ.</span> <span class='ocrx_word' id='word_1_132' title='bbox 1229 2035 1263 2094; x_wconf 91' lang='lat' dir='ltr'>P.</span> <span class='ocrx_word' id='word_1_133' title='bbox 1285 2047 1327 2088; x_wconf 75' lang='lat' dir='ltr'>re·</span> 
     </span>
     <span class='ocr_line' id='line_1_17' title="bbox 300 2133 1326 2220; baseline -0.006 -26"><span class='ocrx_word' id='word_1_134' title='bbox 300 2149 390 2194; x_wconf 90' lang='lat' dir='ltr'>mota</span> <span class='ocrx_word' id='word_1_135' title='bbox 414 2149 496 2204; x_wconf 81' lang='lat' dir='ltr'>crat,</span> <span class='ocrx_word' id='word_1_136' title='bbox 518 2135 580 2214; x_wconf 85' lang='lat' dir='ltr'>(cf.</span> <span class='ocrx_word' id='word_1_137' title='bbox 605 2139 690 2197; x_wconf 90' lang='lat' dir='ltr'>idem</span> <span class='ocrx_word' id='word_1_138' title='bbox 715 2141 749 2206; x_wconf 81' lang='lat' dir='ltr'>(l,</span> <span class='ocrx_word' id='word_1_139' title='bbox 774 2143 829 2220; x_wconf 75' lang='lat'>4.)</span> <span class='ocrx_word' id='word_1_140' title='bbox 863 2143 1001 2220; x_wconf 86' lang='lat' dir='ltr'>itemque</span> <span class='ocrx_word' id='word_1_141' title='bbox 1029 2151 1136 2200; x_wconf 89' lang='lat' dir='ltr'>contra</span> <span class='ocrx_word' id='word_1_142' title='bbox 1167 2133 1326 2200; x_wconf 81' lang='lat' dir='ltr'>Ceralrtnta</span> 
     </span>
     <span class='ocr_line' id='line_1_18' title="bbox 299 2233 1326 2320; baseline -0.004 -24"><span class='ocrx_word' id='word_1_143' title='bbox 299 2236 323 2297; x_wconf 90' lang='lat' dir='ltr'>i.</span> <span class='ocrx_word' id='word_1_144' title='bbox 340 2253 368 2296; x_wconf 83' lang='lat' dir='ltr'>e.</span> <span class='ocrx_word' id='word_1_145' title='bbox 395 2233 599 2298; x_wconf 88' lang='lat' dir='ltr'>Pharnaciam</span> <span class='ocrx_word' id='word_1_146' title='bbox 616 2252 738 2300; x_wconf 87' lang='lat' dir='ltr'>mutato</span> <span class='ocrx_word' id='word_1_147' title='bbox 756 2241 859 2320; x_wconf 88' lang='lat' dir='ltr'>pollea</span> <span class='ocrx_word' id='word_1_148' title='bbox 881 2243 1027 2308; x_wconf 86' lang='lat' dir='ltr'>nomine.</span> <span class='ocrx_word' id='word_1_149' title='bbox 1057 2241 1217 2318; x_wconf 78' lang='lat' dir='ltr'>scymnus</span> <span class='ocrx_word' id='word_1_150' title='bbox 1233 2234 1326 2296; x_wconf 79' lang='lat' dir='ltr'>Chius</span> 
     </span>
     <span class='ocr_line' id='line_1_19' title="bbox 299 2331 1322 2428; baseline -0.001 -31"><span class='ocrx_word' id='word_1_151' title='bbox 299 2355 333 2398; x_wconf 83' lang='lat' dir='ltr'>v.</span> <span class='ocrx_word' id='word_1_152' title='bbox 364 2349 443 2412; x_wconf 78' lang='lat'>175.</span> <span class='ocrx_word' id='word_1_153' title='bbox 471 2359 503 2420; x_wconf 85' lang='lat' dir='ltr'>p.</span> <span class='ocrx_word' id='word_1_154' title='bbox 529 2351 586 2412; x_wconf 75' lang='lat'>53.</span> <span class='ocrx_word' id='word_1_155' title='bbox 614 2337 711 2400; x_wconf 80' lang='lat' dir='ltr'>Hurll.</span> <span class='ocrx_word' id='word_1_156' title='bbox 762 2341 954 2428; x_wconf 76' lang='lat' dir='ltr'>suffragatur</span> <span class='ocrx_word' id='word_1_157' title='bbox 978 2341 1126 2403; x_wconf 75' lang='lat' dir='ltr'>Arrianus</span> <span class='ocrx_word' id='word_1_158' title='bbox 1148 2341 1182 2400; x_wconf 90' lang='lat' dir='ltr'>in</span> <span class='ocrx_word' id='word_1_159' title='bbox 1212 2331 1322 2419; x_wconf 80' lang='lat' dir='ltr'>periplo</span> 
     </span>
     <span class='ocr_line' id='line_1_20' title="bbox 298 2433 1322 2520; baseline -0.006 -20"><span class='ocrx_word' id='word_1_160' title='bbox 298 2436 397 2499; x_wconf 87' lang='lat' dir='ltr'>Ponti</span> <span class='ocrx_word' id='word_1_161' title='bbox 424 2457 455 2516; x_wconf 86' lang='lat' dir='ltr'>p.</span> <span class='ocrx_word' id='word_1_162' title='bbox 478 2453 531 2512; x_wconf 88' lang='lat' dir='ltr'>t7.</span> <span class='ocrx_word' id='word_1_163' title='bbox 552 2437 650 2500; x_wconf 74' lang='lat' dir='ltr'>Horis.</span> <span class='ocrx_word' id='word_1_164' title='bbox 684 2441 738 2520; x_wconf 85' lang='lat' dir='ltr'>qui</span> <span class='ocrx_word' id='word_1_165' title='bbox 759 2461 775 2501; x_wconf 90' lang='lat' dir='ltr'>a</span> <span class='ocrx_word' id='word_1_166' title='bbox 797 2443 967 2503; x_wconf 82' lang='lat' dir='ltr'>l’hnroacia</span> <span class='ocrx_word' id='word_1_167' title='bbox 994 2441 1102 2503; x_wconf 80' lang='lat' dir='ltr'>‹lillare</span> <span class='ocrx_word' id='word_1_168' title='bbox 1125 2443 1232 2502; x_wconf 89' lang='lat' dir='ltr'>llriarn</span> <span class='ocrx_word' id='word_1_169' title='bbox 1253 2433 1322 2494; x_wconf 86' lang='lat' dir='ltr'>dicit</span> 
     </span>
     <span class='ocr_line' id='line_1_21' title="bbox 301 2537 1319 2622; baseline -0.009 -24"><span class='ocrx_word' id='word_1_170' title='bbox 301 2551 347 2616; x_wconf 78' lang='lat'>50</span> <span class='ocrx_word' id='word_1_171' title='bbox 368 2537 479 2606; x_wconf 78' lang='lat' dir='ltr'>llarliie.</span> <span class='ocrx_word' id='word_1_172' title='bbox 507 2541 592 2599; x_wconf 85' lang='lat' dir='ltr'>uncle</span> <span class='ocrx_word' id='word_1_173' title='bbox 607 2541 643 2598; x_wconf 77' lang='lat' dir='ltr'>acl</span> <span class='ocrx_word' id='word_1_174' title='bbox 662 2541 856 2622; x_wconf 79' lang='lat' dir='ltr'>Zephyrium</span> <span class='ocrx_word' id='word_1_175' title='bbox 877 2541 982 2604; x_wconf 79' lang='lat' dir='ltr'>curlus</span> <span class='ocrx_word' id='word_1_176' title='bbox 1004 2543 1040 2602; x_wconf 88' lang='lat' dir='ltr'>lit</span> <span class='ocrx_word' id='word_1_177' title='bbox 1063 2561 1128 2604; x_wconf 79' lang='lat' dir='ltr'>rao</span> <span class='ocrx_word' id='word_1_178' title='bbox 1148 2541 1319 2602; x_wconf 78' lang='lat' dir='ltr'>stadiorum.</span> 
     </span>
     <span class='ocr_line' id='line_1_22' title="bbox 297 2633 1321 2724; baseline -0.004 -24"><span class='ocrx_word' id='word_1_179' title='bbox 297 2639 400 2721; x_wconf 84' lang='lat' dir='ltr'>Igitur</span> <span class='ocrx_word' id='word_1_180' title='bbox 417 2637 556 2701; x_wconf 83' lang='lat' dir='ltr'>Colchos</span> <span class='ocrx_word' id='word_1_181' title='bbox 572 2640 683 2712; x_wconf 89' lang='lat' dir='ltr'>noller,</span> <span class='ocrx_word' id='word_1_182' title='bbox 709 2643 864 2705; x_wconf 85' lang='lat' dir='ltr'>celebrem</span> <span class='ocrx_word' id='word_1_183' title='bbox 881 2644 1049 2724; x_wconf 86' lang='lat' dir='ltr'>populum,</span> <span class='ocrx_word' id='word_1_184' title='bbox 1077 2641 1228 2702; x_wconf 76' lang='lat' dir='ltr'>transilire</span> <span class='ocrx_word' id='word_1_185' title='bbox 1247 2633 1321 2696; x_wconf 76' lang='lat' dir='ltr'>Mela</span> 
     </span>
     <span class='ocr_line' id='line_1_23' title="bbox 298 2739 1319 2824; baseline 0 -26"><span class='ocrx_word' id='word_1_186' title='bbox 298 2739 442 2808; x_wconf 82' lang='lat' dir='ltr'>debebat,</span> <span class='ocrx_word' id='word_1_187' title='bbox 466 2754 502 2800; x_wconf 91' lang='lat' dir='ltr'>ut</span> <span class='ocrx_word' id='word_1_188' title='bbox 518 2743 554 2800; x_wconf 88' lang='lat' dir='ltr'>ad</span> <span class='ocrx_word' id='word_1_189' title='bbox 571 2739 717 2803; x_wconf 83' lang='lat' dir='ltr'>obscuros</span> <span class='ocrx_word' id='word_1_190' title='bbox 737 2744 833 2806; x_wconf 86' lang='lat' dir='ltr'>Coloe</span> <span class='ocrx_word' id='word_1_191' title='bbox 856 2747 1045 2824; x_wconf 81' lang='lat' dir='ltr'>perveniret,</span> <span class='ocrx_word' id='word_1_192' title='bbox 1070 2744 1221 2824; x_wconf 76' lang='lat' dir='ltr'>aquibus</span> <span class='ocrx_word' id='word_1_193' title='bbox 1236 2739 1319 2798; x_wconf 83' lang='lat' dir='ltr'>snum</span> 
     </span>
     <span class='ocr_line' id='line_1_24' title="bbox 295 2839 1317 2927; baseline -0.001 -28"><span class='ocrx_word' id='word_1_194' title='bbox 295 2839 472 2912; x_wconf 82' lang='lat' dir='ltr'>denotaret,</span> <span class='ocrx_word' id='word_1_195' title='bbox 499 2844 583 2922; x_wconf 85' lang='lat' dir='ltr'>quod</span> <span class='ocrx_word' id='word_1_196' title='bbox 599 2845 760 2922; x_wconf 83' lang='lat' dir='ltr'>quidemn</span> <span class='ocrx_word' id='word_1_197' title='bbox 775 2865 806 2905; x_wconf 86' lang='lat' dir='ltr'>re</span> <span class='ocrx_word' id='word_1_198' title='bbox 823 2859 855 2905; x_wconf 89' lang='lat' dir='ltr'>et</span> <span class='ocrx_word' id='word_1_199' title='bbox 868 2847 991 2905; x_wconf 86' lang='lat' dir='ltr'>ratione</span> <span class='ocrx_word' id='word_1_200' title='bbox 1008 2843 1158 2927; x_wconf 87' lang='lat' dir='ltr'>longeest</span> <span class='ocrx_word' id='word_1_201' title='bbox 1174 2845 1317 2903; x_wconf 84' lang='lat' dir='ltr'>alienum·</span> 
     </span>
     <span class='ocr_line' id='line_1_25' title="bbox 295 2930 1318 3029; baseline 0.002 -29"><span class='ocrx_word' id='word_1_202' title='bbox 295 2941 443 3022; x_wconf 91' lang='lat' dir='ltr'>Denique</span> <span class='ocrx_word' id='word_1_203' title='bbox 472 2944 583 3004; x_wconf 89' lang='lat' dir='ltr'>dilerte</span> <span class='ocrx_word' id='word_1_204' title='bbox 611 2943 717 3004; x_wconf 83' lang='lat' dir='ltr'>scribit</span> <span class='ocrx_word' id='word_1_205' title='bbox 743 2946 835 3027; x_wconf 76' lang='grc' dir='ltr'><strong><em>νῆσος</em></strong></span> <span class='ocrx_word' id='word_1_206' title='bbox 856 2941 936 3029; x_wconf 74' lang='grc' dir='ltr'>πρᾶς</span> <span class='ocrx_word' id='word_1_207' title='bbox 963 2945 1030 3018; x_wconf 75' lang='grc' dir='ltr'>τοῖς</span> <span class='ocrx_word' id='word_1_208' title='bbox 1055 2939 1204 3028; x_wconf 78' lang='grc' dir='ltr'>Κόλχοις</span> <span class='ocrx_word' id='word_1_209' title='bbox 1224 2937 1252 3003; x_wconf 79' lang='grc' dir='ltr'>ἐν</span> <span class='ocrx_word' id='word_1_210' title='bbox 1273 2930 1318 3014; x_wconf 66' lang='grc' dir='ltr'>τῷ</span> 
     </span>
     <span class='ocr_line' id='line_1_26' title="bbox 296 3035 1315 3122; baseline -0.002 -18"><span class='ocrx_word' id='word_1_211' title='bbox 296 3035 418 3122; x_wconf 76' lang='grc' dir='ltr'>πόντῳ.</span> <span class='ocrx_word' id='word_1_212' title='bbox 471 3043 624 3106; x_wconf 84' lang='lat' dir='ltr'>Placrriffe</span> <span class='ocrx_word' id='word_1_213' title='bbox 642 3047 737 3106; x_wconf 84' lang='lat' dir='ltr'>etiam</span> <span class='ocrx_word' id='word_1_214' title='bbox 759 3047 839 3106; x_wconf 89' lang='lat' dir='ltr'>hanc</span> <span class='ocrx_word' id='word_1_215' title='bbox 862 3046 1033 3107; x_wconf 86' lang='lat' dir='ltr'>lectionem</span> <span class='ocrx_word' id='word_1_216' title='bbox 1049 3047 1116 3108; x_wconf 83' lang='lat' dir='ltr'>vidi</span> <span class='ocrx_word' id='word_1_217' title='bbox 1131 3047 1226 3106; x_wconf 83' lang='lat' dir='ltr'>docto</span> <span class='ocrx_word' id='word_1_218' title='bbox 1243 3040 1315 3102; x_wconf 71' lang='lat' dir='ltr'>viror</span> 
     </span>
     <span class='ocr_line' id='line_1_27' title="bbox 294 3142 1312 3223; baseline 0.006 -25"><span class='ocrx_word' id='word_1_219' title='bbox 294 3143 349 3220; x_wconf 82' lang='lat' dir='ltr'>qui</span> <span class='ocrx_word' id='word_1_220' title='bbox 372 3143 422 3202; x_wconf 80' lang='lat' dir='ltr'>etl.</span> <span class='ocrx_word' id='word_1_221' title='bbox 441 3142 597 3204; x_wconf 89' lang='lat' dir='ltr'>Gronovii</span> <span class='ocrx_word' id='word_1_222' title='bbox 622 3147 725 3223; x_wconf 74' lang='lat'>1635.</span> <span class='ocrx_word' id='word_1_223' title='bbox 751 3165 824 3206; x_wconf 86' lang='lat' dir='ltr'>cnm</span> <span class='ocrx_word' id='word_1_224' title='bbox 846 3147 955 3207; x_wconf 82' lang='lat' dir='ltr'>codice</span> <span class='ocrx_word' id='word_1_225' title='bbox 975 3147 1103 3209; x_wconf 83' lang='lat' dir='ltr'>lionon.</span> <span class='ocrx_word' id='word_1_226' title='bbox 1128 3145 1312 3206; x_wconf 76' lang='lat' dir='ltr'>contrrlerati</span> 
     </span>
     <span class='ocr_line' id='line_1_28' title="bbox 293 3239 1313 3329; baseline -0.003 -30"><span class='ocrx_word' id='word_1_227' title='bbox 293 3239 489 3322; x_wconf 76' lang='lat' dir='ltr'>adscripscrat</span> <span class='ocrx_word' id='word_1_228' title='bbox 512 3245 597 3304; x_wconf 91' lang='lat' dir='ltr'>enirn</span> <span class='ocrx_word' id='word_1_229' title='bbox 619 3247 680 3329; x_wconf 85' lang='lat' dir='ltr'>leg.</span> <span class='ocrx_word' id='word_1_230' title='bbox 700 3247 838 3308; x_wconf 76' lang='lat' dir='ltr'>Colchis.</span> <span class='ocrx_word' id='word_1_231' title='bbox 874 3247 942 3308; x_wconf 86' lang='lat' dir='ltr'>Elle</span> <span class='ocrx_word' id='word_1_232' title='bbox 957 3261 1064 3308; x_wconf 87' lang='lat' dir='ltr'>antem</span> <span class='ocrx_word' id='word_1_233' title='bbox 1081 3261 1113 3307; x_wconf 87' lang='lat' dir='ltr'>et</span> <span class='ocrx_word' id='word_1_234' title='bbox 1131 3245 1225 3308; x_wconf 87' lang='lat' dir='ltr'>bodie</span> <span class='ocrx_word' id='word_1_235' title='bbox 1242 3243 1313 3302; x_wconf 84' lang='lat' dir='ltr'>circa</span> 
     </span>
     <span class='ocr_line' id='line_1_29' title="bbox 291 3341 1312 3428; baseline 0 -26"><span class='ocrx_word' id='word_1_236' title='bbox 291 3341 403 3402; x_wconf 87' lang='lat' dir='ltr'>Pholin</span> <span class='ocrx_word' id='word_1_237' title='bbox 428 3345 559 3424; x_wconf 76' lang='lat' dir='ltr'>eiusque</span> <span class='ocrx_word' id='word_1_238' title='bbox 580 3345 654 3406; x_wconf 86' lang='lat' dir='ltr'>ollia</span> <span class='ocrx_word' id='word_1_239' title='bbox 676 3346 787 3408; x_wconf 89' lang='lat' dir='ltr'>inlulas</span> <span class='ocrx_word' id='word_1_240' title='bbox 811 3349 952 3408; x_wconf 87' lang='lat' dir='ltr'>adfirmat</span> <span class='ocrx_word' id='word_1_241' title='bbox 975 3349 1115 3410; x_wconf 86' lang='lat' dir='ltr'>Chardio</span> <span class='ocrx_word' id='word_1_242' title='bbox 1139 3363 1259 3428; x_wconf 80' lang='lat' dir='ltr'>voyage</span> <span class='ocrx_word' id='word_1_243' title='bbox 1276 3355 1312 3396; x_wconf 80' lang='lat' dir='ltr'>en</span> 
     </span>
     <span class='ocr_line' id='line_1_30' title="bbox 250 3439 1310 3537; baseline 0 -35"><span class='ocrx_word' id='word_1_244' title='bbox 250 3531 253 3537; x_wconf 23' lang='grc' dir='ltr'><strong><em>Ι</em></strong></span> <span class='ocrx_word' id='word_1_245' title='bbox 292 3439 385 3502; x_wconf 84' lang='lat' dir='ltr'>Perse</span> <span class='ocrx_word' id='word_1_246' title='bbox 405 3443 446 3504; x_wconf 92' lang='lat' dir='ltr'>T.</span> <span class='ocrx_word' id='word_1_247' title='bbox 470 3464 499 3505; x_wconf 87' lang='lat' dir='ltr'>r.</span> <span class='ocrx_word' id='word_1_248' title='bbox 525 3467 556 3525; x_wconf 89' lang='lat' dir='ltr'>p.</span> <span class='ocrx_word' id='word_1_249' title='bbox 579 3467 623 3508; x_wconf 90' lang='lat' dir='ltr'>m.</span> <span class='ocrx_word' id='word_1_250' title='bbox 653 3457 730 3525; x_wconf 71' lang='lat'>148.</span> <span class='ocrx_word' id='word_1_251' title='bbox 754 3449 826 3532; x_wconf 88' lang='lat' dir='ltr'>(ed.</span> <span class='ocrx_word' id='word_1_252' title='bbox 849 3449 974 3509; x_wconf 81' lang='lat' dir='ltr'>Amstel.</span> <span class='ocrx_word' id='word_1_253' title='bbox 997 3461 1101 3527; x_wconf 80' lang='lat'>1735.</span> <span class='ocrx_word' id='word_1_254' title='bbox 1123 3445 1178 3527; x_wconf 77' lang='lat'>4.)</span> <span class='ocrx_word' id='word_1_255' title='bbox 1212 3440 1310 3506; x_wconf 83' lang='lat' dir='ltr'>etsrin</span> 
     </span>
    </p>

    <p class='ocr_par' dir='ltr' id='par_1_4' title="bbox 288 3538 1308 4132">
     <span class='ocr_line' id='line_1_31' title="bbox 291 3538 1308 3632; baseline 0.005 -33"><span class='ocrx_word' id='word_1_256' title='bbox 291 3541 330 3601; x_wconf 80' lang='lat' dir='ltr'>iia</span> <span class='ocrx_word' id='word_1_257' title='bbox 348 3543 387 3602; x_wconf 83' lang='lat' dir='ltr'>tle</span> <span class='ocrx_word' id='word_1_258' title='bbox 402 3545 472 3602; x_wconf 84' lang='lat' dir='ltr'>Aria</span> <span class='ocrx_word' id='word_1_259' title='bbox 494 3549 686 3608; x_wconf 85' lang='lat' dir='ltr'>contendere</span> <span class='ocrx_word' id='word_1_260' title='bbox 705 3551 819 3610; x_wconf 89' lang='lat' dir='ltr'>nolim.</span> <span class='ocrx_word' id='word_1_261' title='bbox 870 3549 969 3610; x_wconf 84' lang='lat' dir='ltr'>llecte</span> <span class='ocrx_word' id='word_1_262' title='bbox 993 3551 1089 3632; x_wconf 80' lang='lat' dir='ltr'>igitur</span> <span class='ocrx_word' id='word_1_263' title='bbox 1106 3551 1225 3629; x_wconf 81' lang='lat' dir='ltr'>recepit</span> <span class='ocrx_word' id='word_1_264' title='bbox 1244 3538 1308 3604; x_wconf 79' lang='lat' dir='ltr'>oei·</span> 
     </span>
     <span class='ocr_line' id='line_1_32' title="bbox 291 3641 1307 3732; baseline 0.004 -32"><span class='ocrx_word' id='word_1_265' title='bbox 291 3641 420 3703; x_wconf 83' lang='lat' dir='ltr'>nolrlina</span> <span class='ocrx_word' id='word_1_266' title='bbox 443 3645 589 3716; x_wconf 81' lang='lat' dir='ltr'>Colchis,</span> <span class='ocrx_word' id='word_1_267' title='bbox 621 3663 653 3709; x_wconf 89' lang='lat' dir='ltr'>et</span> <span class='ocrx_word' id='word_1_268' title='bbox 676 3650 709 3709; x_wconf 90' lang='lat' dir='ltr'>in</span> <span class='ocrx_word' id='word_1_269' title='bbox 733 3649 844 3710; x_wconf 82' lang='lat' dir='ltr'>tabulis</span> <span class='ocrx_word' id='word_1_270' title='bbox 871 3650 1000 3710; x_wconf 80' lang='lat' dir='ltr'>adnexis</span> <span class='ocrx_word' id='word_1_271' title='bbox 1026 3669 1124 3732; x_wconf 88' lang='lat' dir='ltr'>prope</span> <span class='ocrx_word' id='word_1_272' title='bbox 1149 3643 1307 3711; x_wconf 76' lang='lat' dir='ltr'>ceratum</span> 
     </span>
     <span class='ocr_line' id='line_1_33' title="bbox 290 3739 1307 3833; baseline 0.008 -31"><span class='ocrx_word' id='word_1_273' title='bbox 290 3739 403 3820; x_wconf 82' lang='lat' dir='ltr'>poluit.</span> <span class='ocrx_word' id='word_1_274' title='bbox 457 3745 625 3808; x_wconf 80' lang='lat' dir='ltr'>D&#39;rlorille</span> <span class='ocrx_word' id='word_1_275' title='bbox 649 3751 805 3833; x_wconf 84' lang='lat' dir='ltr'>neglexit,</span> <span class='ocrx_word' id='word_1_276' title='bbox 832 3769 982 3810; x_wconf 85' lang='lat' dir='ltr'>neceam</span> <span class='ocrx_word' id='word_1_277' title='bbox 1003 3753 1193 3811; x_wconf 85' lang='lat' dir='ltr'>memoravit</span> <span class='ocrx_word' id='word_1_278' title='bbox 1213 3743 1307 3810; x_wconf 68' lang='lat' dir='ltr'>Piolfl·</span> 
     </span>
     <span class='ocr_line' id='line_1_34' title="bbox 290 3841 1305 3931; baseline 0.007 -33"><span class='ocrx_word' id='word_1_279' title='bbox 290 3859 408 3903; x_wconf 79' lang='lat' dir='ltr'>moene.</span> <span class='ocrx_word' id='word_1_280' title='bbox 447 3841 563 3906; x_wconf 87' lang='lat' dir='ltr'>Parum</span> <span class='ocrx_word' id='word_1_281' title='bbox 582 3849 690 3931; x_wconf 75' lang='lat' dir='ltr'>igitur.</span> <span class='ocrx_word' id='word_1_282' title='bbox 714 3871 788 3910; x_wconf 85' lang='lat' dir='ltr'>cunr</span> <span class='ocrx_word' id='word_1_283' title='bbox 811 3851 867 3910; x_wconf 85' lang='lat' dir='ltr'>alia</span> <span class='ocrx_word' id='word_1_284' title='bbox 887 3851 973 3931; x_wconf 85' lang='lat' dir='ltr'>plura</span> <span class='ocrx_word' id='word_1_285' title='bbox 994 3851 1147 3918; x_wconf 84' lang='lat' dir='ltr'>corrllerrt.</span> <span class='ocrx_word' id='word_1_286' title='bbox 1171 3849 1305 3911; x_wconf 80' lang='lat' dir='ltr'>codicum</span> 
     </span>
     <span class='ocr_line' id='line_1_35' title="bbox 289 3939 1304 4030; baseline 0.01 -32"><span class='ocrx_word' id='word_1_287' title='bbox 289 3939 441 4004; x_wconf 70' lang='lat' dir='ltr'>lectiones</span> <span class='ocrx_word' id='word_1_288' title='bbox 461 3951 575 4008; x_wconf 81' lang='lat' dir='ltr'>morari</span> <span class='ocrx_word' id='word_1_289' title='bbox 593 3951 642 4008; x_wconf 90' lang='lat' dir='ltr'>bic</span> <span class='ocrx_word' id='word_1_290' title='bbox 663 3964 823 4030; x_wconf 81' lang='lat' dir='ltr'>poterunt.</span> <span class='ocrx_word' id='word_1_291' title='bbox 863 3950 1046 4014; x_wconf 82' lang='lat' dir='ltr'>Ceterumn</span> <span class='ocrx_word' id='word_1_292' title='bbox 1062 3950 1212 4014; x_wconf 72' lang='lat' dir='ltr'>vocibus:</span> <span class='ocrx_word' id='word_1_293' title='bbox 1236 3941 1304 4008; x_wconf 84' lang='lat' dir='ltr'>Non</span> 
     </span>
     <span class='ocr_line' id='line_1_36' title="bbox 288 4038 966 4132; baseline 0.024 -33"><span class='ocrx_word' id='word_1_294' title='bbox 288 4038 379 4120; x_wconf 79' lang='lat' dir='ltr'>longe</span> <span class='ocrx_word' id='word_1_295' title='bbox 399 4043 477 4125; x_wconf 86' lang='lat' dir='ltr'>Cap.</span> <span class='ocrx_word' id='word_1_296' title='bbox 497 4059 556 4124; x_wconf 82' lang='lat'>5¹·</span> <span class='ocrx_word' id='word_1_297' title='bbox 576 4050 689 4132; x_wconf 84' lang='lat' dir='ltr'>incipit</span> <span class='ocrx_word' id='word_1_298' title='bbox 711 4053 746 4112; x_wconf 86' lang='lat' dir='ltr'>in</span> <span class='ocrx_word' id='word_1_299' title='bbox 771 4053 822 4114; x_wconf 83' lang='lat' dir='ltr'>ecl.</span> <span class='ocrx_word' id='word_1_300' title='bbox 847 4053 966 4115; x_wconf 86' lang='lat' dir='ltr'>Vineti.</span> 
     </span>
    </p>
   </div>
   <div class='ocr_carea' id='block_1_4' title="bbox 0 0 1410 4944">
    <p class='ocr_par' dir='ltr' id='par_1_5' title="bbox 0 0 1410 4944">
     <span class='ocr_line' id='line_1_37' title="bbox 0 0 1410 4944; baseline 0 8"><span class='ocrx_word' id='word_1_301' title='bbox 0 0 1410 4944; x_wconf 95' lang='lat' dir='ltr'> </span> 
     </span>
    </p>
   </div>
  </div>
 </body>
</html>
