2810 4944
380 474 470 530 Lm
501 475 539 530 11.
582 475 615 532 C-
637 475 674 534 V·
715 473 794 546 Μ.
1045 487 1106 556 403

58 643 206 709 deterius
225 647 320 730 aquis
342 641 489 728 cirfloerrr.
543 647 645 729 Lege:
674 669 736 708 nort
755 647 899 712 dulcibus
921 655 1023 732 epiris,
1043 647 1106 746 seri

51 741 262 840 salsioribus,
296 751 371 832 quio
400 751 540 810 marinae
560 741 660 838 sont,
695 745 844 836 desinon.
894 773 1103 822 ereccottrrt.

57 851 315 933 Oudendorpina
339 844 377 914 ri
401 847 535 940 defluent
562 871 600 911 ex
630 851 725 936 gioiia
748 869 870 922 ortum.
905 871 998 938 atqoe
1027 859 1102 920 hinc

56 965 123 1014 tam
145 957 236 1014 varie
261 955 399 1014 locatum
424 951 513 1013 fniil'e
538 953 676 1032 putabat.
714 973 745 1018 Α.
777 973 983 1024 onooovrre.
1034 959 1102 1020 De.

47 1049 158 1141 fluens
180 1057 356 1116 commode
379 1051 525 1122 serrator.
553 1057 670 1135 qnippe
692 1049 782 1117 ciiioa
803 1057 889 1116 locos
911 1061 1006 1120 etiam
1026 1080 1100 1122 eon·

55 1157 136 1217 [tans
159 1155 203 1217 est
227 1158 262 1216 in
282 1157 372 1218 MSS.
434 1155 501 1216 Nec
527 1157 731 1216 movendum
755 1161 850 1218 etiam
872 1181 986 1242 qoam,
1014 1163 1100 1226 unde

54 1255 215 1318 scribendi
239 1257 435 1340 compendio
462 1257 576 1318 exstitit
601 1269 758 1340 ecquam.
809 1257 853 1322 tt
876 1255 916 1326 τὸ
928 1259 1003 1356 firrt
1024 1284 1099 1336 cum

54 1361 171 1442 aptiori
197 1351 348 1451 hiesum
373 1360 585 1422 commutavi.

128 1513 255 1574 iuxta
263 1513 281 1592 )
332 1511 454 1594 Capitis
475 1524 535 1590 43.
557 1511 685 1571 initium
702 1509 774 1574 iacit
791 1511 868 1574 hinc
884 1515 1030 1582 Vinetut.

132 1653 329 1756 abscissa
354 1665 584 1744 proximis)
620 1663 760 1726 t'tndob.
781 1665 934 1744 proximis
956 1659 1100 1760 obscrsrn

55 1767 164 1827 Harn.
191 1763 287 1828 Parii.
313 1782 345 1828 2.
374 1767 462 1848 Prag.
498 1767 607 1826 i'enet.
633 1781 663 1825 et
687 1767 758 1826 edd.
790 1779 843 1842 ¹5·
874 1783 928 1838 17.
955 1785 1010 1832 no.
1042 1785 1098 1850 23.

55 1869 216 1947 proximis
240 1867 336 1946 ripis.
365 1887 402 1928 ex
431 1865 543 1950 gtotra;
582 1867 670 1950 Prag.
702 1867 840 1930 Vindob.
871 1869 979 1932 Cibio.
1012 1872 1098 1936 God.

56 1969 129 2033 edd.
155 1988 188 2036 ι.
211 1987 247 2047 9.
278 1981 331 2042 13.
355 1959 498 2058 absi-rsa,
526 1969 564 2027 de
587 1989 645 2048 qna
668 1971 921 2032 commutatione
941 1969 1101 2054 frequenti

58 2071 210 2130 dixerunt
241 2069 381 2150 plnrirni.
436 2071 505 2130 Viti.
530 2089 609 2149 quoe
633 2071 737 2128 iaudat
759 2073 907 2134 drntzen.
927 2075 964 2132 ad
994 2075 1097 2138 Aurei·

58 2171 182 2232 Victor.
202 2174 236 2230 in
256 2173 332 2252 epit.
354 2191 381 2234 c.
403 2183 457 2248 23.
481 2185 513 2249 3.
543 2169 828 2234 Drakenb.adSi1.
849 2175 917 2234 itai.
942 2187 1098 2256 15.4”3.

59 2273 193 2332 Livium
213 2287 271 2350 31.
296 2287 352 2350 54,
377 2297 410 2352 4.
450 2269 605 2332 Gesnerna
628 2273 658 2330 in
684 2270 761 2334 thei.
789 2275 822 2336 i...
845 2274 880 2334 L.
903 2275 935 2334 h.
962 2297 993 2340 v.
1037 2279 1099 2338 viri

60 2375 143 2436 docti
167 2375 207 2434 ad
238 2373 349 2434 Vellei.
371 2393 400 2440 2.
422 2371 478 2440 66.
505 2387 537 2434 Ω.
580 2374 754 2434 Torreniue
769 2375 805 2434 ad
831 2373 935 2438 Vaier.
957 2377 1039 2440 Max.
1069 2399 1097 2450 ι,

63 2495 91 2546 ι,
118 2489 175 2552 18.
213 2473 424 2554 Oudendorp.
445 2475 482 2536 ad
501 2473 616 2536 Lucan.
636 2489 666 2552 3,
691 2488 747 2553 35.
772 2489 804 2535 et
827 2477 919 2546 atini,
948 2479 1097 2543 Garaton.

59 2579 95 2638 ad
119 2581 192 2639 cic.
217 2575 259 2636 de
281 2577 425 2657 provinc.
449 2573 568 2636 consul.
593 2595 620 2636 c.
647 2589 699 2654 t4.
726 2597 767 2638 tn.
795 2579 910 2658 quibos
934 2576 1022 2640 focile
1045 2583 1098 2642 alit

59 2677 173 2758 possint
197 2677 282 2738 addi.
338 2678 385 2738 De
408 2679 570 2758 utriusque
596 2679 779 2738 discrimine
803 2681 978 2758 quaeritur.
1010 2683 1098 2762 qood

60 2779 144 2862 saepe
171 2777 361 2862 ambignum
388 2779 515 2837 videtur
533 2793 565 2838 et
587 2778 739 2846 dubium.
770 2793 801 2840 et
823 2781 947 2840 nniittm
964 2783 1023 2844 ess'e
1046 2783 1098 2842 sta·

62 2895 156 2942 tnunt
177 2881 244 2948 alii,
273 2881 371 2940 veluti
389 2879 551 2940 Berrtieine
567 2881 604 2938 ad
625 2881 734 2942 Horat.
749 2883 894 2942 Sernton.
916 2901 945 2950 tt.
967 2897 995 2956 3.
1013 2897 1096 2960 3⁰5·

60 2983 108 3041 alii
124 2981 187 3042 effe
204 2983 421 3048 contendunt.
452 3001 469 3042 e
494 2981 610 3060 quibos
629 2984 775 3042 drntzen.
798 3003 823 3044 c.
846 2983 867 3044 Ι.
910 2983 1032 3046 Doker.
1057 2987 1097 3046 ad

62 3083 140 3146 tior.
161 3101 193 3150 α,
214 3099 246 3150 2,
266 3097 298 3146 2.
332 3083 539 3162 Oudendorp.
558 3083 594 3140 ati
618 3083 759 3144 Frontin.
782 3103 810 3150 t.
827 3095 860 3162 4.
886 3099 918 3154 7.
964 3085 1096 3167 Proprie

62 3183 118 3245 hoc
136 3184 337 3244 intercedere
360 3185 503 3250 videtur.
532 3197 567 3242 ot
588 3175 766 3272 abscindere
787 3201 965 3265 rupturam.
987 3168 1097 3278 'absci-

61 3284 126 3346 dere
145 3287 407 3366 amputationem
427 3285 555 3346 indicet.
592 3283 652 3342 Hic
672 3287 768 3366 igitur
790 3289 877 3368 print
894 3287 990 3370 magia
1008 3291 1097 3350 vide·

63 3398 110 3448 tur
127 3389 428 3464 accommodatum,
461 3387 508 3446 uti
530 3391 560 3444 in
578 3385 670 3444 simili
688 3407 770 3446 nexu
788 3389 906 3449 docent
929 3405 1097 3470 poetarum

63 3487 136 3557 loca.
161 3489 251 3570 Virg.
267 3489 346 3549 Aen.
365 3501 397 3566 3.
414 3499 499 3566 413.
535 3487 645 3546 Horat.
670 3509 696 3548 ι.
717 3489 769 3550 od.
787 3501 818 3566 3.
841 3505 897 3552 at.
931 3489 985 3550 ubi
1003 3493 1099 3552 Bent-

64 3587 136 3652 icius
153 3589 214 3648 alia
232 3589 295 3650 dat.
347 3589 399 3649 Sin
422 3587 503 3646 Mela
528 3601 607 3658 Μ,
633 3605 686 3664 14.
716 3601 747 3668 5.
765 3593 796 3660 it.
819 3611 848 3654 ι.
883 3587 933 3654 Cf.
950 3595 986 3652 ad
1010 3609 1040 3662 2.
1063 3609 1097 3674 7.

70 3703 117 3768 14.
166 3689 244 3753 Post
267 3689 355 3756 God.
376 3687 450 3770 pelli
467 3679 585 3780 sequar
616 3689 707 3776 Prag.
731 3691 781 3752 vei
803 3705 839 3754 ut
861 3683 996 3786 insulsa.
1027 3691 1098 3758 [atie

67 3789 181 3853 insulse.

131 3963 180 4002 ex
212 3939 296 4022 iis)
347 3939 431 4024 Lips.
458 3943 541 4008 Gnd.
566 3945 642 4026 quin
665 3965 704 4004 εκ
735 3945 803 4018 irisr
843 3945 934 4030 Prag.
959 3949 1034 4030 (prin
1060 3971 1099 4010 ex

69 4041 138 4114 itiisr
163 4043 310 4104 Vindob.
327 4063 367 4103 ex
382 4045 461 4116 inire
490 4043 571 4128 Lipi.
594 4045 697 4110 Vatia.
718 4045 805 4110 God.
827 4049 964 4132 Rehrlig.
984 4071 1023 4110 ex
1038 4049 1098 4122 iris,

69 4147 135 4206 noia
150 4143 384 4226 commistione.
420 4143 471 4210 cf.
491 4149 531 4208 ad
555 4169 583 4220 r,
603 4159 636 4226 5,
656 4160 689 4226 5.
720 4165 750 4218 2.
769 4161 802 4226 5.
821 4165 853 4226 7·
886 4167 916 4220 2,
936 4149 967 4221 (n
989 4169 1021 4228 7.

563 4287 573 4312 '
660 4299 765 4366 een
