2784 4944
317 407 406 465 utu.
437 409 474 464 n.
516 407 549 465 0.
571 411 623 468 Ν.
665 409 744 480 65.
991 425 1051 492 999

61 599 110 641 rere
122 579 304 644 humanitate
322 581 452 646 exculti.
477 599 653 646 eenorrve.
693 583 789 648 Certe
808 581 888 650 sein
904 586 1052 650 medinm

60 684 194 762 relinquere
225 683 280 746 919.
341 684 467 746 Fanum
495 684 627 765 quidem
661 685 824 748 Fortunae
847 707 864 748 9
891 687 1049 770 plerisque

61 783 93 842 hie
111 785 296 864 producitur3
339 781 390 846 [ed
414 805 474 848 nec
496 783 657 878 Faneslrr's
684 787 809 849 colonia
831 789 922 848 reiici
942 789 1050 862 debet,

59 886 140 965 quippe
165 907 255 968 quam
286 905 355 950 non
392 883 493 951 1010999
527 889 696 952 Vitruviae
724 900 758 966 5,
787 910 816 950 9.
847 901 879 952 et
902 904 934 958 9,
963 909 997 971 9.
1026 889 1049 955 1.

59 1003 254 1060 commemorat,
282 986 332 1050 sed
353 1001 386 1050 et
408 987 627 1072 inscriptiones
645 1003 786 1054 tuentur.
821 991 894 1052 vid.
919 991 1048 1056 (1999999.

58 1101 159 1166 0955,
185 1111 212 1153 9.
245 1099 333 1170 445,
355 1102 389 1168 8.
431 1089 555 1152 Gudiua
577 1111 610 1174 p.
631 1099 692 1171 49,
717 1105 749 1172 5.
783 1101 863 1174 949,
891 1113 945 1156 90.
985 1095 1051 1156 Do·

59 1189 106 1248 rire
123 1213 146 1272 p.
162 1205 241 1271 595,
264 1205 323 1270 55.
374 1191 480 1252 Dubia
512 1205 619 1254 tamen
655 1193 840 1256 auctoritate
869 1213 908 1256 ex
941 1196 1050 1259 99099919

60 1289 140 1365 profert
156 1292 276 1354 Raiehe
308 1294 342 1353 in
365 1293 442 1356 Lex.
470 1313 559 1354 num.
587 1295 684 1356 Tom.
713 1313 744 1358 9.
777 1293 815 1358 P.
843 1313 872 1358 1.
905 1317 937 1378 p.
961 1313 1047 1376 909.

60 1389 201 1456 6119191991
220 1397 255 1454 in
272 1393 414 1464 doctrina
434 1415 522 1456 num.
545 1393 585 1460 P.
603 1417 632 1458 9.
655 1395 733 1460 vot.
753 1415 782 1457 t.
801 1418 834 1478 p.
851 1397 910 1476 96.
948 1397 1049 1480 Qtrod

59 1491 179 1558 Pintionue
205 1497 392 1557 addendum
415 1509 504 1578 putat
532 1497 723 1578 senogallia,
761 1497 946 1580 addiditque
976 1519 1048 1562 vere

58 1593 176 1666 89109099,
201 1597 277 1668 eth,
302 1599 388 1678 qnod
406 1599 532 1680 adparet
548 1617 587 1660 ex
601 1597 758 1661 Strabone
784 1611 816 1676 5.
838 1619 871 1682 p.
892 1621 937 1662 m.
968 1613 1047 1677 957.

58 1689 143 1766 [227.
169 1713 242 1782 apto
267 1696 450 1761 factumest
472 1699 546 1769 srtn.
582 1700 646 1762 iine
667 1699 833 1762 codicibua
859 1713 966 1764 tamen
996 1721 1049 1762 au·

28 1849 29 1890 p
58 1793 128 1859 199199
149 1801 253 1880 paullo
286 1799 453 1861 admiffnm
484 1802 622 1863 ridetur.
675 1801 743 1863 Hoc
768 1801 856 1863 enim
880 1803 951 1887 iege
978 1803 1048 1864 data

57 1913 209 1982 receptaque.
241 1921 339 1984 quarn
362 1903 462 1964 900199
490 1902 548 1964 19999
574 1903 743 1965 addendae
805 1903 912 1966 Nemo
940 1905 1047 1976 etiam.

57 2002 111 2074 quod
133 2001 231 2074 191909,
266 2003 433 2088 probavit,
471 2017 593 2087 praeter
616 2003 807 2067 Cluverium
832 2005 865 2064 in
889 2005 958 2068 1991.
980 2019 1045 2070 ant.

28 2111 29 2136 ³
57 2111 77 2164 u,
92 2113 114 2176 5.
132 2123 158 2184 p.
172 2107 257 2184 609.
311 2105 457 2166 Priorem
475 2125 553 2168 vern
570 2105 831 2168 emendationem
847 2107 954 2168 relicta
975 2107 1046 2168 vul·

55 2203 230 2279 priuatione
251 2209 434 2268 retractavit
455 2207 523 2290 poih
544 2203 607 2290 ipse
628 2205 797 2271 Pintienua
816 2207 855 2270 ad
870 2221 903 2287 3.
925 2227 980 2272 90.
997 2206 1019 2272 f.

100 2407 327 2494 Metaurus)
375 2409 466 2496 Prog.
486 2409 662 2496 liehdiger.
685 2409 826 2475 Vindob.
847 2413 1048 2486 meliorantes

57 2503 157 2572 titiofiut
191 2513 295 2574 literie
333 2511 525 2595 tranupofitie
560 2513 611 2574 ed.
648 2523 706 2588 28.
740 2513 921 2576 Meatunrs.
974 2513 1047 2576 Post

57 2601 125 2670 111199.
150 2613 288 2674 Vindob.
311 2609 390 2698 efis,·
433 2611 516 2674 Gud.
546 2613 720 2698 Rehriiger.
749 2611 849 2705 meses.
902 2613 985 2676 Edd.
1016 2635 1046 2678 9.

58 2721 114 2786 19.
132 2709 226 2804 hests3
271 2727 302 2792 5.
318 2725 354 2794 4.
376 2727 410 2792 5.
433 2716 467 2778 6.
484 2729 518 2792 ¹7.
537 2725 570 2792 5.
594 2735 649 2776 ro.
670 2733 727 2779 99.
750 2731 805 2779 99.
830 2729 885 2796 95.
906 2727 960 2798 usp.
991 2725 1045 2793 95.

57 2807 234 2894 161995.
268 2833 324 2894 99.
351 2833 408 2878 90.
438 2831 495 2879 99.
524 2829 583 2878 99.
612 2827 668 2894 95.
701 2825 758 2896 94.
786 2829 843 2893 95.
875 2815 1046 2888 Vadienee,

55 2903 208 2980 Ohrarianne
242 2913 340 3006 Efis,·
382 2915 539 2988 Vinetue,
573 2916 738 2988 Schoenus.
772 2919 825 2979 alii
851 2917 920 3000 post
946 2915 1044 3004 Aesis.

55 3024 213 3080 9990999999.
273 3018 385 3082 5999190
415 3013 471 3106 [5.
492 3039 525 3102 p.
549 3037 594 3081 m.
619 3031 703 3096 950.
729 3017 749 3082 i,
777 3033 860 3096 997.
889 3031 921 3078 et
949 3011 1045 3104 aiibi]

54 3125 98 3170 nm
113 3139 143 3176 oe
160 3119 364 3204 diphthongo
379 3115 475 3208 Aefis.
526 3119 711 3182 Ptolemaeo
739 3113 796 3206 [3.
818 3113 871 3208 a.]
892 3113 970 3210 Asta
990 3139 1046 3180 no-

54 3213 162 3288 9199099,
187 3221 207 3278 h
230 3221 342 3290 codex.
369 3221 454 3302 quod
475 3221 599 3292 dubito,
622 3221 758 3284 fincerue
779 3221 832 3286 eu.
880 3221 1044 3284 Praeterea

54 3327 99 3372 eum
112 3319 167 3381 dno
180 3322 238 3382 iint
256 3321 364 3392 fluvii,
394 3321 509 3384 melino
533 3323 655 3408 legetur
666 3317 825 3410 flumina,
857 3323 921 3384 stre
932 3317 1044 3410 fluvii.

52 3429 113 3486 inim
125 3415 250 3504 firmor.
288 3441 486 3486 ererrnnve.
538 3425 727 3508 Legendurn
746 3419 835 3514 Aeser
855 3443 930 3486 enm
954 3425 1045 3506 diph-

53 3513 153 3602 tingo,
183 3525 297 3586 Strabo
317 3521 373 3588 101.
398 3543 459 3606 99.
494 3521 699 3588 Ptolemaeus
723 3537 756 3588 et
774 3525 960 3604 Dionyiiue.
987 3519 1042 3612 [i]

55 3629 221 3687 ttrccoerre.
276 3627 325 3688 De
339 3627 431 3688 iirnili
448 3621 668 3708 corruptione.
697 3645 791 3708 quam
807 3627 860 3687 hio
875 3625 1044 3688 ostendunt

54 3711 110 3788 hiri,
136 3727 197 3788 rid.
216 3727 398 3812 Weiieling.
421 3731 459 3788 ad
478 3727 632 3792 Antonin.
656 3728 763 3792 itiner.
785 3749 817 3810 p.
837 3728 920 3806 596.
956 3723 1044 3818 Aests

56 3831 107 3880 uuo
124 3823 227 3899 hebet,
269 3827 507 3912 suffragantibus
534 3831 632 3890 etiem
657 3826 932 3912 inscriptionibus.
965 3849 1044 3910 quae

56 3917 114 4004 defin
145 3929 316 4002 coloniam,
358 3931 458 3992 fluvio
496 3931 742 4014 cognominem,
780 3943 1043 3994 commemorant.

56 4009 102 4082 tn.
119 4027 233 4092 heines.
260 4031 338 4092 elaff.
365 4031 397 4103 6,
426 4047 484 4094 99.
526 4035 652 4094 11099109
677 4053 709 4114 p.
737 4053 791 4104 90,
816 4045 873 4112 54.
905 4045 985 4110 955,
1013 4051 1041 4096 9.

56 4119 121 4202 itque
135 4131 174 4192 ita
186 4133 315 4198 volebat
337 4135 433 4197 etiam
454 4131 624 4198 Cluveriue
645 4133 680 4196 in
697 4135 785 4198 199119
806 4135 932 4215 antique
957 4149 988 4204 9,
1008 4143 1041 4210 5.
