2784 4944
327 429 420 486 Ltu.
448 431 487 486 11.
531 429 565 488 Ο.
594 430 644 490 tv.
687 429 767 500 Μ.
872 513 879 520 ¹
1009 445 1070 508 523

74 601 174 664 nomine
196 599 332 686 agnoscit
362 605 468 666 Surita
490 603 528 664 ud
551 603 707 664 Antonini
730 605 835 670 itiner.
855 625 889 688 p.
913 625 957 668 m.
982 619 1067 686 315.
1123 645 1129 654 ·

76 699 158 782 Neque
182 719 280 766 tannen
308 709 510 790 negaverim.
548 705 745 788 probabilius
775 706 835 768 ello
855 707 1001 790 Egnatia
1028 729 1067 772 ex

72 807 148 882 gernic
164 819 191 866 et
212 809 413 888 cognominis
436 809 576 892 origine,
609 821 640 869 et
660 808 747 890 quod
762 809 927 890 Ignatirnn
954 831 1067 890 agrum

72 905 172 984 adpellu
197 908 366 970 Frontinnn
396 911 436 970 de
461 909 614 978 coloniis.
646 911 703 991 qui
730 909 799 972 aliia
823 909 986 990 Egnatius
1012 913 1065 976 ell.

71 1003 109 1063 Sic
125 1009 211 1087 prodit
229 1011 354 1090 ignatii
372 1029 492 1072 nomen
512 1011 594 1091 apud
613 1009 771 1074 Plutarch.
786 1011 819 1071 in
837 1011 941 1074 Crallo
961 1033 987 1076 c.
1009 1029 1064 1088 27.

72 1117 95 1162 et
110 1108 255 1188 aliquoties
274 1111 360 1190 opud
385 1114 517 1193 Appian.
541 1115 581 1172 de
601 1111 639 1174 Β.
656 1111 730 1175 civ.
756 1123 868 1192 1.45.
921 1114 958 1174 ln
981 1129 1067 1176 utro·

69 1225 113 1283 que
134 1213 245 1274 codice·
270 1216 348 1274 dant
373 1215 468 1272 etiarn
498 1213 653 1280 Gnatins.
688 1215 737 1274 uti
761 1231 819 1294 pro
844 1214 1007 1296 Egnatius
1033 1217 1068 1278 in

69 1306 148 1370 Ilione
169 1327 220 1391 53.
248 1327 305 1390 24.
366 1311 417 1376 Cl.
448 1313 612 1375 Dnltenb.
639 1313 678 1375 ad
703 1315 790 1374 Livii
818 1317 896 1396 epit.
925 1317 980 1380 lib.
1007 1327 1066 1398 75.

68 1407 95 1466 ln
111 1416 201 1476 nuniis
220 1411 331 1496 palllm
349 1411 512 1496 Egnatius
534 1415 661 1498 legitur.
714 1415 811 1500 Quod
828 1435 905 1478 vero
926 1416 966 1478 tle
988 1419 1066 1480 urbe

70 1507 177 1576 Onetun
195 1529 224 1576 et
242 1517 400 1577 Ferrarius
422 1517 455 1576 iu
477 1519 552 1578 Lex.
571 1517 702 1601 Geogrr.
720 1517 902 1586 adfirmant.
936 1519 968 1578 in
984 1519 1067 1580 Stra-

67 1606 128 1672 bone
141 1618 225 1677 etianr
242 1617 303 1678 ell'e
320 1619 470 1696 lgnaeta,
498 1615 729 1679 consuluerunt
750 1617 861 1680 viriosa
878 1619 1068 1700 exeutplaria

67 1707 104 1771 llb·
120 1729 145 1784 7.
164 1739 191 1800 p.
211 1733 295 1796 223.
313 1717 333 1779 l.
353 1733 435 1796 322.
463 1719 519 1778 ubi
543 1733 646 1782 tameo
672 1717 761 1782 MSS.
785 1719 861 1780 dant
883 1741 939 1802 per
956 1721 1003 1788 E.
1031 1733 1068 1782 ut

66 1812 128 1874 alibi.
173 1819 237 1880 Nec
262 1822 369 1902 priore
398 1820 468 1880 loco
493 1821 548 1882 lib.
574 1821 608 1882 6.
635 1819 673 1882 ab
705 1815 865 1902 'Ennavia
902 1820 1070 1884 discedunt

65 1910 130 1984 libri.
158 1923 210 1981 uili
231 1921 320 2002 quod
344 1939 383 1980 en
407 1923 486 1984 meir
509 1921 638 2002 quidam
663 1919 780 1982 habent
800 1918 994 2006 στεγνατία,
1021 1923 1071 1986 uti

65 2027 87 2072 tl
107 2019 162 2098 post
181 2023 340 2084 Guarinus
371 2023 405 2081 io
436 2022 553 2084 vetusta
576 2021 730 2084 verlione.
792 2023 1005 2084 Variationem
1034 2025 1068 2086 ln

63 2111 214 2184 Ptolemaeo
232 2143 295 2208 ego
310 2123 440 2204 quidem
457 2125 577 2184 nullam
594 2125 716 2186 inveni.
747 2121 954 2186 Praetulerim
970 2109 1070 2210 igitur

63 2215 192 2296 Εςιιαιία,
231 2227 289 2286 nili
316 2224 439 2286 obllent
465 2243 579 2286 omnes
609 2227 748 2294 codices.
791 2239 821 2286 et
849 2225 978 2286 alteram
1007 2223 1069 2288 lor·

62 2327 274 2398 mantellorum
301 2327 468 2387 auctoritas
491 2323 644 2390 luliineat.
684 2325 757 2388 Poll
779 2327 830 2389 etl.
853 2341 907 2406 13.
930 2325 1069 2392 Rbudt'e.

62 2415 99 2480 Sic
113 2423 212 2504 paffim
233 2429 311 2490 alibi
332 2447 409 2489 cum
430 2425 639 2510 adspiratione
659 2427 785 2513 legitur.

116 2641 149 2688 ct
177 2629 286 2712 iam)
337 2627 421 2712 Lipl.
450 2627 545 2692 Parii.
572 2643 604 2708 3.
629 2641 662 2690 et
686 2629 741 2713 in.
781 2629 831 2690 uti
855 2629 929 2692 edd.
957 2647 1070 2694 omnen

60 2722 85 2781 ul
105 2727 253 2802 Voffium.
280 2734 336 2814 qui
352 2751 392 2792 ex
408 2731 595 2794 melioribus
613 2731 718 2801 libria‚
745 2745 781 2790 ut
805 2727 909 2792 scribit
927 2732 958 2790 in
982 2745 1068 2800 riola.

60 2823 126 2888 dedit
145 2845 173 2892 et
194 2835 277 2904 inm,
310 2833 396 2914 quod
419 2847 451 2894 et
474 2833 625 2894 exhibent
643 2831 842 2894 Gronoviani
862 2845 893 2893 et
916 2833 980 2892 mei
1001 2833 1071 2892 reli·

58 2929 109 3003 qui.
132 2947 253 2995 tanturn
276 2933 407 3015 quidam
428 2935 596 2996 coniuncte
618 2935 730 3002 etiam.
757 2951 837 3014 quoa
858 2933 974 2992 inritati
998 2931 1070 2994 [unt

59 3025 223 3097 lleloulrlina
254 3051 287 3096 et
313 3037 349 3096 Δ.
379 3035 563 3098 Gronovius
595 3035 630 3094 lu
663 3035 714 3096 ed.
737 3045 798 3112 45.
830 3053 904 3094 curu
932 3035 1069 3114 liuppi0.

59 3129 130 3192 luent
150 3135 236 3216 [upra
265 3157 294 3204 t.
325 3153 376 3215 19,
404 3145 457 3216 ¹4·
484 3138 635 3206 occurrit,
668 3133 726 3194 ubl
748 3133 1015 3196 reclePlutlauut
1036 3148 1070 3197 et

57 3231 216 3318 timorem
246 3237 349 3298 Melae
378 3237 646 3300 accommodatius
671 3233 788 3298 divilit.
841 3231 892 3298 Cf.
918 3249 950 3312 3,
974 3255 1007 3314 9.
1035 3251 1069 3310 7.

56 3345 184 3399 etnotata
200 3340 238 3400 ad
261 3339 450 3418 Eutropium
472 3358 500 3406 t.
525 3359 578 3400 ιι.
600 3359 633 3420 p.
649 3348 707 3414 35.
761 3335 951 3398 Ciacconius
971 3337 1071 3400 eiecta

57 3439 185 3510 particula
212 3441 395 3521 [impliciter
423 3439 576 3501 malebat:
614 3439 647 3500 in
679 3435 842 3502 Calabria.
895 3437 1070 3524 Rehuigcr.

57 3533 210 3603 ucabrt'a.

113 3734 387 3834 Brundusium
396 3740 416 3824 )
439 3741 532 3806 Parii.
548 3763 576 3804 ι.
597 3757 629 3806 2.
645 3754 677 3804 et
691 3739 840 3804 Schottua
855 3737 1071 3830 Brundisium.

58 3833 125 3902 luter
153 3857 321 3926 utramque
354 3843 535 3924 scripturam
562 3845 756 3906 fluctuantur
777 3857 809 3904 et
832 3843 907 3902 alibi
936 3845 1070 3912 culices.

58 3951 80 3994 et
98 3945 176 4006 docti
204 3948 269 4006 viri
292 3965 329 4006 ex
353 3945 575 4008 vetustioribus
598 3961 631 4007 et
654 3943 838 4006 melioribus
864 3945 942 4004 adeo
968 3943 1070 4003 Brun·

56 4035 147 4127 diflunt
173 4045 422 4130 praeferendum
450 4045 587 4108 ceuleut.
639 4045 712 4108 Vltl.
738 4065 813 4106 cum
841 4045 997 4124 Prupertio
1026 4043 1068 4108 N.

58 4136 183 4212 Heiofiuc
204 4163 239 4212 et
261 4148 482 4212 [intenuit
502 4149 558 4211 Sil.
580 4148 649 4208 ital.
676 4159 709 4224 Β,
735 4157 818 4226 574.
846 4145 898 4206 hic
919 4145 1073 4206 etiamad

664 4249 691 4308 X
720 4263 740 4310 a
