2792 4940
351 427 439 482 mu
468 425 507 484 11.
550 425 640 482 c.11.
682 423 760 496 §.8-
1017 435 1076 502 ιη

47 610 160 658 rutrum
183 599 288 660 etiam
309 597 344 658 in
365 597 568 661 Samothrace
587 611 732 680 ponunt,
754 595 811 659 obi
830 595 962 680 quidem
977 597 1077 662 Heu·

47 713 82 758 ree
101 715 134 760 et
162 699 396 778 Corybantum
428 699 507 762 sacra
531 697 818 781 stequentabantur.
870 699 931 762 Sed
957 697 997 761 cs.
1022 701 1078 782 qui

47 801 120 878 plura
142 801 274 860 dabunt
295 798 466 862 Berkeliue
485 802 524 862 ari
545 800 741 882 Stephanum
766 821 797 882 p.
818 811 900 880 375.
934 801 1077 883 itemque

47 901 175 962 lltlsten.
200 923 235 983 p.
257 915 342 974 127.
379 901 579 964 &thuorin
600 901 717 986 (ieogr.
741 915 805 963 out.
826 919 857 970 o.
887 913 939 978 15.
964 915 1022 964 Μ.
1043 915 1078 964 et

46 1017 92 1077 92.
128 1001 264 1064 Potter.
288 1001 330 1062 acl
357 1001 561 1085 Lycophron.
583 1021 615 1064 v.
640 1017 700 1078 77.
741 1001 918 1064 Bochartot
939 1005 974 1062 in
994 1001 1077 1064 Cha·

44 1123 107 1162 nean
127 1123 157 1174 1,
182 1119 242 1164 an.
270 1103 329 1183 qui
350 1103 445 1164 ambo
462 1117 604 1186 pugnant
617 1123 676 1186 pro
695 1103 917 1166 Samothracia.
953 1105 1076 1188 Adtigit

46 1207 122 1263 etlam
146 1221 231 1264 eum
256 1216 410 1264 veterum
440 1201 612 1265 dissensum
639 1203 746 1266 Schol.
769 1203 918 1264 Nicandri
939 1203 976 1264 nl
1000 1223 1027 1266 c.
1051 1207 1074 1266 l.

45 1303 80 1361 lc
97 1306 143 1372 iia.
175 1307 237 1385 qui
254 1304 411 1366 Thraciae
430 1303 485 1386 ipsi
507 1305 661 1374 tribuunt,
686 1305 797 1366 Liriue
813 1325 840 1366 c.
857 1305 879 1368 l.
904 1307 937 1364 in
963 1307 1076 1366 Aenio-

45 1425 98 1462 nm
114 1403 243 1468 linibus
260 1407 367 1486 pouit.
420 1406 461 1467 At
481 1405 567 1467 [ivel
582 1405 657 1466 litua
673 1405 860 1472 conveniat.
886 1425 952 1466 non
969 1419 1075 1467 tamen

44 1508 245 1589 negligendae
261 1505 334 1565 sunt
349 1505 497 1566 codicum
513 1525 618 1576 rocca,
644 1526 723 1588 quae
738 1505 868 1588 quidem
888 1507 1075 1587 depravatae

44 1607 193 1682 §xiphion
217 1621 253 1668 et
275 1607 389 1668 similia
404 1607 591 1680 acclamaut;
626 1605 676 1669 sed
698 1609 739 1667 ita
756 1619 875 1668 tectum
899 1607 991 1668 lateat
1006 1609 1076 1669 Ser·

40 1711 106 1766 n'nm
127 1710 250 1792 potius
274 1727 375 1788 quam
396 1708 609 1786 Zazynthum.
661 1708 767 1790 Quam
788 1709 1001 1768 coniecturam
1023 1709 1074 1768 ari·

40 1811 137 1870 'auant
157 1809 239 1868 libri
264 1809 392 1868 Liviani
413 1809 544 1889 quitiam
566 1821 625 1888 31,
652 1811 707 1878 16.
729 1809 762 1872 6.
788 1811 841 1890 qui
858 1809 1023 1888 Serplreruu
1043 1823 1075 1870 et

39 1909 134 1970 inilia
156 1913 281 1974 edunt.
339 1909 482 1970 Serrium
507 1927 606 1991 prope
633 1909 742 1970 Zonen
772 1911 863 1990 ponit
892 1909 1075 1971 Herodotus

39 2025 64 2081 7.
87 2025 142 2088 ῆι).
174 2027 210 2072 et
237 2009 418 2090 Pliniuaa'p.
446 2007 538 2086 13.ss
561 2031 615 2072 ιι.
667 2007 717 2072 Cs.
740 2009 834 2070 etiam
854 2011 1015 2071 Demosth.
1040 2013 1076 2072 iu

37 2111 168 2192 Philipp.
183 2127 219 2189 3.
238 2131 272 2191 p.
293 2121 376 2186 114.
393 2111 444 2172 ed.
460 2109 571 2172 ileialt.
603 2129 702 2192 prope
719 2107 871 2172 Doriscon
890 2111 1074 2174 Licinius.

36 2229 64 2271 et
80 2213 249 2272 Demosth.
267 2215 303 2271 in
322 2211 461 2292 Philipp.
482 2221 516 2290 4.
540 2233 572 2294 p.
596 2225 675 2290 153.
727 2212 855 2272 Accedit
872 2225 1075 2274 momentum

36 2333 95 2372 non
117 2313 206 2383 leve,
244 2313 336 2392 quod
359 2311 541 2374 Herodotus
560 2331 587 2372 c.
607 2313 629 2376 l.
653 2305 754 2398 ἄκρην
778 2307 958 2398 ὀνομαστὴν
982 2327 1076 2374 vocat

39 2433 123 2496 prope
146 2411 316 2475 Doriscon
333 2413 498 2482 ellonem
527 2413 688 2494 Appianut
704 2413 743 2474 de
758 2413 795 2474 B.
813 2415 887 2476 civ.
903 2427 937 2492 4,
962 2399 1040 2476 ιοι.
1052 2411 1073 2476 l'.

39 2535 124 2598 prope
141 2511 311 2576 Doriscon
336 2506 408 2598 ἔρος
428 2525 460 2572 et
475 2513 542 2594 poll
563 2533 589 2574 c.
614 2533 693 2577 toa.
719 2505 877 2600 προῦχειν
899 2513 940 2587 εἰς
962 2509 1001 2576 τὸ
1024 2511 1077 2577 rre'·

37 2612 136 2697 inpar.
192 2617 358 2678 Ceterum
378 2613 503 2675 Graecia
524 2615 633 2676 usitate
652 2609 813 2700 Σὲῥρειον,
840 2617 924 2674 unde
942 2616 973 2674 in
994 2615 1076 2674 Lati·

36 2718 76 2777 nia
89 2718 194 2778 efferri
211 2713 392 2797 potestant
408 2713 576 2782 Serrlteum.
597 2717 680 2796 quotl
698 2715 843 2796 praetulit
856 2717 889 2774 in
907 2717 1000 2774 Livio
1016 2713 1073 2774 c.l.

34 2815 324 2880 Dralterrborchiue
344 2815 488 2874 codicum
514 2817 630 2876 indicia
655 2815 791 2884 secutus.
825 2829 880 2876 aut
910 2816 1074 2884 Sennium,

33 2923 104 2998 proti
128 2933 275 3002 propter
294 2914 472 2975 nostrorum
488 2915 642 2976 librorum
660 2917 791 2987 monita,
810 2915 1018 2999 adspiratione
1036 2929 1076 2975 ta·

34 3041 96 3079 nen
114 3043 185 3080 non
203 3036 314 3104 aeque
332 3015 482 3098 neglecta.
503 3019 587 3078 dedi.
626 3017 778 3077 Probavit
800 3017 881 3077 hauc
903 3019 1075 3076 lectionem

34 3127 114 3181 etiam
137 3119 325 3183 Salmasius
340 3117 377 3174 arl
395 3117 540 3176 solioum
565 3118 602 3177 ad
624 3137 651 3180 c.
673 3139 726 3178 to.
745 3115 766 3178 s.
789 3119 842 3180 16.
865 3139 896 3196 p.
919 3138 962 3180 ru.
992 3131 1073 3194 113.

34 3243 112 3298 paam
129 3221 354 3300 corruptione
372 3228 472 3276 onam
494 3231 583 3298 putat
602 3237 640 3277 ert
658 3217 820 3295 Serpltiruu
840 3237 897 3298 pro
918 3219 1074 3278 Serrltium

34 3321 218 3382 confatione
244 3319 316 3381 τῶν
337 3331 542 3394 retpnota.
577 3319 629 3380 Sic
645 3319 678 3377 iu
696 3319 768 3378 lulii
783 3319 958 3400 Capitolini
978 3319 1076 3378 Muxi-
1193 3389 1199 3402 α

33 3441 73 3481 tun
89 3439 120 3484 et
139 3421 295 3482 Balbino
318 3437 345 3478 c.
370 3435 396 3478 t.
416 3417 513 3480 l’alat.
535 3419 695 3497 Arpiaruts
718 3439 775 3499 pro
799 3421 960 3480 Arrianus.
1012 3419 1075 3481 Serl
1153 3477 1155 3486 ,

33 3527 85 3584 rit.
99 3519 245 3586 Salmas.
264 3521 307 3580 ad
331 3537 397 3598 cap.
420 3521 602 3598 proximum
624 3539 656 3600 p.
679 3539 723 3580 m.
745 3535 820 3580 tot.
859 3519 1022 3580 Drakenb.
1037 3519 1076 3578 atl

35 3622 90 3685 sir.
110 3639 172 3704 25.
198 3645 230 3690 t.
249 3623 289 3684 6.
318 3631 350 3678 ct
369 3637 449 3699 quoa
466 3633 634 3682 memorat.
672 3617 767 3681 Posui
783 3619 821 3682 arl
837 3620 971 3684 Codicca
992 3633 1075 3686 certe

35 3729 150 3810 propios
179 3721 365 3785 sensatum.

91 3942 132 3989 et
158 3945 277 4012 quos
288 3921 308 4002 )
358 3923 410 3985 Sic
435 3941 547 3986 omnes
574 3923 713 3994 codicet.
747 3943 827 4004 qum
848 3921 1074 3986 consuluerunt

37 4027 220 4114 stephanus,
245 4025 305 4102 (in
328 4023 472 4104 praelat.)
497 4025 661 4088 Salmasius
682 4025 735 4108 (ad
751 4027 850 4088 Solin.
866 4045 893 4087 c.
915 4023 1072 4086 10.s.16.

36 4149 97 4206 pm.
113 4155 127 4192 ι
141 4154 154 4192 ι
164 4127 223 4216 5.)
246 4141 287 4188 et
299 4143 360 4209 ego
376 4125 519 4192 adhibet.
550 4128 691 4188 Tantum
708 4124 791 4209 Lips.
807 4137 838 4188 et
853 4125 954 4212 qu0d3
980 4125 1070 4208 Prug.
