2836 4940
332 455 395 520 ne
630 447 878 508 ronronrr
920 416 1083 506 uritur

333 625 369 688 in
391 623 505 708 quibua
524 624 691 686 nonnullis
708 622 791 686 abest
811 623 924 684 ultime
942 643 1007 686 vox
1027 623 1190 704 contingit.
1228 619 1283 684 su
1297 639 1338 682 re

336 747 404 788 rem
426 725 555 790 exhibet
577 727 749 789 lectionem
771 727 872 787 codex
889 728 1049 807 optimae:
1079 723 1284 786 Pmdentt'ores
1297 723 1336 790 eir,

336 827 451 912 quibus
471 849 527 902 ,ors
539 825 686 920 studium
705 823 748 920 est
763 817 965 918 sapientiae,
996 847 1060 888 nort
1081 817 1259 917 exspectent
1276 843 1336 882 eon.

338 929 505 994 Convenit
525 931 626 990 codex
644 929 906 998 Amndetttanno,
929 927 986 988 nifi
1009 928 1096 1008 quod
1118 947 1174 1009 pro
1194 923 1337 986 eishabent

335 1033 428 1094 enim.
452 1063 501 1078 -
535 1033 760 1101 sumentem,
785 1031 839 1110 qui
857 1029 996 1091 studium
1019 1028 1185 1113 sapientire
1203 1037 1337 1088 converte·

333 1146 413 1196 runt
427 1133 461 1194 in
480 1144 579 1194 ortem
597 1133 742 1202 vincenii,
768 1143 801 1192 et
815 1149 881 1192 nou
901 1131 960 1192 nist
975 1132 1107 1192 demum
1124 1133 1204 1192 vitre
1219 1127 1292 1210 pleni
1304 1156 1336 1170 -·

334 1231 503 1320 gloriolam
518 1233 575 1295 fibi
590 1231 784 1294 accerserunt
801 1245 950 1295 mortem.
985 1251 1120 1294 voeervs
1143 1235 1176 1294 r'n
1197 1225 1336 1310 appnrdioe

335 1335 382 1398 acl
409 1334 492 1398 lul.
555 1335 655 1398 Recte
681 1335 721 1398 de
746 1336 791 1395 eis
815 1347 926 1395 monet
956 1333 1155 1397 Gronovius.
1205 1333 1247 1392 lta
1271 1329 1337 1388 enin

335 1451 370 1506 Ω,
392 1452 425 1506 Ω.
445 1445 479 1518 4.
513 1437 558 1498 At
579 1434 691 1520 quibus
715 1427 871 1526 consolari
890 1455 945 1495 ear
972 1433 1167 1528 arrinturest
1192 1445 1224 1495 et
1244 1430 1336 1490 fimilit.

333 1535 478 1602 Pertinet
503 1537 591 1598 enim
616 1538 656 1599 ut
682 1537 915 1620 praecedentia,
950 1555 1015 1618 qno
1041 1537 1078 1597 in
1104 1557 1186 1598 nexu
1208 1536 1336 1616 langueat

334 1639 412 1702 Non
428 1641 527 1724 nugis
542 1639 643 1720 placet
658 1641 750 1709 enim.
773 1639 861 1720 quod
877 1641 911 1699 in
927 1637 985 1699 hac
999 1641 1174 1700 continuae
1188 1630 1338 1697 narratiooit

332 1755 421 1826 perte
437 1743 551 1802 melius
564 1739 657 1802 abest.
693 1743 758 1802 'Aut
779 1741 875 1824 igitur
891 1741 983 1822 plane
999 1758 1077 1800 cum
1096 1735 1259 1803 Cibinienfi
1276 1747 1338 1793 uttr-

333 1863 396 1926 que
414 1862 476 1904 vox
492 1843 625 1904 delenda
645 1840 704 1913 est,
730 1854 786 1904 eut
805 1859 877 1902 curn
896 1839 1065 1902 Gronovio
1082 1855 1114 1902 et
1134 1841 1239 1922 reponi
1256 1834 1337 1900 debet

332 1941 526 2026 quod‘facile
547 1944 669 2006 transiit
681 1944 715 2004 in
731 1945 776 2014 ei,
804 1943 889 2004 unde
908 1940 1063 2004 scribendi
1085 1939 1268 2024 compendio
1282 1931 1338 1997 exfl-

331 2043 394 2106 luit
413 2045 505 2113 euim,
531 2045 581 2104 vel
599 2065 700 2106 nenne
715 2043 801 2106 caule
816 2043 959 2106 effictum
973 2042 1017 2104 est
1034 2045 1091 2108 et's.
1144 2043 1274 2105 Verbum
1287 2055 1340 2095 rou·

332 2145 432 2225 titrgit
456 2167 472 2205 n
496 2143 628 2206 librariie
649 2143 803 2206 infertum
826 2165 893 2206 non
916 2146 1061 2215 videtur,
1088 2147 1176 2226 quod
1197 2137 1339 2230 agnoscunt

301 2319 303 2324 ,
331 2246 474 2328 plerique
507 2265 566 2306 nec
596 2247 631 2306 in
661 2249 699 2308 iis
734 2247 901 2308 deterioris
927 2259 1022 2308 notae
1055 2247 1194 2308 codices.
1242 2234 1338 2303 Volstut

330 2343 427 2408 infert
453 2345 593 2418 tentum,
625 2367 693 2408 non
715 2346 828 2418 refert,
861 2363 894 2411 et
917 2347 997 2408 male
1018 2369 1073 2408 ars
1096 2367 1172 2408 curn
1186 2337 1340 2437 sapientior

330 2449 443 2518 nectit,
468 2467 541 2509 curn
557 2468 613 2530 per
630 2446 658 2510 se
676 2448 732 2510 stet
746 2451 852 2532 postte.
906 2451 987 2510 Duri
1006 2464 1116 2511 temen
1135 2448 1249 2529 aliquid
1267 2439 1337 2504 inette

329 2569 398 2612 non
429 2569 525 2633 nego.
586 2552 644 2612 Are
672 2553 760 2612 enirn
786 2567 819 2613 et
848 2551 994 2633 sapientia
1027 2553 1216 2634 contingere
1241 2544 1338 2629 potunt

331 2651 441 2722 elicui,
466 2671 504 2712 an
521 2670 598 2712 vero
620 2651 716 2712 etiem
731 2651 885 2722 [ludium.
911 2651 1055 2712 dubitare
1071 2653 1181 2720 liceat,
1206 2651 1238 2710 in
1254 2641 1339 2728 primlt

331 2771 405 2814 cum
423 2755 567 2834 proxime
583 2753 629 2812 illi
648 2751 862 2838 subiungatur.
898 2749 971 2816 1³0·st
989 2771 1049 2838 pro
1072 2751 1240 2834 ingerendo
1254 2745 1339 2811 ethin.

330 2853 550 2937 ingrediendo,
581 2873 648 2918 non
670 2853 764 2918 benc.

407 3047 646 3148 arcessunt)
698 3057 834 3121 Codices
858 3057 1002 3140 plerique
1026 3069 1059 3119 et
1082 3057 1241 3119 editiones
1261 3067 1343 3114 necer-

321 3145 420 3249 sunc;
453 3159 551 3220 Vetic.
572 3173 689 3229 tamen,
713 3161 849 3244 liehuig.
876 3159 960 3248 ⁰⁰5¹·
978 3173 1011 3220 et
1028 3156 1111 3219 forte
1127 3159 1239 3220 Vener.
1255 3155 1343 3216 Horu.

329 3278 403 3319 curn
422 3257 494 3319 edd.
512 3277 541 3321 1.
562 3275 594 3322 α.
613 3273 646 3339 5.
661 3271 697 3338 q.
713 3275 747 3338 5.
765 3279 798 3340 9.
818 3280 873 3323 tt.
896 3279 949 3322 ιε.
970 3274 1024 3338 13.
1046 3269 1099 3338 14.
1120 3276 1178 3339 19·
1196 3247 1342 3346 ureeffunt·

328 3363 379 3422 uti
394 3361 585 3422 recentiores
600 3361 675 3423 inde
690 3382 706 3422 a
724 3363 748 3423 l.
766 3361 946 3424 Gronovio.
973 3379 1178 3422 rzeouvcrre.
1226 3343 1306 3420 too.
1321 3374 1342 3412 ι.

328 3474 504 3524 accerume
525 3479 582 3542 pro
605 3455 786 3552 arceffiuut‚
820 3463 860 3523 de
882 3482 946 3543 quo
969 3463 1069 3524 verbo
1087 3463 1154 3546 egit
1175 3456 1343 3523 Oudendor-

329 3565 403 3646 piue
424 3565 457 3624 in
478 3563 564 3624 notio
583 3563 621 3623 ad
639 3563 784 3626 Frontin.
801 3563 857 3625 lib.
878 3583 907 3626 t.
932 3584 998 3646 cap.
1016 3581 1050 3642 9.
1072 3567 1100 3642 §.
1119 3577 1154 3642 3.
1177 3575 1209 3623 et
1227 3577 1255 3631 2,
1272 3564 1341 3632 Μ»

331 3683 365 3726 Α.
390 3683 596 3726 onortovtve.
647 3666 864 3726 lnveteratum
886 3685 1035 3734 errorem,
1059 3683 1122 3744 quo
1144 3662 1287 3724 scribatur
1303 3677 1343 3717 ac·
1385 3671 1386 3752 q

329 3755 430 3855 corso,
464 3767 542 3826 dicit
571 3764 739 3828 Muncker.
767 3767 807 3828 ad
839 3766 962 3849 Hygini
986 3763 1048 3828 fab.
1073 3775 1133 3842 88.
1163 3785 1196 3846 p.
1223 3771 1295 3842 eqo.
1315 3767 1342 3816 et
1385 3755 1386 3850 l

330 3850 505 3928 Larubinuo
521 3869 599 3929 adeo
614 3869 653 3928 ad
667 3867 803 3951 Nepotis
814 3869 954 3928 Dionem
972 3882 1005 3937 Ω,
1024 3881 1057 3928 2.
1084 3865 1230 3926 Latinam
1245 3871 1341 3923 vocem

329 3965 389 4030 effe
406 3981 512 4051 neget.
546 3968 762 4050 De'scriptnra
779 3959 896 4058 nrctffo
912 3969 1039 4030 monuit
1056 3969 1117 4028 inm
1133 3965 1212 4026 olim
1226 3963 1341 4026 Colerut
1385 4039 1386 4050 ἵ

329 4068 369 4128 erl
386 4069 484 4131 Valer.
502 4069 587 4131 tttax.
606 4085 638 4140 α,
657 4085 689 4150 5,
708 4089 738 4133 o.
764 4085 798 4132 et
816 4071 893 4132 hinc
915 4069 1012 4132 Corte
1030 4069 1068 4130 ad
1084 4066 1203 4130 Sallust.
1219 4065 1249 4126 d.
1263 4061 1294 4122 Β.
1308 4058 1337 4120 C.

329 4185 396 4248 cop.
412 4179 473 4250 40.
488 4167 512 4232 i.
539 4185 573 4232 et
588 4189 670 4252 quoe
692 4186 860 4244 memorat.
884 4171 1026 4255 itemque
1043 4166 1207 4234 Drakenb.
1228 4165 1264 4227 ul
1280 4161 1339 4222 lir.
1385 4191 1386 4196 κ
