2836 4940
372 443 462 500 ιιι.
491 444 543 498 ιιι.
587 442 620 500 c.
642 445 705 504 v11.
749 443 775 514 ι.
799 457 828 514 3.
1056 457 1119 524 227

76 639 174 684 mum
201 635 318 681 vocure
340 613 435 686 solet,
465 617 565 679 Varie.
587 637 617 680 ι.
640 629 672 680 et
695 631 727 696 5.
749 617 857 680 Havn.
877 617 971 680 Parii.
992 633 1024 698 3.
1047 643 1121 701 pru·

79 723 240 784 deestiores
265 721 324 788 eis,
356 715 485 800 quibem
528 719 614 780 Gud.
646 719 820 781 Mediolon.
843 720 1058 798 prudentiores
1081 725 1118 794 ei,

80 821 215 908 quibust
254 821 391 884 Chiisen.
420 820 638 884 Arundellian.
666 821 756 906 Preg.
785 823 898 886 Vener.
921 821 1005 904 Lips.
1034 825 1121 886 Reh-

85 927 187 1010 diger.
205 921 298 986 Parit.
320 943 350 985 ι.
370 937 404 984 2.
422 921 639 1002 prudentiores
652 925 742 990 euius,
764 921 894 1005 quibus;
921 925 1029 988 Cibin.
1046 948 1119 1004 pru·

86 1025 254 1096 deutiorer,
275 1021 404 1109 quibus;
432 1023 569 1085 Vindob.
582 1024 709 1084 videtur
726 1024 872 1087 obtuiiffe
890 1025 1118 1105 prudentiores,

82 1141 117 1188 et
136 1125 256 1210 quibus.
308 1126 476 1186 Editiones
500 1124 722 1187 Prudentiores
743 1128 803 1197 eis,
829 1125 939 1208 qrss'bus
961 1131 1121 1208 usquead

62 1228 325 1290 ‘Gronovianam
349 1228 504 1309 primurm
537 1227 572 1286 in
594 1227 688 1288 altera
712 1229 798 1288 enirn
818 1229 949 1312 legitur:
983 1230 1122 1292 Pruden-

82 1331 180 1392 tiorer
209 1342 242 1390 et
270 1327 400 1412 quibus,
443 1327 532 1409 quod
567 1347 640 1388 com
675 1331 895 1392 Reinoldiunis
928 1345 1122 1413 exceperunt

83 1431 292 1514 posteriores;
336 1445 462 1490 tuntum
500 1449 539 1490 ex
572 1427 785 1513 superioribus
819 1429 984 1492 Henischii
1020 1435 1121 1496 editio

83 1533 192 1613 (34.)
219 1532 440 1594 Prruieutiores
462 1527 589 1613 quibus.
622 1533 730 1594 omitia
761 1553 839 1594 voce
869 1535 922 1594 eir.
975 1535 1124 1596 Succedit

81 1655 157 1716 pars
177 1633 329 1716 posterior
348 1633 460 1692 itidem
480 1633 605 1716 agitatu.
658 1628 823 1696 Voffianus
844 1637 995 1715 optimus.
1024 1637 1124 1696 Arun-

85 1737 264 1806 sicilianos,
301 1735 392 1818 Prag.
422 1735 534 1796 Venet.
560 1755 613 1794 ars
628 1732 836 1826 studiumque
859 1733 902 1819 eft
926 1727 1124 1826 sapierrtiae;

85 1839 229 1921 Rehsiig.
253 1858 305 1897 ars
320 1832 506 1926 etstudium
520 1825 717 1926 sapiesrtioet
744 1837 840 1898 Vatic.
858 1851 890 1914 3.
912 1859 965 1898 ors
975 1835 1125 1928 studium

84 1954 120 2000 et
133 1930 331 2028 sapientiae3
357 1935 450 1998 Parit.
464 1953 495 2000 2.
517 1936 625 1998 Cibin.
641 1957 694 1998 ars
704 1936 911 2028 studiumque
924 1929 1125 2030 sopierstioe;

85 2042 191 2102 Varie.
213 2061 242 2102 ι.
265 2061 319 2100 ors
328 2029 742 2131 studiumquesortientium
769 2039 861 2101 Puris.
882 2053 914 2116 5.
938 2039 1018 2122 Lipi.
1042 2041 1127 2104 Gud.

85 2143 200 2204 Hevrr.
215 2138 417 2233 arsstudium
425 2131 617 2230 supientiae,
639 2161 743 2222 neque
760 2143 848 2202 aliter
864 2141 959 2204 Perii.
977 2165 1005 2204 ι.
1021 2141 1128 2203 omitia

87 2257 220 2304 tantum
242 2263 322 2303 voce
345 2263 408 2302 ors.
460 2241 544 2303 Edd.
567 2261 596 2303 ι.
620 2259 652 2304 2.
679 2255 711 2321 3.
735 2255 768 2324 4.
793 2259 826 2320 5.
847 2245 879 2306 6.
905 2259 936 2314 7.
961 2257 993 2320 8.
1015 2262 1048 2322 9.
1073 2263 1126 2305 ιο.

93 2365 154 2406 ιι.
177 2362 230 2408 ι2.
256 2357 309 2422 13.
332 2361 383 2418 ιιι.
409 2356 463 2416 15.
485 2361 539 2415 17.
563 2361 617 2432 19.
636 2363 692 2405 tto.
710 2359 766 2420 25.
790 2344 904 2426 tprs'bus
923 2344 1129 2436 aristodium

81 2437 285 2537 saprierrtt'oe,
312 2465 405 2525 quarn
422 2438 594 2506 lectionem
613 2445 791 2506 instauravit
807 2446 1014 2516 lieiuoldiur·3
1048 2459 1129 2506 cete·

89 2567 145 2608 sae
160 2549 234 2609 eriri.
255 2547 393 2606 Vadiono
410 2546 500 2613 duce.
522 2543 634 2627 quibus
654 2567 707 2606 ors
718 2543 926 2639 studiumque
938 2537 1127 2635 feruentior.

92 2667 299 2712 rescuvctru.
353 2647 464 2708 Fortes
499 2647 713 2724 prudentiores
731 2661 761 2708 et
779 2649 836 2716 eis.
862 2649 911 2707 vei
935 2669 973 2707 ex
994 2649 1052 2716 eis,
1077 2647 1130 2708 vel

91 2765 187 2812 vacet
201 2751 297 2811 dictio
313 2749 368 2812 eis.
396 2767 604 2810 ossecoutvs.
655 2747 803 2810 Mirificae
821 2761 945 2832 oportet
964 2747 1021 2808 elie
1037 2751 1131 2810 ratio·

92 2873 153 2914 nes·
168 2853 329 2918 omniunt,
354 2851 407 2932 qui
430 2851 505 2910 baec
521 2853 563 2910 ita
581 2849 731 2912 iniiineut
748 2853 850 2918 eslere,
877 2869 976 2930 quum
992 2851 1024 2908 iu
1042 2850 1131 2910 nullo

94 2955 138 3016 iic
173 2954 354 3013 invenerim
385 2951 532 3032 [criptum
567 2953 687 3012 codice.
741 2951 906 3014 Cirifianos
939 2947 1133 3032 praeferebat

94 3054 318 3136 prudentiores
340 3055 431 3120 euim,
453 3049 574 3136 quibus.
615 3055 652 3113 ln
669 3053 730 3114 alio
750 3048 877 3141 [Gud.]
895 3053 1036 3135 tegebant
1060 3073 1134 3130 pru·

97 3157 256 3217 deutiores
277 3155 305 3214 ei
324 3152 444 3236 quibus,
468 3169 501 3216 et
521 3157 562 3214 ita
578 3155 610 3213 in
636 3153 809 3218 Mediolan.
862 3155 924 3214 Hic
941 3159 1062 3234 primns
1082 3153 1135 3216 de·

98 3257 196 3320 bebat
217 3257 277 3318 effe
299 3255 442 3316 stimulus
467 3273 534 3315 nors
557 3253 770 3336 acquiescendi
794 3257 868 3316 hnic
888 3273 1074 3316 commento
1096 3275 1136 3316 ex

100 3357 189 3420 causa
216 3357 353 3417 vetustae
378 3357 534 3418 lectionis.
584 3356 762 3422 Praetereo.
794 3359 882 3439 quod
904 3377 990 3416 nunc
1011 3359 1136 3440 legitur.

101 3461 145 3522 eit
162 3475 194 3522 et
211 3456 312 3539 ipsum
336 3473 444 3518 contra
468 3460 598 3542 genium
619 3459 737 3528 Melae,
770 3461 906 3542 quinon
927 3457 1002 3518 [olet
1024 3458 1136 3518 talibus

102 3563 305 3644 praemittere
326 3579 516 3640 pronomen.
568 3561 755 3642 Legenduns
774 3563 879 3620 euim:
906 3558 1137 3628 I’rudeutiores.

101 3677 133 3722 et
155 3659 267 3744 quibus
290 3682 342 3720 ors
351 3658 570 3750 studiumque.
610 3664 717 3742 ltaque
733 3663 761 3720 iri
782 3660 902 3722 secutos
920 3657 975 3719 fui.
1012 3680 1033 3720 1.
1054 3677 1137 3720 ouo·

104 3782 247 3826 uovsvs.
297 3761 379 3843 Quia
397 3763 429 3822 io
448 3759 502 3822 iuo
521 3761 602 3822 libro
618 3783 675 3843 pro
691 3764 735 3824 sis
753 3763 936 3823 Gronovius
951 3762 979 3819 ei
1001 3763 1136 3852 invenit,

103 3866 178 3926 ideo
201 3865 312 3924 locum
333 3863 419 3924 huuc
436 3862 474 3922 iic
493 3865 664 3948 legendum
690 3863 808 3926 censet:
848 3862 1082 3930 pudentiores,
1106 3875 1137 3921 et

104 3965 217 4050 qssr'bus
235 3961 515 4055 orsstudiuruqus.
566 3965 627 4028 Sed
650 3986 714 4025 non
737 3966 893 4024 intellexit.
913 3963 1047 4032 Metam,
1078 3983 1138 4023 nec

104 4069 205 4136 vidit.
232 4065 287 4126 ubi
305 4066 391 4125 uicus
408 4066 511 4126 lateat.
565 4067 653 4149 Quid
671 4069 756 4126 enirn
779 4071 838 4125 hoc
860 4067 893 4124 in
911 4065 980 4123 ioco
998 4067 1051 4124 tibi
1069 4066 1140 4124 vult

106 4189 156 4230 rus
176 4159 388 4260 sapientiae?
438 4167 561 4228 lterum
585 4171 691 4250 itaque
713 4167 859 4229 consului
885 4183 1006 4256 veteres
1032 4165 1140 4234 libros,

736 4271 761 4330 P
790 4283 810 4330 ι
