2814 4946
345 429 436 486 cro.
465 431 503 486 rr.
548 431 581 488 c.
610 433 676 492 vn.
719 431 744 500 q.
772 429 819 488 16.
1045 431 1107 515 5⁶⁹

66 601 156 664 Sicll.
173 601 247 666 Vol.
264 601 322 680 6.)
348 616 381 666 et
397 617 520 689 praeter
535 605 613 668 alloa
626 604 747 670 liniche
761 605 795 668 in
811 605 888 670 Lex.
906 627 999 672 uum.
1013 609 1055 673 T.
1073 617 1108 688 5.

67 703 105 764 P.
131 723 162 766 ι.
186 723 220 786 p.
238 703 309 776 627
328 703 390 786 iqq.
423 720 455 768 et
482 705 611 770 Eclrhel
632 709 667 769 in
694 709 837 771 doctriua
860 727 987 772 numer.
1013 709 1052 774 P.
1077 731 1109 775 ι.

69 806 145 866 Vol.
168 823 198 866 ι.
223 827 256 888 p.
275 819 344 885 248
360 806 402 890 lq.
453 808 671 894 suffragentur
691 808 919 892 inscriptiones,
943 831 1021 892 quoe
1035 831 1110 874 con·

70 905 220 990 legerunt
235 907 429 972 Gualtherue
444 911 478 970 in
495 911 565 974 Vol.
583 922 616 988 5.
639 909 717 974 thel.
733 911 819 975 Sicil.
836 931 868 992 p.
884 924 970 991 925.
1004 912 1110 974 Mura-

70 1009 175 1067 toriue
195 1027 227 1090 p.
252 1021 357 1090 ιο85,
376 1021 409 1088 5.
434 1025 466 1071 et
481 1011 645 1075 castelline
659 1033 691 1094 p.
710 1025 769 1090 51.
812 1013 1018 1090 Tourontenio
1034 1013 1111 1100 legi·

72 1123 125 1168 tur
147 1110 243 1169 etiam
266 1111 298 1170 in
319 1111 382 1173 tab.
399 1111 584 1198 Peutinger.
606 1111 640 1176 6.
658 1115 696 1176 E.
750 1113 845 1196 Apud
864 1113 1045 1176 castellium
1067 1115 1111 1178 est

72 1211 357 1296 Ταυρομενειτων,
384 1215 466 1296 npurl
492 1213 706 1276 Muratorium
726 1215 998 1286 Tauromenitani,
1023 1219 1111 1280 unde

71 1325 176 1392 patet.
207 1314 314 1376 minue
332 1330 417 1376 recte
437 1315 475 1376 ab
491 1315 650 1378 Eckhelio
671 1317 862 1397 reprehendi
877 1329 911 1376 et
931 1319 1044 1380 erroris
1064 1339 1112 1382 re·

73 1410 185 1496 elargui
202 1413 442 1487 Burmannum,
472 1419 527 1498 qui
550 1437 589 1480 ex
609 1437 710 1480 numo
734 1417 936 1480 Dorvilliano
951 1419 1112 1508 Teupopu·

73 1535 207 1576 vernone
230 1517 353 1586 retulit,
379 1517 466 1598 quoti
483 1519 517 1578 in
535 1519 661 1582 Graecia
677 1531 803 1580 tantum
819 1517 1060 1606 Ταυρομενίτης
1078 1537 1112 1584 ct

71 1611 293 1702 Ταυρομένιος
313 1619 346 1678 in
363 1617 419 1678 uin
436 1616 567 1682 inerint.
619 1619 747 1704 Nempe
761 1619 838 1682 haec
854 1631 979 1682 tanturn
995 1623 1027 1682 in
1045 1623 1113 1684 Ste-

72 1716 182 1798 phano
205 1734 510 1783 commemorantur.
562 1721 705 1783 Adiuvat
723 1737 880 1803 praeterea
896 1723 1115 1807 etymologiae

74 1821 173 1888 ratio.
207 1820 296 1900 quod
316 1839 332 1881 a
351 1818 454 1910 μένειν
474 1823 538 1883 hoc
559 1841 681 1884 nomen
705 1823 793 1884 ducit
814 1823 948 1884 Diodor.
967 1825 1029 1886 Sic.
1056 1835 1112 1902 14.

76 1931 135 1997 59.
155 1933 188 1980 et
211 1922 266 1988 16.
290 1939 323 1998 7.
376 1923 462 1984 Hinc
478 1925 574 1984 etiam
590 1925 653 1984 viri
674 1924 761 1985 docti
776 1925 911 1984 eandem
930 1923 1114 2006 scripturam

74 2023 262 2083 auctoritate
278 2019 330 2083 itta
343 2035 473 2084 tuentur
488 2037 518 2085 et
532 2025 686 2107 exemplis
702 2023 893 2106 praeierunt.
917 2023 967 2088 cf.
982 2025 1112 2092 Graller.

76 2123 113 2182 ad
134 2125 240 2184 Solio.
262 2143 289 2186 c.
319 2145 374 2188 ιι.
416 2125 566 2188 Heinliue
584 2127 623 2186 ad
649 2127 707 2190 sit.
730 2127 799 2188 Ital.
827 2137 882 2204 tq.
908 2127 992 2204 256.
1019 2143 1052 2188 et
1073 2127 1114 2192 ad

78 2224 177 2286 Ovid.
201 2224 367 2303 Fallunt„
385 2236 471 2304 475.
506 2226 718 2310 Oudendorp.
736 2227 775 2288 ad
794 2229 958 2290 Lucane.
976 2229 998 2290 l.
1034 2227 1115 2290 Bur·

76 2345 184 2386 mann.
206 2327 244 2386 ad
261 2327 412 2388 Dorvillii
434 2329 537 2391 Sicula
557 2349 589 2412 p.
609 2342 693 2408 373.
721 2327 778 2389 ubi
795 2329 900 2412 plures
917 2347 1114 2394 commemo·

76 2441 196 2498 nutur,
224 2441 257 2488 et
272 2425 420 2494 Garaton.
439 2430 479 2492 ad
494 2429 598 2494 Cicer.
616 2431 651 2492 in
666 2431 791 2494 Verrio.
813 2445 847 2503 2,
866 2431 926 2494 66.

153 2629 380 2714 Catinam)
440 2631 526 2718 Lipi.
563 2633 759 2708 Chotinem‚·
801 2633 894 2718 Prag.
924 2629 1116 2705 Getieineme

80 2733 253 2818 Rehdiger.
278 2733 482 2814 Collyrium
507 2731 644 2798 Voffiani
661 2739 800 2817 itemque
816 2734 928 2814 reliqui
944 2735 1009 2796 mei
1026 2733 1116 2796 Coti·

80 2856 164 2904 nmn,
189 2837 239 2894 uti
255 2835 422 2917 pleneque
444 2837 620 2910 editionem
647 2851 773 2898 tantum
796 2849 852 2915 13.
872 2833 1055 2908 Catonem,-
1081 2845 1115 2912 8.

82 2935 281 3008 Contionem
324 2949 379 3012 15.
414 2953 467 3012 ¹7·
498 2957 555 3002 eu.
584 2953 642 3017 23.
674 2938 858 3000 Continum.
909 2953 1116 2998 rzecnvcrc.

79 3038 147 3098 Alia
173 3041 206 3098 iu
225 3037 330 3099 Sicilia
356 3037 496 3112 Cetine,·
525 3040 583 3101 alia
609 3039 751 3102 Catone.
804 3037 853 3098 hb
878 3035 936 3098 hac
960 3037 1119 3100 Coronaei

80 3153 111 3200 et
132 3129 352 3229 catanenses,⁸
376 3139 482 3201 chilla
500 3131 697 3232 Corinenses.
744 3137 934 3201 Hermolaus
957 3133 1015 3224 [ad
1032 3137 1115 3200 Plio.

83 3253 114 3319 5,
143 3249 200 3318 ι4.
216 3237 237 3302 l.
256 3233 311 3324 8.]
334 3259 431 3302 uttam
455 3243 624 3326 intelligit,
657 3261 737 3322 quae
760 3239 885 3302 Graecia
905 3239 1037 3320 quidem
1058 3238 1119 3300 fre·

80 3345 237 3424 quentiue
255 3341 394 3412 Catone.
416 3342 538 3406 Latinio
553 3343 618 3406 iere
634 3343 755 3404 Catina
768 3343 899 3402 dicatur.
927 3359 1117 3405 vnornnve.

80 3443 193 3506 Scribo
214 3441 371 3514 Catanen,
400 3463 467 3506 nou
492 3445 655 3515 Catinam,
685 3457 717 3506 et
737 3443 884 3524 Megara,
915 3460 983 3504 non
1006 3443 1119 3525 Mega·

82 3543 165 3614 ride.
192 3559 366 3625 utrumque
380 3565 419 3607 ex
435 3545 600 3618 Strabone.
625 3540 700 3632 [lib.
714 3543 746 3610 6.
765 3565 796 3626 p.
812 3565 856 3606 m.
877 3553 957 3620 ι85.
974 3541 995 3608 l.
1015 3537 1119 3632 260.]

81 3645 260 3728 Stephano,
284 3645 332 3724 [h.
349 3649 398 3728 ι]
423 3647 619 3728 Ptolemaeo,
643 3649 695 3728 [5,
711 3649 762 3728 tp]
793 3645 995 3724 Thucydide.
1017 3645 1066 3724 [6.
1085 3659 1120 3725 8.

82 3763 114 3808 et
136 3747 239 3829 alibi]
273 3747 491 3830 Xenophonte
523 3748 661 3812 secundo
695 3747 901 3817 Heliconiae,
928 3741 976 3834 [c.
1003 3759 1034 3826 3,
1062 3739 1119 3831 5.]

84 3869 101 3909 a
120 3848 238 3931 quibu·
257 3849 292 3909 iu
309 3848 545 3934 orthographia
562 3851 754 3914 Graecarum
769 3849 949 3910 dictionum
970 3847 1122 3910 libentius

85 3949 147 4021 iio.
179 3969 311 4032 quanta
334 3951 432 4012 Plinii
455 3945 512 4038 [3.
533 3961 588 4036 ¹4·
606 3953 626 4014 l.
645 3945 699 4038 8.]
733 3961 767 4012 et
787 3949 961 4030 Pomponii
985 3963 1017 4010 et
1039 3950 1122 4010 Lati·

85 4071 203 4114 norum
239 4065 409 4114 auctorum
446 4051 710 4135 depravatishmie
742 4048 988 4134 exemplaribus.
1053 4049 1122 4113 Nec

86 4155 170 4236 apud
203 4173 257 4216 me
289 4155 428 4218 rationee
455 4155 620 4220 Herruolai
644 4157 679 4218 in
713 4153 905 4216 contrarium
931 4151 1026 4214 ullius
1052 4149 1124 4214 sunt
1189 4179 1192 4184 ·
