2784 4944
313 465 375 530 502
611 449 862 509 nouronrr
900 447 1066 506 uerte

315 621 420 715 ἄκραν
444 639 570 688 tantum
592 625 625 685 in
641 625 791 687 Anconae
809 623 868 684 filu
890 635 1139 695 commemoret,
1165 641 1224 686 nec
1244 623 1364 706 inepte

312 731 479 793 Pintianue
500 725 647 792 Plinium
670 728 704 787 iu
726 724 896 786 subsidium
918 725 1039 788 vocalle
1055 727 1195 790 videtur.
1245 725 1366 786 Potest

312 821 411 893 etiam
431 831 494 892 huc
515 823 621 890 arcell't
642 828 731 890 locus
745 827 898 910 Procopii
917 827 956 890 de
972 827 1009 888 ll.
1030 826 1129 890 Goth.
1149 843 1181 897 e.
1204 841 1260 905 13.
1296 828 1365 888 nbi

311 929 415 1020 πέτρα
440 925 592 1015 ἐγγώνιος
613 941 743 993 vocatur
761 943 794 988 et
816 923 939 1012 ἀγκῶνι
960 923 1118 1016 ἐμφερὴς,
1145 929 1230 989 uude
1247 929 1365 1010 adpel-

311 1033 399 1097 latio.
450 1034 512 1096 Sed
539 1031 668 1116 longius
693 1025 839 1113 proce'dit
870 1041 904 1088 ot
928 1029 1010 1090 ultra
1042 1030 1196 1092 libromm
1222 1030 1365 1113 vestigia

312 1137 380 1198 etur
413 1133 614 1205 emendatio,
653 1153 732 1214 quae
764 1131 963 1212 sequentium
1004 1131 1098 1192 etiam
1137 1131 1366 1192 mutationem

311 1239 418 1300 traxit.
470 1237 574 1320 Quare
597 1235 724 1296 admitti
748 1247 833 1295 recte
855 1251 922 1293 uon
951 1231 1069 1314 potest,
1105 1229 1155 1294 sed
1180 1233 1217 1293 ad
1246 1249 1365 1294 acutas

311 1340 374 1400 viri
400 1337 511 1422 sagacis
540 1339 735 1397 coniecturas
758 1334 893 1417 ablegari
916 1334 1022 1396 debet.
1075 1334 1182 1394 lmmo
1203 1353 1241 1394 ex
1268 1336 1365 1395 Stra·

311 1439 399 1502 bone
423 1439 561 1521 adparet,
586 1438 844 1520 promontorium
865 1435 943 1494 illud
965 1435 1008 1520 τῇ
1027 1427 1105 1522 πρὸς
1126 1429 1185 1508 τὰς
1209 1427 1366 1522 ἄρκτους

311 1537 495 1629 ἐπιστροφῇ
521 1553 651 1621 portum
678 1537 824 1608 effecisse,
859 1538 948 1597 cuius
969 1537 1098 1596 alteram
1120 1551 1239 1618 partem
1266 1541 1367 1618 paul·

310 1643 380 1704 lum
398 1663 436 1704 ex
455 1642 572 1702 inflexu
588 1642 825 1722 prominentem
842 1637 880 1697 ad
903 1651 1096 1720 portumque
1116 1639 1367 1702 iuclrrdendunr

227 1799 230 1812 ,
310 1743 527 1811 uecellarianr‚
561 1742 698 1802 alterum
719 1741 994 1822 promontorium,
1029 1739 1118 1800 cuiue
1142 1738 1280 1822 speciem
1309 1763 1365 1803 re-

310 1843 448 1915 ferebat,
475 1841 577 1904 noller
596 1843 734 1904 vocavit.
785 1842 833 1901 Ex
849 1839 979 1924 angusto
999 1841 1096 1924 igitur
1112 1845 1365 1922 promontorio-

309 1967 381 2006 rum
409 1947 529 2008 horum
552 1943 589 2004 erl
617 1943 735 2003 flexum
759 1942 850 2002 illum
873 1939 1006 2002 formata
1030 1957 1190 2024 tamquam
1212 1943 1368 2008 inflexus

310 2048 436 2109 cubitus
463 2043 647 2129 adsurgebat
673 2045 813 2106 Ancona.
866 2037 984 2130 Instcxi
1012 2037 1101 2104 enim
1126 2045 1234 2125 potius
1262 2061 1365 2105 retu-

308 2149 402 2209 lerim
424 2149 462 2208 ad
483 2139 522 2209 τὸ
545 2143 656 2216 cubiti,
690 2165 785 2226 quam
808 2145 867 2232 hap
890 2163 971 2206 voce
995 2145 1150 2206 nudatum
1173 2145 1261 2205 inin
1311 2169 1368 2209 xu

309 2269 383 2312 cum
408 2245 515 2312 Voffio
540 2247 750 2317 mutaverim,
778 2247 818 2308 de
840 2263 903 2328 quo
927 2247 1086 2329 deinceps.

385 2452 613 2514 coeuntium
623 2447 641 2532 )
679 2447 763 2532 Lipl.
785 2448 924 2510 Vindob.
947 2450 1157 2512 colomarium.
1188 2449 1273 2512 Edd.
1289 2465 1368 2530 50,

310 2569 368 2636 32.
391 2567 528 2616 coeunte.
580 2551 653 2614 Poll
672 2552 762 2635 Prag.
787 2544 974 2638 injunium
1006 2547 1129 2613 Voffiue
1144 2564 1175 2612 et
1191 2551 1265 2612 edd.
1286 2564 1366 2634 40.

308 2667 369 2737 [μ.
392 2668 451 2735 42.
477 2647 613 2744 inflexu,
646 2653 733 2734 quod
758 2652 853 2712 habet
875 2671 983 2736 margo
1007 2651 1087 2714 Voll.
1116 2673 1143 2713 t.
1180 2650 1228 2712 led
1254 2654 1367 2716 idern

307 2759 341 2819 in
363 2770 532 2827 contextu,
567 2770 603 2816 ut
624 2757 695 2825 alii,
728 2748 850 2840 inflexi.
901 2755 988 2814 Turn
1014 2753 1121 2815 Cibin.
1146 2753 1368 2835 ymaginem,-

308 2859 493 2922 vindobon.
521 2859 553 2918 r'rr
579 2859 720 2938 magiue,·
763 2855 847 2916 Gud.
876 2875 989 2934 urague
1007 2845 1112 2946 sedes.
1170 2853 1365 2918 Cluverius

306 2960 495 3021 emendabat
523 2960 557 3018 in
580 2960 649 3020 ltul.
676 2969 741 3018 ant.
773 2973 803 3026 2,
835 2967 869 3032 5.
895 2977 926 3037 p.
951 2953 1035 3034 609.
1067 2957 1245 3015 coeuntium
1265 2953 1367 3046 firm

306 3057 418 3149 inflexi
439 3059 538 3121 cubiti
564 3092 611 3106 —
664 3061 705 3120 At
725 3053 797 3144 fitur
821 3056 884 3118 stne
912 3054 998 3116 caula
1027 3054 1207 3124 infercitur.
1241 3071 1277 3117 et
1305 3061 1366 3118 in-

242 3205 248 3219 .
294 3157 383 3250 flexi
403 3181 478 3223 oum
501 3160 653 3222 omnihus
676 3158 764 3219 libris
781 3160 917 3239 antiquis
942 3159 1043 3238 aptius
1066 3159 1105 3219 ad
1128 3155 1227 3218 cubiti
1247 3157 1363 3221 refer-

305 3275 373 3334 tur,
407 3263 494 3324 unde
518 3261 592 3323 litut
614 3261 805 3342 comparatio
826 3273 918 3321 enata
937 3257 991 3322 est.

378 3477 417 3525 et
450 3463 567 3546 ideo)
619 3461 701 3525 volt.
731 3483 761 3527 ι.
796 3460 882 3524 Chii.
909 3483 949 3522 ae
976 3461 1061 3532 ideo,
1102 3459 1152 3522 led
1185 3461 1236 3521 alii
1269 3460 1365 3522 libri

303 3577 426 3628 veteres
450 3578 481 3626 et
501 3563 586 3637 ideo,
619 3579 656 3624 ut
678 3565 750 3625 edd.
773 3577 846 3624 ante
870 3564 1064 3633 Vadiamrm,
1090 3565 1142 3644 qui
1169 3561 1364 3623 molestiori

304 3669 401 3728 etiam
417 3666 493 3728 sono
509 3679 541 3728 et
560 3679 681 3748 praeter
702 3685 826 3726 morem
843 3665 1005 3732 Latinum,
1036 3666 1074 3724 de
1097 3684 1160 3744 quo
1183 3665 1218 3724 ad
1247 3679 1284 3732 Ω,
1320 3681 1362 3742 5.

310 3788 363 3830 ro.
400 3785 430 3838 2.
451 3779 485 3848 4,
510 3769 543 3830 6.
569 3768 657 3830 dedit
680 3766 810 3826 acideo
839 3786 912 3826 curn
937 3767 1065 3846 reliquis
1088 3768 1183 3826 etiam
1208 3765 1363 3826 lieinol·

303 3869 405 3930 diarria
434 3869 576 3930 acideo.
632 3870 669 3930 Δ.
692 3867 876 3928 Gronovius
900 3869 1061 3928 revocavit
1088 3869 1121 3926 in
1145 3867 1193 3928 od.
1217 3877 1283 3945 45.
1321 3882 1365 3928 ec

302 3969 381 4039 ideo,
405 3983 496 4051 atque
515 3971 556 4030 ita
575 3971 716 4051 Kappiue
733 3983 766 4030 et
783 3967 958 4050 sequentes.
994 3967 1133 4032 Vinctus
1150 3981 1258 4028 tamen
1279 3969 1363 4028 iam

302 4081 334 4130 et
353 4069 420 4130 ideo
438 4069 579 4152 loripsrlle
598 4073 736 4132 videtur.
787 4072 873 4130 Turn
891 4092 928 4132 ex
947 4090 1037 4132 more
1053 4071 1177 4130 codices
1197 4069 1363 4150 quidam,

304 4172 405 4233 veluti
424 4173 594 4257 llelrdiger.
620 4171 760 4234 Vindob.
781 4169 863 4234 forte
879 4174 977 4233 etiam
998 4173 1095 4233 l'atic.
1116 4173 1223 4251 gratim
1250 4171 1361 4232 Gud.
