2784 4944
326 489 414 545 ΗΒ.
444 487 479 542 11.
523 485 630 546 ow.
671 485 749 562 Μ.
998 495 1061 566 549

56 683 111 734 um
135 661 225 726 Perii.
255 682 285 726 ι.
314 659 499 754 praestans:
530 659 621 744 Preg.
643 653 797 750 prestans.
850 657 934 724 Edd.
965 681 995 724 ι.
1028 679 1060 728 ιι.

55 763 194 854 prifliruu
226 783 262 846 7.
288 776 322 842 a.
345 783 379 843 9.
405 759 612 856 proficeretur
643 760 720 822 eliae
742 761 908 843 pleraeque
931 761 1060 856 Fufio·

56 886 109 934 uus.
130 881 249 928 unium
273 867 425 947 quaedam
446 879 483 924 ut
505 883 560 927 ιι.
586 879 644 924 20.
669 863 801 944 llmplici
825 883 850 924 e.
901 865 954 928 sic
972 867 1062 928 dein·

55 969 215 1048 opulatio.
251 965 336 1049 Lipl.
365 967 474 1030 Cibin.
505 965 679 1047 llehdiger.
713 965 824 1026 venet.
861 965 1001 1028 vindob.
1027 981 1061 1030 et

55 1068 107 1129 edd.
123 1089 145 1128 ι.
161 1089 193 1150 9.
210 1067 371 1163 prestrrmr
397 1065 491 1132 Peril.
508 1087 538 1130 ι.
558 1079 590 1146 5.
609 1062 792 1156 Praeflum,·
814 1065 905 1150 Preg.
921 1065 1062 1154 peslum5

55 1167 333 1264 ed.13.Pestarrum
351 1169 513 1250 oppidum.
542 1185 750 1230 necaveris.
794 1167 917 1236 Strabo.
936 1165 1012 1256 [lib.
1026 1183 1059 1248 5.

55 1285 111 1330 eru.
130 1285 157 1331 et
177 1274 210 1336 6.
230 1267 298 1358 in.]
326 1273 527 1334 Ptolemaeus
549 1265 605 1358 [5.
634 1261 685 1352 ι.]
706 1287 780 1328 curu
797 1289 835 1328 oe
854 1269 1060 1357 diphthongo

56 1371 186 1452 inprime.
223 1393 427 1436 ινιιιίιιιινι.
479 1373 531 1434 Sic
548 1391 604 1454 per
626 1389 641 1428 e
664 1369 743 1430 olim
764 1371 797 1430 in
820 1371 899 1432 Silio
919 1383 952 1449 8,
975 1385 1060 1452 578.

55 1471 122 1534 Livio
142 1477 195 1542 26.
218 1489 280 1556 58,
304 1487 336 1552 5.
369 1473 425 1534 ubi
447 1473 487 1534 de
508 1493 546 1532 ae
572 1473 701 1532 monuit
727 1469 970 1536 Drakenborch.
1011 1477 1063 1536 ln·

56 1569 110 1632 lulo
129 1581 253 1638 reliam
274 1577 347 1638 libri
368 1575 450 1659 apud
466 1575 550 1636 Plio.
573 1593 601 1636 c.
627 1573 649 1634 l.
688 1573 862 1656 Receptem
877 1571 1061 1660 scripturum

55 1685 150 1737 tuemur
167 1681 265 1740 etiam
291 1679 395 1742 numi.

108 1845 289 1928 Silerus)
335 1847 443 1910 Cibin.
461 1835 604 1938 sylonis,-
636 1843 774 1928 nehdig.
792 1835 948 1936 syllerusr
974 1847 1062 1912 Gud.

56 1937 155 2026 [deni.
184 1949 303 2032 reliqui
326 1951 422 2011 etium
445 1943 583 2010 Voss'roni
605 1967 678 2008 curn
698 1947 771 2009 edd.
800 1969 828 2010 ι.
855 1963 888 2010 2.
911 1963 944 2024 5.
969 1957 1003 2032 4.
1028 1963 1061 2028 5.

59 2061 80 2120 9.
101 2067 143 2110 ιι.
165 2067 216 2114 ¹2.
242 2061 300 2130 ι4.
328 2052 383 2114 ι6.
412 2061 465 2127 18.
492 2065 550 2112 nr.
580 2061 635 2126 ιδ.
658 2049 792 2120 sitnon
831 2047 863 2112 6.
889 2064 923 2124 7.
947 2063 980 2128 8.
1006 2071 1062 2114 ιο.

62 2159 100 2224 ι5.
116 2163 161 2227 ι5.
183 2168 238 2226 ι7.
265 2171 321 2232 ¹9·
342 2171 397 2216 eo.
420 2169 474 2213 ιε.
493 2165 550 2230 23.
571 2163 627 2228 24.
649 2161 705 2227 25.
729 2151 893 2222 Vedianee.
916 2153 1063 2232 (alierum

58 2255 160 2314 euerorir
179 2255 361 2316 editionem
384 2252 520 2330 secutae)
545 2251 755 2320 Olirarianee.
785 2253 928 2322 Viuetue.
951 2254 1064 2318 Schot-

59 2351 229 2428 ursionis,-
253 2353 361 2416 Volho
377 2359 457 2416 dirce
473 2353 568 2416 rediit
587 2353 711 2420 Silerur.
742 2371 946 2416 uzecrrvcuu.
1000 2357 1064 2418 Alii

59 2445 189 2532 luiproree
229 2457 332 2518 modo
373 2457 514 2526 Silonis,
554 2455 654 2516 modo
692 2454 814 2516 Silarir.
874 2475 1061 2522 hononore.

60 2547 120 2612 Lini
134 2577 224 2618 mann
242 2559 358 2619 exarari
377 2557 495 2619 hebent
517 2556 640 2618 silenis.
692 2557 734 2616 Et
755 2555 817 2618 hoc
832 2555 926 2620 bene.
979 2557 1063 2622 Nam

60 2667 194 2738 utrumqne
221 2661 341 2720 dicitur
366 2659 487 2720 Silarus
512 2673 545 2720 et
573 2657 687 2718 Silenus
717 2671 749 2718 et
777 2658 864 2722 Siler.
917 2659 1064 2724 Lucenue

60 2747 96 2814 lb.
113 2774 139 2818 ι.
161 2756 214 2846 [r.
232 2755 341 2844 426]
369 2760 560 2842 Iladeusque
575 2757 697 2820 Salerni
710 2759 798 2820 culto
815 2759 902 2823 Siler.
942 2761 1067 2824 Verum

60 2853 120 2916 ufic
133 2863 209 2940 apud
230 2863 417 2945 Virgilium:
443 2853 582 2946 [Georg.
604 2873 635 2934 5.
666 2855 768 2947 146]
805 2857 1004 2922 scribendum
1023 2883 1062 2924 ex

61 2957 239 3038 uliquiffirno
262 2965 411 3022 omnium
434 2964 543 3024 codice
569 2961 752 3022 illedicaeoe
785 2959 844 3054 fst
864 2961 951 3022 lucus
973 2963 1065 3026 Sileri

60 3057 116 3114 circu
129 3061 304 3146 ilicibusque
318 3067 467 3124 virentem
480 3063 634 3124 Plurimus
653 3060 824 3124 Alburnum
845 3063 985 3124 volitans
1001 3079 1062 3128 eie.

62 3171 168 3224 voeuvr.
227 3167 278 3226 De
316 3166 400 3226 varie
434 3162 583 3246 [criptura
619 3161 659 3226 of.
694 3165 791 3226 etiam
824 3165 994 3246 Dauoquei.
1024 3167 1063 3228 ad

61 3255 97 3316 hil.
115 3263 174 3326 llel.
191 3277 224 3342 8,
250 3279 334 3344 532.
367 3279 400 3328 et
424 3265 633 3348 Oudendorp.
657 3266 695 3326 ed
721 3265 840 3328 Lucan.
859 3286 886 3328 c.
912 3267 932 3328 l.
977 3267 1064 3330 Cum

61 3355 130 3438 igitur
151 3369 275 3430 codices
300 3367 353 3430 hio
376 3369 478 3430 velint
500 3367 632 3438 seems.
665 3367 787 3428 dimitti
814 3369 892 3430 haec
914 3365 1064 3454 scripture

60 3473 105 3520 nou
122 3465 219 3531 debet.

114 3647 245 3710 petrae
264 3673 314 3688 -
336 3639 498 3702 Sirenes
507 3637 526 3720 )
576 3637 751 3723 llehdiger.
772 3651 881 3718 petrea
896 3639 969 3722 quis
984 3639 1062 3700 Sire-

66 3744 114 3802 ''ih'
135 3737 235 3804 Cibin.
259 3741 409 3824 syrenen
436 3739 574 3802 Vindob.
593 3737 704 3830 fireue.
746 3741 828 3801 Edd.
849 3755 881 3804 α.
906 3739 1063 3822 Lyrenes,·

66 3829 86 3886 l·
105 3847 130 3906 7·
152 3849 181 3916 8.
212 3863 265 3904 ro.
295 3854 350 3920 ¹5·
374 3855 428 3920 17.
454 3857 513 3906 20.
538 3855 597 3922 23.
624 3841 773 3924 Syreues3
803 3855 835 3904 et
856 3855 946 3902 antee
971 3841 1004 3908 6.
1029 3857 1063 3920 7.

68 3937 88 4002 i·
108 3953 151 3998 ιο.
172 3963 271 4022 perae.

117 4105 373 4196 habitavere)
410 4111 516 4178 Cibin.
544 4113 643 4178 Vullc.
667 4111 752 4196 Lipi.
776 4111 861 4176 Gud.
888 4113 1061 4198 llehdiger.

67 4192 129 4288 lug.
150 4207 389 4290 Ιιαόὶιιιιιιηιιιις
424 4213 549 4280 Volliue
574 4236 613 4276 ex
637 4215 827 4298 quibusdem
855 4214 948 4280 MSS.
972 4231 1064 4278 norat
