<?xml version="1.0" encoding="UTF-8"?>
<!DOCTYPE html PUBLIC "-//W3C//DTD XHTML 1.0 Transitional//EN"
    "http://www.w3.org/TR/xhtml1/DTD/xhtml1-transitional.dtd">
<html xmlns="http://www.w3.org/1999/xhtml" xml:lang="en" lang="en">
 <head>
  <title>
</title>
<meta http-equiv="Content-Type" content="text/html;charset=utf-8" />
  <meta name='ocr-system' content='tesseract 3.04.00' />
  <meta name='ocr-capabilities' content='ocr_page ocr_carea ocr_par ocr_line ocrx_word'/>
</head>
<body>
  <div class='ocr_page' id='page_1' title='image "./pomponiimelaede05melagoog_0853.png"; bbox 0 0 2836 4940; ppageno 0'>
   <div class='ocr_carea' id='block_1_1' title="bbox 351 431 1112 514">
    <p class='ocr_par' dir='ltr' id='par_1_1' title="bbox 351 431 1112 514">
     <span class='ocr_line' id='line_1_1' title="bbox 351 431 1112 514; baseline 0.009 -24"><span class='ocrx_word' id='word_1_1' title='bbox 351 431 442 490; x_wconf 74' lang='grc' dir='ltr'>ΜΒ.</span> <span class='ocrx_word' id='word_1_2' title='bbox 474 433 526 490; x_wconf 86' lang='lat'>111.</span> <span class='ocrx_word' id='word_1_3' title='bbox 570 433 604 492; x_wconf 66' lang='lat' dir='ltr'>c.</span> <span class='ocrx_word' id='word_1_4' title='bbox 631 433 695 494; x_wconf 83' lang='lat' dir='ltr'>vn.</span> <span class='ocrx_word' id='word_1_5' title='bbox 737 431 817 504; x_wconf 64' lang='lat' dir='ltr'>tr.</span> <span class='ocrx_word' id='word_1_6' title='bbox 1048 447 1112 514; x_wconf 76' lang='lat'>2⁸5</span> 
     </span>
    </p>
   </div>
   <div class='ocr_carea' id='block_1_2' title="bbox 63 597 1110 908">
    <p class='ocr_par' dir='ltr' id='par_1_2' title="bbox 63 597 1110 908">
     <span class='ocr_line' id='line_1_2' title="bbox 236 597 1108 698; baseline 0.002 -29"><span class='ocrx_word' id='word_1_7' title='bbox 236 609 267 687; x_wconf 74' lang='grc' dir='ltr'>ς.</span> <span class='ocrx_word' id='word_1_8' title='bbox 294 619 328 688; x_wconf 74' lang='lat'>5.</span> <span class='ocrx_word' id='word_1_9' title='bbox 371 606 481 669; x_wconf 82' lang='lat' dir='ltr'>Lino</span> <span class='ocrx_word' id='word_1_10' title='bbox 506 607 565 670; x_wconf 80' lang='lat' dir='ltr'>oli</span> <span class='ocrx_word' id='word_1_11' title='bbox 573 606 610 688; x_wconf 88' lang='lat' dir='ltr'>i)</span> <span class='ocrx_word' id='word_1_12' title='bbox 647 607 738 692; x_wconf 83' lang='lat' dir='ltr'>Prog.</span> <span class='ocrx_word' id='word_1_13' title='bbox 761 607 828 669; x_wconf 85' lang='lat' dir='ltr'>lino</span> <span class='ocrx_word' id='word_1_14' title='bbox 850 619 910 670; x_wconf 82' lang='lat' dir='ltr'>out</span> <span class='ocrx_word' id='word_1_15' title='bbox 926 597 1108 698; x_wconf 83' lang='lat' dir='ltr'>vescuntur,</span> 
     </span>
     <span class='ocr_line' id='line_1_3' title="bbox 63 708 1110 793; baseline 0.002 -19"><span class='ocrx_word' id='word_1_16' title='bbox 63 709 143 774; x_wconf 74' lang='lat' dir='ltr'>torte</span> <span class='ocrx_word' id='word_1_17' title='bbox 171 708 288 792; x_wconf 87' lang='lat' dir='ltr'>lepide.</span> <span class='ocrx_word' id='word_1_18' title='bbox 340 708 508 771; x_wconf 82' lang='lat' dir='ltr'>Pintionue</span> <span class='ocrx_word' id='word_1_19' title='bbox 549 709 777 793; x_wconf 80' lang='lat' dir='ltr'><strong>elegantiorem</strong></span> <span class='ocrx_word' id='word_1_20' title='bbox 812 709 896 772; x_wconf 81' lang='lat' dir='ltr'>huuc</span> <span class='ocrx_word' id='word_1_21' title='bbox 935 710 1110 776; x_wconf 83' lang='lat' dir='ltr'>lectionem</span> 
     </span>
     <span class='ocr_line' id='line_1_4' title="bbox 65 808 811 908; baseline -0.001 -33"><span class='ocrx_word' id='word_1_22' title='bbox 65 809 194 875; x_wconf 75' lang='lat' dir='ltr'>ueniet:</span> <span class='ocrx_word' id='word_1_23' title='bbox 228 810 314 874; x_wconf 81' lang='lat' dir='ltr'>Lt&#39;rro</span> <span class='ocrx_word' id='word_1_24' title='bbox 335 811 394 873; x_wconf 74' lang='lat' dir='ltr'>atii</span> <span class='ocrx_word' id='word_1_25' title='bbox 415 808 611 905; x_wconf 69' lang='lat' dir='ltr'>vestiuntur,</span> <span class='ocrx_word' id='word_1_26' title='bbox 636 811 697 874; x_wconf 75' lang='lat' dir='ltr'>atti</span> <span class='ocrx_word' id='word_1_27' title='bbox 716 809 811 908; x_wconf 65' lang='lat' dir='ltr'>lund.</span> 
     </span>
    </p>
   </div>
   <div class='ocr_carea' id='block_1_3' title="bbox 150 1005 1187 1114">
    <p class='ocr_par' dir='ltr' id='par_1_3' title="bbox 150 1005 1187 1114">
     <span class='ocr_line' id='line_1_5' title="bbox 150 1005 1187 1114; baseline 0.006 -38"><span class='ocrx_word' id='word_1_28' title='bbox 150 1015 283 1076; x_wconf 82' lang='lat' dir='ltr'>arrium</span> <span class='ocrx_word' id='word_1_29' title='bbox 314 1005 604 1103; x_wconf 82' lang='lat' dir='ltr'>ferarumque)</span> <span class='ocrx_word' id='word_1_30' title='bbox 653 1015 880 1080; x_wconf 80' lang='lat' dir='ltr'>Siemeiioreo</span> <span class='ocrx_word' id='word_1_31' title='bbox 906 1013 999 1079; x_wconf 86' lang='lat' dir='ltr'>MSS.</span> <span class='ocrx_word' id='word_1_32' title='bbox 1031 1017 1107 1082; x_wconf 80' lang='lat' dir='ltr'>tede</span> <span class='ocrx_word' id='word_1_33' title='bbox 1176 1095 1187 1114; x_wconf 27' lang='lat' dir='ltr'>x</span> 
     </span>
    </p>
   </div>
   <div class='ocr_carea' id='block_1_4' title="bbox 63 1114 1109 1502">
    <p class='ocr_par' dir='ltr' id='par_1_4' title="bbox 63 1114 1109 1502">
     <span class='ocr_line' id='line_1_6' title="bbox 66 1114 1109 1202; baseline 0.003 -23"><span class='ocrx_word' id='word_1_34' title='bbox 66 1114 148 1180; x_wconf 76' lang='lat' dir='ltr'>Abr.</span> <span class='ocrx_word' id='word_1_35' title='bbox 164 1117 352 1189; x_wconf 83' lang='lat' dir='ltr'>Gronovio;</span> <span class='ocrx_word' id='word_1_36' title='bbox 386 1135 426 1178; x_wconf 84' lang='lat' dir='ltr'>ert</span> <span class='ocrx_word' id='word_1_37' title='bbox 445 1119 526 1180; x_wconf 82' lang='lat' dir='ltr'>meio</span> <span class='ocrx_word' id='word_1_38' title='bbox 546 1117 646 1178; x_wconf 84' lang='lat' dir='ltr'>Vetie.</span> <span class='ocrx_word' id='word_1_39' title='bbox 669 1115 754 1200; x_wconf 83' lang='lat' dir='ltr'>ttpt.</span> <span class='ocrx_word' id='word_1_40' title='bbox 774 1118 864 1201; x_wconf 83' lang='lat' dir='ltr'>Preg.</span> <span class='ocrx_word' id='word_1_41' title='bbox 884 1117 1055 1202; x_wconf 81' lang='lat' dir='ltr'>Rehdiger.</span> <span class='ocrx_word' id='word_1_42' title='bbox 1074 1125 1109 1182; x_wconf 88' lang='lat' dir='ltr'>in</span> 
     </span>
     <span class='ocr_line' id='line_1_7' title="bbox 66 1208 1107 1307; baseline 0.001 -27"><span class='ocrx_word' id='word_1_43' title='bbox 66 1217 222 1280; x_wconf 82' lang='lat' dir='ltr'>Gudieno</span> <span class='ocrx_word' id='word_1_44' title='bbox 243 1219 349 1279; x_wconf 82' lang='lat' dir='ltr'>aberat</span> <span class='ocrx_word' id='word_1_45' title='bbox 369 1237 434 1280; x_wconf 86' lang='lat' dir='ltr'>vox</span> <span class='ocrx_word' id='word_1_46' title='bbox 450 1221 574 1292; x_wconf 79' lang='lat' dir='ltr'>ouinm3</span> <span class='ocrx_word' id='word_1_47' title='bbox 600 1217 740 1282; x_wconf 84' lang='lat' dir='ltr'>vindob.</span> <span class='ocrx_word' id='word_1_48' title='bbox 754 1208 907 1307; x_wconf 82' lang='lat' dir='ltr'>serarum</span> <span class='ocrx_word' id='word_1_49' title='bbox 930 1221 1107 1302; x_wconf 82' lang='lat' dir='ltr'>oviumque,</span> 
     </span>
     <span class='ocr_line' id='line_1_8' title="bbox 65 1317 1107 1400; baseline 0.004 -20"><span class='ocrx_word' id='word_1_50' title='bbox 65 1322 130 1389; x_wconf 86' lang='lat' dir='ltr'>uti,</span> <span class='ocrx_word' id='word_1_51' title='bbox 160 1321 284 1400; x_wconf 86' lang='lat' dir='ltr'>opinor.</span> <span class='ocrx_word' id='word_1_52' title='bbox 307 1320 404 1380; x_wconf 84' lang='lat' dir='ltr'>etiem</span> <span class='ocrx_word' id='word_1_53' title='bbox 421 1317 613 1391; x_wconf 70' lang='lat' dir='ltr'>Pannonico,</span> <span class='ocrx_word' id='word_1_54' title='bbox 639 1321 752 1382; x_wconf 89' lang='lat' dir='ltr'>Venet.</span> <span class='ocrx_word' id='word_1_55' title='bbox 777 1320 883 1380; x_wconf 82' lang='lat' dir='ltr'>Havn.</span> <span class='ocrx_word' id='word_1_56' title='bbox 902 1339 976 1382; x_wconf 88' lang='lat' dir='ltr'>cum</span> <span class='ocrx_word' id='word_1_57' title='bbox 993 1322 1107 1384; x_wconf 88' lang='lat' dir='ltr'>editio·</span> 
     </span>
     <span class='ocr_line' id='line_1_9' title="bbox 63 1421 1108 1502; baseline 0.003 -20"><span class='ocrx_word' id='word_1_58' title='bbox 63 1421 166 1482; x_wconf 85' lang='lat' dir='ltr'>nibue</span> <span class='ocrx_word' id='word_1_59' title='bbox 181 1421 334 1482; x_wconf 76' lang='lat' dir='ltr'>omnibus</span> <span class='ocrx_word' id='word_1_60' title='bbox 349 1421 388 1482; x_wconf 80' lang='lat' dir='ltr'>ad</span> <span class='ocrx_word' id='word_1_61' title='bbox 404 1422 615 1483; x_wconf 82' lang='lat' dir='ltr'>iieirroldium</span> <span class='ocrx_word' id='word_1_62' title='bbox 631 1433 664 1482; x_wconf 86' lang='lat' dir='ltr'>et</span> <span class='ocrx_word' id='word_1_63' title='bbox 678 1421 918 1488; x_wconf 84' lang='lat' dir='ltr'>Gronoviooeru</span> <span class='ocrx_word' id='word_1_64' title='bbox 938 1431 999 1502; x_wconf 90' lang='grc'>44.</span> <span class='ocrx_word' id='word_1_65' title='bbox 1022 1423 1108 1486; x_wconf 89' lang='lat' dir='ltr'>unde</span> 
     </span>
    </p>
   </div>
   <div class='ocr_carea' id='block_1_5' title="bbox 64 1515 1214 1612">
    <p class='ocr_par' dir='ltr' id='par_1_5' title="bbox 64 1515 1214 1612">
     <span class='ocr_line' id='line_1_10' title="bbox 64 1515 1214 1612; baseline 0.001 -28"><span class='ocrx_word' id='word_1_66' title='bbox 64 1537 197 1584; x_wconf 79' lang='lat' dir='ltr'>mutato</span> <span class='ocrx_word' id='word_1_67' title='bbox 227 1523 340 1582; x_wconf 82' lang='lat' dir='ltr'><strong>ordine</strong></span> <span class='ocrx_word' id='word_1_68' title='bbox 368 1525 477 1583; x_wconf 85' lang='lat' dir='ltr'>avium</span> <span class='ocrx_word' id='word_1_69' title='bbox 496 1515 707 1612; x_wconf 83' lang='lat' dir='ltr'>ferorumque</span> <span class='ocrx_word' id='word_1_70' title='bbox 728 1522 900 1602; x_wconf 71' lang='lat' dir='ltr'>repositum</span> <span class='ocrx_word' id='word_1_71' title='bbox 925 1523 983 1592; x_wconf 83' lang='lat' dir='ltr'>est.</span> <span class='ocrx_word' id='word_1_72' title='bbox 1020 1525 1108 1604; x_wconf 87' lang='lat' dir='ltr'>quod</span> <span class='ocrx_word' id='word_1_73' title='bbox 1208 1593 1214 1606; x_wconf 32' lang='grc' dir='ltr'>ι</span> 
     </span>
    </p>
   </div>
   <div class='ocr_carea' id='block_1_6' title="bbox 62 1621 1108 1808">
    <p class='ocr_par' dir='ltr' id='par_1_6' title="bbox 62 1621 1108 1808">
     <span class='ocr_line' id='line_1_11' title="bbox 63 1621 1108 1708; baseline 0.004 -24"><span class='ocrx_word' id='word_1_74' title='bbox 63 1624 183 1704; x_wconf 87' lang='lat' dir='ltr'>utique</span> <span class='ocrx_word' id='word_1_75' title='bbox 204 1625 333 1684; x_wconf 85' lang='lat' dir='ltr'>videtur</span> <span class='ocrx_word' id='word_1_76' title='bbox 354 1627 474 1708; x_wconf 76' lang='lat' dir='ltr'>aptius.</span> <span class='ocrx_word' id='word_1_77' title='bbox 511 1639 549 1686; x_wconf 90' lang='lat' dir='ltr'>ut</span> <span class='ocrx_word' id='word_1_78' title='bbox 571 1625 704 1708; x_wconf 82' lang='lat' dir='ltr'>propino</span> <span class='ocrx_word' id='word_1_79' title='bbox 725 1621 914 1706; x_wconf 79' lang='lat' dir='ltr'>respondeat</span> <span class='ocrx_word' id='word_1_80' title='bbox 939 1621 1108 1690; x_wconf 78' lang='lat' dir='ltr'>subiuncto</span> 
     </span>
     <span class='ocr_line' id='line_1_12' title="bbox 62 1723 213 1808; baseline 0.026 -24"><span class='ocrx_word' id='word_1_81' title='bbox 62 1723 213 1808; x_wconf 77' lang='lat' dir='ltr'>pellibus.</span> 
     </span>
    </p>
   </div>
   <div class='ocr_carea' id='block_1_7' title="bbox 64 1925 1111 2416">
    <p class='ocr_par' dir='ltr' id='par_1_7' title="bbox 64 1925 1111 2416">
     <span class='ocr_line' id='line_1_13' title="bbox 146 1925 1110 2012; baseline 0 -22"><span class='ocrx_word' id='word_1_82' title='bbox 146 1929 313 2008; x_wconf 78' lang='lat' dir='ltr'><strong><em>proceri</em></strong></span> <span class='ocrx_word' id='word_1_83' title='bbox 329 1957 379 1974; x_wconf 92' lang='lat'><em>-</em></span> <span class='ocrx_word' id='word_1_84' title='bbox 387 1925 406 2011; x_wconf 93' lang='lat'><em>)</em></span> <span class='ocrx_word' id='word_1_85' title='bbox 456 1926 566 1993; x_wconf 85' lang='lat' dir='ltr'>Cibin.</span> <span class='ocrx_word' id='word_1_86' title='bbox 590 1929 715 2009; x_wconf 83' lang='lat' dir='ltr'>proceri</span> <span class='ocrx_word' id='word_1_87' title='bbox 738 1949 868 2012; x_wconf 84' lang='lat' dir='ltr'>corpore</span> <span class='ocrx_word' id='word_1_88' title='bbox 894 1939 927 1989; x_wconf 84' lang='lat' dir='ltr'>et</span> <span class='ocrx_word' id='word_1_89' title='bbox 952 1929 1110 2010; x_wconf 76' lang='lat' dir='ltr'>ingentes.</span> 
     </span>
     <span class='ocr_line' id='line_1_14' title="bbox 64 2017 1110 2113; baseline 0.003 -23"><span class='ocrx_word' id='word_1_90' title='bbox 64 2031 161 2091; x_wconf 84' lang='lat' dir='ltr'>Tum</span> <span class='ocrx_word' id='word_1_91' title='bbox 181 2030 356 2110; x_wconf 76' lang='lat' dir='ltr'>clephontis</span> <span class='ocrx_word' id='word_1_92' title='bbox 378 2028 559 2113; x_wconf 83' lang='lat' dir='ltr'>praeierunt</span> <span class='ocrx_word' id='word_1_93' title='bbox 579 2017 692 2094; x_wconf 72' lang='lat' dir='ltr'>omrt&#39;ee</span> <span class='ocrx_word' id='word_1_94' title='bbox 716 2032 781 2094; x_wconf 88' lang='lat' dir='ltr'>mei</span> <span class='ocrx_word' id='word_1_95' title='bbox 797 2033 922 2094; x_wconf 83' lang='lat' dir='ltr'>codieer</span> <span class='ocrx_word' id='word_1_96' title='bbox 941 2045 973 2092; x_wconf 88' lang='lat' dir='ltr'>et</span> <span class='ocrx_word' id='word_1_97' title='bbox 993 2032 1110 2094; x_wconf 86' lang='lat' dir='ltr'>editio·</span> 
     </span>
     <span class='ocr_line' id='line_1_15' title="bbox 66 2131 1111 2216; baseline 0 -24"><span class='ocrx_word' id='word_1_98' title='bbox 66 2151 130 2193; x_wconf 79' lang='lat' dir='ltr'>nes</span> <span class='ocrx_word' id='word_1_99' title='bbox 151 2145 274 2214; x_wconf 81' lang='lat' dir='ltr'>praeter</span> <span class='ocrx_word' id='word_1_100' title='bbox 294 2147 325 2206; x_wconf 88' lang='lat'>7.</span> <span class='ocrx_word' id='word_1_101' title='bbox 346 2143 378 2209; x_wconf 75' lang='lat'>8.</span> <span class='ocrx_word' id='word_1_102' title='bbox 405 2152 418 2191; x_wconf 88' lang='grc' dir='ltr'>ι</span> <span class='ocrx_word' id='word_1_103' title='bbox 427 2144 460 2209; x_wconf 85' lang='lat'>5.</span> <span class='ocrx_word' id='word_1_104' title='bbox 482 2147 536 2210; x_wconf 82' lang='lat'>17.</span> <span class='ocrx_word' id='word_1_105' title='bbox 556 2149 614 2197; x_wconf 87' lang='lat'>20.</span> <span class='ocrx_word' id='word_1_106' title='bbox 635 2146 692 2212; x_wconf 75' lang='lat'>25.</span> <span class='ocrx_word' id='word_1_107' title='bbox 718 2133 892 2216; x_wconf 80' lang='lat' dir='ltr'>inquibus</span> <span class='ocrx_word' id='word_1_108' title='bbox 914 2133 1032 2215; x_wconf 83' lang='lat' dir='ltr'>legitur</span> <span class='ocrx_word' id='word_1_109' title='bbox 1055 2131 1111 2192; x_wconf 80' lang='lat' dir='ltr'>eie·</span> 
     </span>
     <span class='ocr_line' id='line_1_16' title="bbox 66 2231 1111 2320; baseline 0.003 -29"><span class='ocrx_word' id='word_1_110' title='bbox 66 2231 264 2314; x_wconf 73' lang='lat' dir='ltr'>pluentibus,</span> <span class='ocrx_word' id='word_1_111' title='bbox 295 2232 410 2296; x_wconf 85' lang='lat' dir='ltr'>scilicet</span> <span class='ocrx_word' id='word_1_112' title='bbox 432 2247 471 2295; x_wconf 88' lang='lat' dir='ltr'>ut</span> <span class='ocrx_word' id='word_1_113' title='bbox 493 2235 772 2298; x_wconf 79' lang='lat' dir='ltr'>recommodurenr</span> <span class='ocrx_word' id='word_1_114' title='bbox 799 2233 954 2320; x_wconf 75' lang='lat' dir='ltr'>superiori</span> <span class='ocrx_word' id='word_1_115' title='bbox 976 2233 1111 2306; x_wconf 77' lang='lat' dir='ltr'>lectioni</span> 
     </span>
     <span class='ocr_line' id='line_1_17' title="bbox 64 2333 263 2416; baseline 0.015 -22"><span class='ocrx_word' id='word_1_116' title='bbox 64 2333 263 2416; x_wconf 75' lang='lat' dir='ltr'>elephantes.</span> 
     </span>
    </p>
   </div>
   <div class='ocr_carea' id='block_1_8' title="bbox 11 2533 1116 4248">
    <p class='ocr_par' dir='ltr' id='par_1_8' title="bbox 11 2533 1116 4248">
     <span class='ocr_line' id='line_1_18' title="bbox 152 2533 1110 2631; baseline 0.002 -33"><span class='ocrx_word' id='word_1_117' title='bbox 152 2534 329 2631; x_wconf 71' lang='lat' dir='ltr'>Quidam</span> <span class='ocrx_word' id='word_1_118' title='bbox 354 2537 536 2618; x_wconf 75' lang='lat' dir='ltr'><strong><em>proximi</em></strong></span> <span class='ocrx_word' id='word_1_119' title='bbox 558 2533 779 2619; x_wconf 84' lang='lat' dir='ltr'>parentes)</span> <span class='ocrx_word' id='word_1_120' title='bbox 827 2537 880 2601; x_wconf 79' lang='lat' dir='ltr'>sic</span> <span class='ocrx_word' id='word_1_121' title='bbox 904 2535 998 2600; x_wconf 86' lang='lat' dir='ltr'><strong>MSS.</strong></span> <span class='ocrx_word' id='word_1_122' title='bbox 1024 2535 1110 2600; x_wconf 88' lang='lat' dir='ltr'>Gud.</span> 
     </span>
     <span class='ocr_line' id='line_1_19' title="bbox 70 2635 1112 2722; baseline -0.002 -22"><span class='ocrx_word' id='word_1_123' title='bbox 70 2637 158 2702; x_wconf 71' lang='lat' dir='ltr'>tou.</span> <span class='ocrx_word' id='word_1_124' title='bbox 183 2657 213 2701; x_wconf 90' lang='lat' dir='ltr'>r.</span> <span class='ocrx_word' id='word_1_125' title='bbox 236 2650 271 2720; x_wconf 91' lang='grc'>4.</span> <span class='ocrx_word' id='word_1_126' title='bbox 293 2638 440 2702; x_wconf 87' lang='lat' dir='ltr'>Perizon.</span> <span class='ocrx_word' id='word_1_127' title='bbox 464 2642 501 2702; x_wconf 83' lang='lat' dir='ltr'>ri.</span> <span class='ocrx_word' id='word_1_128' title='bbox 518 2639 688 2709; x_wconf 73' lang='lat' dir='ltr'>Grouooii,</span> <span class='ocrx_word' id='word_1_129' title='bbox 719 2657 799 2722; x_wconf 84' lang='lat' dir='ltr'>quoe</span> <span class='ocrx_word' id='word_1_130' title='bbox 818 2639 871 2710; x_wconf 77' lang='lat' dir='ltr'>hie</span> <span class='ocrx_word' id='word_1_131' title='bbox 893 2635 1004 2709; x_wconf 80' lang='lat' dir='ltr'>adfert,</span> <span class='ocrx_word' id='word_1_132' title='bbox 1030 2639 1112 2700; x_wconf 83' lang='lat' dir='ltr'>item</span> 
     </span>
     <span class='ocr_line' id='line_1_20' title="bbox 69 2739 1111 2823; baseline 0.001 -21"><span class='ocrx_word' id='word_1_133' title='bbox 69 2741 225 2802; x_wconf 82' lang='lat' dir='ltr'>Cioocun.</span> <span class='ocrx_word' id='word_1_134' title='bbox 249 2760 288 2800; x_wconf 89' lang='lat' dir='ltr'>ex</span> <span class='ocrx_word' id='word_1_135' title='bbox 310 2743 390 2802; x_wconf 82' lang='lat' dir='ltr'>meio</span> <span class='ocrx_word' id='word_1_136' title='bbox 413 2740 520 2804; x_wconf 83' lang='lat' dir='ltr'>Cilrin.</span> <span class='ocrx_word' id='word_1_137' title='bbox 549 2743 705 2810; x_wconf 81' lang='lat' dir='ltr'>Vaticani.</span> <span class='ocrx_word' id='word_1_138' title='bbox 747 2741 836 2823; x_wconf 85' lang='lat' dir='ltr'>Prag.</span> <span class='ocrx_word' id='word_1_139' title='bbox 866 2741 975 2802; x_wconf 83' lang='lat' dir='ltr'>Vener.</span> <span class='ocrx_word' id='word_1_140' title='bbox 1003 2739 1111 2803; x_wconf 81' lang='lat' dir='ltr'>Hero.</span> 
     </span>
     <span class='ocr_line' id='line_1_21' title="bbox 71 2838 1111 2926; baseline -0.005 -20"><span class='ocrx_word' id='word_1_141' title='bbox 71 2838 270 2906; x_wconf 82' lang='lat' dir='ltr'>Parifieniee.</span> <span class='ocrx_word' id='word_1_142' title='bbox 321 2843 414 2906; x_wconf 86' lang='lat' dir='ltr'>Solue</span> <span class='ocrx_word' id='word_1_143' title='bbox 440 2841 523 2926; x_wconf 83' lang='lat' dir='ltr'>Lipi.</span> <span class='ocrx_word' id='word_1_144' title='bbox 547 2843 600 2904; x_wconf 83' lang='lat' dir='ltr'>dat</span> <span class='ocrx_word' id='word_1_145' title='bbox 617 2841 748 2924; x_wconf 82' lang='lat' dir='ltr'>qnidam</span> <span class='ocrx_word' id='word_1_146' title='bbox 769 2843 931 2920; x_wconf 82' lang='lat' dir='ltr'>proximos</span> <span class='ocrx_word' id='word_1_147' title='bbox 948 2853 1111 2920; x_wconf 64' lang='lat' dir='ltr'>parentent</span> 
     </span>
     <span class='ocr_line' id='line_1_22' title="bbox 70 2941 1110 3028; baseline 0 -24"><span class='ocrx_word' id='word_1_148' title='bbox 70 2957 105 3004; x_wconf 82' lang='lat' dir='ltr'>et</span> <span class='ocrx_word' id='word_1_149' title='bbox 131 2943 306 3026; x_wconf 76' lang='lat' dir='ltr'>Reudiger.</span> <span class='ocrx_word' id='word_1_150' title='bbox 335 2943 465 3028; x_wconf 80' lang='lat' dir='ltr'>qnidam</span> <span class='ocrx_word' id='word_1_151' title='bbox 485 2945 630 3024; x_wconf 75' lang='lat' dir='ltr'>proxime</span> <span class='ocrx_word' id='word_1_152' title='bbox 654 2955 809 3024; x_wconf 78' lang='lat' dir='ltr'>parentes.</span> <span class='ocrx_word' id='word_1_153' title='bbox 864 2943 901 3002; x_wconf 89' lang='lat' dir='ltr'>In</span> <span class='ocrx_word' id='word_1_154' title='bbox 925 2941 1110 3004; x_wconf 88' lang='lat' dir='ltr'>Viudoboo.</span> 
     </span>
     <span class='ocr_line' id='line_1_23' title="bbox 72 3041 1110 3138; baseline -0.004 -32"><span class='ocrx_word' id='word_1_155' title='bbox 72 3041 190 3106; x_wconf 79' lang='lat' dir='ltr'>desunt</span> <span class='ocrx_word' id='word_1_156' title='bbox 205 3043 336 3105; x_wconf 72' lang='lat' dir='ltr'>haccon</span> <span class='ocrx_word' id='word_1_157' title='bbox 358 3045 505 3108; x_wconf 84' lang='lat' dir='ltr'>caedunt.</span> <span class='ocrx_word' id='word_1_158' title='bbox 555 3047 758 3127; x_wconf 83' lang='lat' dir='ltr'>Superiorem</span> <span class='ocrx_word' id='word_1_159' title='bbox 775 3045 945 3106; x_wconf 89' lang='lat' dir='ltr'>lectionem</span> <span class='ocrx_word' id='word_1_160' title='bbox 970 3041 1110 3138; x_wconf 69' lang='lat' dir='ltr'>Quidam</span> 
     </span>
     <span class='ocr_line' id='line_1_24' title="bbox 70 3145 1112 3227; baseline -0.002 -21"><span class='ocrx_word' id='word_1_161' title='bbox 70 3145 214 3227; x_wconf 78' lang='lat' dir='ltr'>proximi</span> <span class='ocrx_word' id='word_1_162' title='bbox 233 3159 391 3222; x_wconf 83' lang='lat' dir='ltr'>parentes,</span> <span class='ocrx_word' id='word_1_163' title='bbox 417 3147 569 3208; x_wconf 78' lang='lat' dir='ltr'>exhibent</span> <span class='ocrx_word' id='word_1_164' title='bbox 592 3147 688 3208; x_wconf 80' lang='lat' dir='ltr'>etiam</span> <span class='ocrx_word' id='word_1_165' title='bbox 715 3147 872 3208; x_wconf 75' lang='lat' dir='ltr'>editiones</span> <span class='ocrx_word' id='word_1_166' title='bbox 892 3158 1014 3206; x_wconf 77' lang='lat' dir='ltr'>veteres</span> <span class='ocrx_word' id='word_1_167' title='bbox 1036 3163 1112 3204; x_wconf 87' lang='lat' dir='ltr'>cnm</span> 
     </span>
     <span class='ocr_line' id='line_1_25' title="bbox 70 3243 1113 3330; baseline -0.003 -21"><span class='ocrx_word' id='word_1_168' title='bbox 70 3247 145 3309; x_wconf 76' lang='lat' dir='ltr'>did.</span> <span class='ocrx_word' id='word_1_169' title='bbox 173 3247 258 3308; x_wconf 83' lang='lat' dir='ltr'>lunt.</span> <span class='ocrx_word' id='word_1_170' title='bbox 281 3261 338 3310; x_wconf 80' lang='lat' dir='ltr'>uo.</span> <span class='ocrx_word' id='word_1_171' title='bbox 389 3247 464 3310; x_wconf 85' lang='lat' dir='ltr'>Post</span> <span class='ocrx_word' id='word_1_172' title='bbox 487 3249 645 3310; x_wconf 81' lang='lat' dir='ltr'>Vedianue</span> <span class='ocrx_word' id='word_1_173' title='bbox 666 3249 700 3308; x_wconf 90' lang='lat' dir='ltr'>in</span> <span class='ocrx_word' id='word_1_174' title='bbox 723 3247 824 3330; x_wconf 82' lang='lat' dir='ltr'>prime</span> <span class='ocrx_word' id='word_1_175' title='bbox 843 3245 986 3308; x_wconf 85' lang='lat' dir='ltr'>editione</span> <span class='ocrx_word' id='word_1_176' title='bbox 1007 3243 1113 3328; x_wconf 82' lang='lat' dir='ltr'>posuit</span> 
     </span>
     <span class='ocr_line' id='line_1_26' title="bbox 70 3345 1111 3432; baseline 0 -25"><span class='ocrx_word' id='word_1_177' title='bbox 70 3345 207 3431; x_wconf 80' lang='lat' dir='ltr'>qnidam</span> <span class='ocrx_word' id='word_1_178' title='bbox 233 3349 371 3428; x_wconf 74' lang='lat' dir='ltr'>proximi</span> <span class='ocrx_word' id='word_1_179' title='bbox 391 3363 614 3432; x_wconf 82' lang='lat' dir='ltr'>parentesque.</span> <span class='ocrx_word' id='word_1_180' title='bbox 647 3349 733 3410; x_wconf 88' lang='lat' dir='ltr'>unde</span> <span class='ocrx_word' id='word_1_181' title='bbox 765 3361 819 3426; x_wconf 66' lang='grc' dir='ltr'>ιθ.</span> <span class='ocrx_word' id='word_1_182' title='bbox 851 3349 1009 3430; x_wconf 50' lang='lat' dir='ltr'>excepitt</span> <span class='ocrx_word' id='word_1_183' title='bbox 1033 3345 1111 3407; x_wconf 89' lang='lat' dir='ltr'>hinc</span> 
     </span>
     <span class='ocr_line' id='line_1_27' title="bbox 72 3444 1113 3532; baseline -0.004 -22"><span class='ocrx_word' id='word_1_184' title='bbox 72 3444 154 3510; x_wconf 80' lang='lat' dir='ltr'>vero</span> <span class='ocrx_word' id='word_1_185' title='bbox 176 3449 264 3510; x_wconf 88' lang='lat' dir='ltr'>idem</span> <span class='ocrx_word' id='word_1_186' title='bbox 288 3449 429 3531; x_wconf 82' lang='lat' dir='ltr'>paullum</span> <span class='ocrx_word' id='word_1_187' title='bbox 446 3451 613 3512; x_wconf 79' lang='lat' dir='ltr'>immutata</span> <span class='ocrx_word' id='word_1_188' title='bbox 630 3449 731 3512; x_wconf 82' lang='lat' dir='ltr'>forma</span> <span class='ocrx_word' id='word_1_189' title='bbox 754 3451 858 3511; x_wconf 84' lang='lat' dir='ltr'>dedit:</span> <span class='ocrx_word' id='word_1_190' title='bbox 892 3447 1020 3532; x_wconf 79' lang='lat' dir='ltr'>qnidam</span> <span class='ocrx_word' id='word_1_191' title='bbox 1041 3466 1113 3524; x_wconf 81' lang='lat' dir='ltr'>pro·</span> 
     </span>
     <span class='ocr_line' id='line_1_28' title="bbox 70 3548 1114 3634; baseline -0.002 -23"><span class='ocrx_word' id='word_1_192' title='bbox 70 3551 182 3611; x_wconf 80' lang='lat' dir='ltr'>orimus</span> <span class='ocrx_word' id='word_1_193' title='bbox 207 3563 429 3634; x_wconf 81' lang='lat' dir='ltr'>parentesque,</span> <span class='ocrx_word' id='word_1_194' title='bbox 466 3553 553 3634; x_wconf 89' lang='lat' dir='ltr'>quod</span> <span class='ocrx_word' id='word_1_195' title='bbox 581 3554 723 3614; x_wconf 79' lang='lat' dir='ltr'>manarit</span> <span class='ocrx_word' id='word_1_196' title='bbox 748 3553 782 3612; x_wconf 88' lang='lat' dir='ltr'>in</span> <span class='ocrx_word' id='word_1_197' title='bbox 809 3564 956 3634; x_wconf 79' lang='lat' dir='ltr'>cognatae</span> <span class='ocrx_word' id='word_1_198' title='bbox 982 3548 1114 3609; x_wconf 75' lang='lat' dir='ltr'>adfines·</span> 
     </span>
     <span class='ocr_line' id='line_1_29' title="bbox 72 3648 1114 3733; baseline -0.001 -22"><span class='ocrx_word' id='word_1_199' title='bbox 72 3669 138 3733; x_wconf 88' lang='lat' dir='ltr'>que</span> <span class='ocrx_word' id='word_1_200' title='bbox 154 3669 223 3711; x_wconf 88' lang='lat' dir='ltr'>nou</span> <span class='ocrx_word' id='word_1_201' title='bbox 241 3648 358 3722; x_wconf 82' lang='lat' dir='ltr'>solnm,</span> <span class='ocrx_word' id='word_1_202' title='bbox 384 3649 435 3713; x_wconf 87' lang='lat' dir='ltr'>sed</span> <span class='ocrx_word' id='word_1_203' title='bbox 458 3666 491 3714; x_wconf 91' lang='lat' dir='ltr'>et</span> <span class='ocrx_word' id='word_1_204' title='bbox 513 3655 547 3715; x_wconf 91' lang='lat' dir='ltr'>in</span> <span class='ocrx_word' id='word_1_205' title='bbox 568 3653 779 3722; x_wconf 81' lang='lat' dir='ltr'>Oiivarianoe‚</span> <span class='ocrx_word' id='word_1_206' title='bbox 808 3667 841 3714; x_wconf 88' lang='lat' dir='ltr'>et</span> <span class='ocrx_word' id='word_1_207' title='bbox 863 3651 966 3712; x_wconf 79' lang='lat' dir='ltr'>adrisrt</span> <span class='ocrx_word' id='word_1_208' title='bbox 985 3649 1114 3722; x_wconf 81' lang='lat' dir='ltr'>Vineto,</span> 
     </span>
     <span class='ocr_line' id='line_1_30' title="bbox 71 3749 1114 3836; baseline -0.007 -20"><span class='ocrx_word' id='word_1_209' title='bbox 71 3751 228 3821; x_wconf 86' lang='lat' dir='ltr'>Schotto,</span> <span class='ocrx_word' id='word_1_210' title='bbox 256 3749 362 3814; x_wconf 86' lang='lat' dir='ltr'>Voffio</span> <span class='ocrx_word' id='word_1_211' title='bbox 385 3765 417 3814; x_wconf 92' lang='lat' dir='ltr'>et</span> <span class='ocrx_word' id='word_1_212' title='bbox 433 3753 605 3817; x_wconf 86' lang='lat' dir='ltr'>Gronoviie</span> <span class='ocrx_word' id='word_1_213' title='bbox 619 3757 652 3816; x_wconf 91' lang='lat' dir='ltr'>iu</span> <span class='ocrx_word' id='word_1_214' title='bbox 674 3755 745 3816; x_wconf 88' lang='lat' dir='ltr'>edd.</span> <span class='ocrx_word' id='word_1_215' title='bbox 764 3763 980 3836; x_wconf 74' lang='lat' dir='ltr'>4o.41.4u.</span> <span class='ocrx_word' id='word_1_216' title='bbox 1014 3751 1114 3810; x_wconf 89' lang='lat' dir='ltr'>Deni-</span> 
     </span>
     <span class='ocr_line' id='line_1_31' title="bbox 11 3853 1113 3940; baseline -0.002 -26"><span class='ocrx_word' id='word_1_217' title='bbox 11 3853 13 3858; x_wconf 74' lang='grc'><strong>’</strong></span> <span class='ocrx_word' id='word_1_218' title='bbox 73 3873 138 3936; x_wconf 83' lang='lat' dir='ltr'>que</span> <span class='ocrx_word' id='word_1_219' title='bbox 161 3867 333 3935; x_wconf 78' lang='lat' dir='ltr'>praeeunte</span> <span class='ocrx_word' id='word_1_220' title='bbox 349 3855 520 3918; x_wconf 83' lang='lat' dir='ltr'>Reinuldio</span> <span class='ocrx_word' id='word_1_221' title='bbox 540 3858 634 3918; x_wconf 82' lang='lat' dir='ltr'>rediit</span> <span class='ocrx_word' id='word_1_222' title='bbox 650 3853 779 3940; x_wconf 79' lang='lat' dir='ltr'>quidam</span> <span class='ocrx_word' id='word_1_223' title='bbox 800 3853 939 3934; x_wconf 80' lang='lat' dir='ltr'>proximi</span> <span class='ocrx_word' id='word_1_224' title='bbox 955 3864 1113 3932; x_wconf 80' lang='lat' dir='ltr'>parentes,</span> 
     </span>
     <span class='ocr_line' id='line_1_32' title="bbox 73 3955 1116 4041; baseline -0.002 -25"><span class='ocrx_word' id='word_1_225' title='bbox 73 3973 133 4038; x_wconf 84' lang='lat' dir='ltr'>pro</span> <span class='ocrx_word' id='word_1_226' title='bbox 158 3973 224 4035; x_wconf 87' lang='lat' dir='ltr'>quo</span> <span class='ocrx_word' id='word_1_227' title='bbox 249 3955 299 4016; x_wconf 90' lang='lat' dir='ltr'>ed.</span> <span class='ocrx_word' id='word_1_228' title='bbox 325 3967 383 4032; x_wconf 76' lang='lat'>28.</span> <span class='ocrx_word' id='word_1_229' title='bbox 414 3957 493 4018; x_wconf 85' lang='lat' dir='ltr'>oiim</span> <span class='ocrx_word' id='word_1_230' title='bbox 515 3957 645 4041; x_wconf 81' lang='lat' dir='ltr'>qnidam</span> <span class='ocrx_word' id='word_1_231' title='bbox 671 3957 833 4040; x_wconf 76' lang='lat' dir='ltr'>proximos</span> <span class='ocrx_word' id='word_1_232' title='bbox 855 3965 1003 4034; x_wconf 84' lang='lat' dir='ltr'>parentes</span> <span class='ocrx_word' id='word_1_233' title='bbox 1030 3971 1116 4032; x_wconf 82' lang='lat' dir='ltr'>prae·</span> 
     </span>
     <span class='ocr_line' id='line_1_33' title="bbox 73 4055 1113 4144; baseline -0.001 -28"><span class='ocrx_word' id='word_1_234' title='bbox 73 4056 155 4118; x_wconf 87' lang='lat' dir='ltr'>buit.</span> <span class='ocrx_word' id='word_1_235' title='bbox 188 4073 395 4120; x_wconf 75' lang='lat' dir='ltr'>thcrtvcrtss.</span> <span class='ocrx_word' id='word_1_236' title='bbox 448 4059 553 4132; x_wconf 86' lang='lat' dir='ltr'>Forte,</span> <span class='ocrx_word' id='word_1_237' title='bbox 581 4059 711 4144; x_wconf 77' lang='lat' dir='ltr'>quidam</span> <span class='ocrx_word' id='word_1_238' title='bbox 736 4070 894 4136; x_wconf 84' lang='lat' dir='ltr'>parentes,</span> <span class='ocrx_word' id='word_1_239' title='bbox 919 4055 1113 4135; x_wconf 78' lang='lat' dir='ltr'>prinsquam.</span> 
     </span>
     <span class='ocr_line' id='line_1_34' title="bbox 72 4150 1115 4248; baseline -0.004 -25"><span class='ocrx_word' id='word_1_240' title='bbox 72 4157 204 4223; x_wconf 83' lang='lat' dir='ltr'>Solinue</span> <span class='ocrx_word' id='word_1_241' title='bbox 244 4171 352 4220; x_wconf 81' lang='lat' dir='ltr'>tomen</span> <span class='ocrx_word' id='word_1_242' title='bbox 388 4161 552 4240; x_wconf 75' lang='lat' dir='ltr'>proximos</span> <span class='ocrx_word' id='word_1_243' title='bbox 582 4173 787 4248; x_wconf 85' lang='lat' dir='ltr'>parentesque</span> <span class='ocrx_word' id='word_1_244' title='bbox 812 4157 925 4230; x_wconf 74' lang='lat' dir='ltr'>hebet,</span> <span class='ocrx_word' id='word_1_245' title='bbox 957 4173 1024 4237; x_wconf 78' lang='lat' dir='ltr'>cup.</span> <span class='ocrx_word' id='word_1_246' title='bbox 1055 4150 1115 4233; x_wconf 80' lang='lat'>65.</span> 
     </span>
    </p>
   </div>
   <div class='ocr_carea' id='block_1_9' title="bbox 119 4259 782 4352">
    <p class='ocr_par' dir='ltr' id='par_1_9' title="bbox 119 4259 782 4352">
     <span class='ocr_line' id='line_1_35' title="bbox 119 4259 782 4352; baseline 0.005 -18"><span class='ocrx_word' id='word_1_247' title='bbox 119 4275 221 4352; x_wconf 69' lang='lat' dir='ltr'>emp.</span> <span class='ocrx_word' id='word_1_248' title='bbox 239 4275 335 4332; x_wconf 63' lang='lat' dir='ltr'>Mau</span> <span class='ocrx_word' id='word_1_249' title='bbox 362 4274 404 4334; x_wconf 77' lang='lat' dir='ltr'>t.</span> <span class='ocrx_word' id='word_1_250' title='bbox 423 4275 478 4336; x_wconf 72' lang='grc' dir='ltr'>ιιι,</span> <span class='ocrx_word' id='word_1_251' title='bbox 755 4259 782 4323; x_wconf 78' lang='lat' dir='ltr'><strong>P</strong></span> 
     </span>
    </p>
   </div>
   <div class='ocr_carea' id='block_1_10' title="bbox 0 0 1423 4940">
    <p class='ocr_par' dir='ltr' id='par_1_10' title="bbox 0 0 1423 4940">
     <span class='ocr_line' id='line_1_36' title="bbox 0 0 1423 4940; baseline 0 0"><span class='ocrx_word' id='word_1_252' title='bbox 0 0 1423 4940; x_wconf 95' lang='lat' dir='ltr'> </span> 
     </span>
    </p>
   </div>
  </div>
 </body>
</html>
