<?xml version="1.0" encoding="UTF-8"?>
<!DOCTYPE html PUBLIC "-//W3C//DTD XHTML 1.0 Transitional//EN"
    "http://www.w3.org/TR/xhtml1/DTD/xhtml1-transitional.dtd">
<html xmlns="http://www.w3.org/1999/xhtml" xml:lang="en" lang="en">
 <head>
  <title>
</title>
<meta http-equiv="Content-Type" content="text/html;charset=utf-8" />
  <meta name='ocr-system' content='tesseract 3.04.00' />
  <meta name='ocr-capabilities' content='ocr_page ocr_carea ocr_par ocr_line ocrx_word'/>
</head>
<body>
  <div class='ocr_page' id='page_1' title='image "./pomponiimelaede05melagoog_0578.png"; bbox 0 0 2814 4946; ppageno 0'>
   <div class='ocr_carea' id='block_1_1' title="bbox 325 479 1070 558">
    <p class='ocr_par' dir='ltr' id='par_1_1' title="bbox 325 479 1070 558">
     <span class='ocr_line' id='line_1_1' title="bbox 325 479 1070 558; baseline -0.007 -18"><span class='ocrx_word' id='word_1_1' title='bbox 325 479 388 558; x_wconf 80' lang='lat'>562</span> <span class='ocrx_word' id='word_1_2' title='bbox 615 481 865 540; x_wconf 79' lang='lat' dir='ltr'>rourourr</span> <span class='ocrx_word' id='word_1_3' title='bbox 907 480 1070 537; x_wconf 72' lang='lat' dir='ltr'>metir.</span> 
     </span>
    </p>
   </div>
   <div class='ocr_carea' id='block_1_2' title="bbox 325 649 1370 1027">
    <p class='ocr_par' dir='ltr' id='par_1_2' title="bbox 325 649 1370 1027">
     <span class='ocr_line' id='line_1_2' title="bbox 325 649 1365 740; baseline -0.008 -16"><span class='ocrx_word' id='word_1_4' title='bbox 325 657 475 730; x_wconf 81' lang='lat' dir='ltr'>Bruttio,</span> <span class='ocrx_word' id='word_1_5' title='bbox 509 657 549 720; x_wconf 89' lang='lat' dir='ltr'>de</span> <span class='ocrx_word' id='word_1_6' title='bbox 571 677 631 740; x_wconf 81' lang='lat' dir='ltr'>qua</span> <span class='ocrx_word' id='word_1_7' title='bbox 656 655 802 738; x_wconf 78' lang='lat' dir='ltr'>[criptura</span> <span class='ocrx_word' id='word_1_8' title='bbox 824 657 948 716; x_wconf 89' lang='lat' dir='ltr'>dictum</span> <span class='ocrx_word' id='word_1_9' title='bbox 973 653 1017 716; x_wconf 84' lang='lat' dir='ltr'>est</span> <span class='ocrx_word' id='word_1_10' title='bbox 1043 649 1132 736; x_wconf 83' lang='lat' dir='ltr'>supra</span> <span class='ocrx_word' id='word_1_11' title='bbox 1154 653 1192 715; x_wconf 86' lang='lat' dir='ltr'>ad</span> <span class='ocrx_word' id='word_1_12' title='bbox 1219 669 1251 724; x_wconf 71' lang='grc' dir='ltr'>α,</span> <span class='ocrx_word' id='word_1_13' title='bbox 1276 661 1310 738; x_wconf 69' lang='grc'>4.</span> <span class='ocrx_word' id='word_1_14' title='bbox 1336 671 1365 716; x_wconf 75' lang='lat' dir='ltr'>e.</span> 
     </span>
     <span class='ocr_line' id='line_1_3' title="bbox 329 753 1368 838; baseline -0.004 -16"><span class='ocrx_word' id='word_1_15' title='bbox 329 763 464 822; x_wconf 84' lang='lat' dir='ltr'>Videtur</span> <span class='ocrx_word' id='word_1_16' title='bbox 488 762 532 820; x_wconf 76' lang='lat' dir='ltr'>ita</span> <span class='ocrx_word' id='word_1_17' title='bbox 558 761 677 820; x_wconf 77' lang='lat' dir='ltr'>iamin</span> <span class='ocrx_word' id='word_1_18' title='bbox 705 773 841 838; x_wconf 86' lang='lat' dir='ltr'>utroque</span> <span class='ocrx_word' id='word_1_19' title='bbox 864 758 936 818; x_wconf 85' lang='lat' dir='ltr'>ioco</span> <span class='ocrx_word' id='word_1_20' title='bbox 968 753 1085 816; x_wconf 83' lang='lat' dir='ltr'>dediffe</span> <span class='ocrx_word' id='word_1_21' title='bbox 1113 757 1257 820; x_wconf 75' lang='lat' dir='ltr'>Vinctus.</span> <span class='ocrx_word' id='word_1_22' title='bbox 1307 759 1368 819; x_wconf 87' lang='lat' dir='ltr'>Pro</span> 
     </span>
     <span class='ocr_line' id='line_1_4' title="bbox 328 859 1370 946; baseline -0.007 -21"><span class='ocrx_word' id='word_1_23' title='bbox 328 864 459 946; x_wconf 81' lang='lat' dir='ltr'>vulgato</span> <span class='ocrx_word' id='word_1_24' title='bbox 480 881 608 924; x_wconf 80' lang='lat' dir='ltr'>annexa</span> <span class='ocrx_word' id='word_1_25' title='bbox 633 860 742 924; x_wconf 88' lang='lat' dir='ltr'>Cibin.</span> <span class='ocrx_word' id='word_1_26' title='bbox 763 859 939 946; x_wconf 82' lang='lat' dir='ltr'>Rehriiger.</span> <span class='ocrx_word' id='word_1_27' title='bbox 961 872 996 922; x_wconf 85' lang='lat' dir='ltr'>et</span> <span class='ocrx_word' id='word_1_28' title='bbox 1022 861 1135 922; x_wconf 78' lang='lat' dir='ltr'>venet.</span> <span class='ocrx_word' id='word_1_29' title='bbox 1159 861 1275 922; x_wconf 78' lang='lat' dir='ltr'>melius</span> <span class='ocrx_word' id='word_1_30' title='bbox 1295 859 1370 920; x_wconf 84' lang='lat' dir='ltr'>dant</span> 
     </span>
     <span class='ocr_line' id='line_1_5' title="bbox 329 965 469 1027; baseline 0.007 -1"><span class='ocrx_word' id='word_1_31' title='bbox 329 965 469 1027; x_wconf 80' lang='lat' dir='ltr'>adtrexu.</span> 
     </span>
    </p>
   </div>
   <div class='ocr_carea' id='block_1_3' title="bbox 326 1155 1370 2471">
    <p class='ocr_par' dir='ltr' id='par_1_3' title="bbox 326 1155 1370 2471">
     <span class='ocr_line' id='line_1_6' title="bbox 406 1155 1370 1258; baseline -0.003 -31"><span class='ocrx_word' id='word_1_32' title='bbox 406 1155 625 1258; x_wconf 81' lang='lat' dir='ltr'><strong><em>abscissa)</em></strong></span> <span class='ocrx_word' id='word_1_33' title='bbox 676 1163 810 1228; x_wconf 85' lang='lat' dir='ltr'>Mediui.</span> <span class='ocrx_word' id='word_1_34' title='bbox 834 1163 916 1228; x_wconf 80' lang='lat' dir='ltr'>Voff.</span> <span class='ocrx_word' id='word_1_35' title='bbox 943 1177 1021 1235; x_wconf 77' lang='lat' dir='ltr'>tres,</span> <span class='ocrx_word' id='word_1_36' title='bbox 1057 1163 1232 1248; x_wconf 81' lang='lat' dir='ltr'>Rehdiger.</span> <span class='ocrx_word' id='word_1_37' title='bbox 1260 1163 1370 1226; x_wconf 90' lang='lat' dir='ltr'>Cibin.</span> 
     </span>
     <span class='ocr_line' id='line_1_7' title="bbox 333 1257 1370 1360; baseline -0.008 -28"><span class='ocrx_word' id='word_1_38' title='bbox 333 1269 418 1332; x_wconf 89' lang='lat' dir='ltr'>Gud.</span> <span class='ocrx_word' id='word_1_39' title='bbox 440 1257 573 1360; x_wconf 74' lang='lat' dir='ltr'>abscisa.</span> <span class='ocrx_word' id='word_1_40' title='bbox 612 1267 780 1330; x_wconf 82' lang='lat' dir='ltr'>Editiones</span> <span class='ocrx_word' id='word_1_41' title='bbox 799 1287 872 1328; x_wconf 91' lang='lat' dir='ltr'>cum</span> <span class='ocrx_word' id='word_1_42' title='bbox 889 1267 957 1328; x_wconf 76' lang='lat' dir='ltr'>aliie</span> <span class='ocrx_word' id='word_1_43' title='bbox 976 1266 1097 1328; x_wconf 74' lang='lat' dir='ltr'>iussus</span> <span class='ocrx_word' id='word_1_44' title='bbox 1114 1257 1261 1354; x_wconf 79' lang='lat' dir='ltr'>absciffa,</span> <span class='ocrx_word' id='word_1_45' title='bbox 1286 1285 1370 1346; x_wconf 83' lang='lat' dir='ltr'>prae·</span> 
     </span>
     <span class='ocr_line' id='line_1_8' title="bbox 332 1358 1370 1456; baseline -0.009 -24"><span class='ocrx_word' id='word_1_46' title='bbox 332 1385 380 1446; x_wconf 73' lang='lat' dir='ltr'>tet</span> <span class='ocrx_word' id='word_1_47' title='bbox 403 1387 456 1434; x_wconf 72' lang='lat' dir='ltr'>tt.</span> <span class='ocrx_word' id='word_1_48' title='bbox 479 1389 533 1447; x_wconf 70' lang='lat'>114.</span> <span class='ocrx_word' id='word_1_49' title='bbox 556 1388 610 1448; x_wconf 82' lang='lat'>19.</span> <span class='ocrx_word' id='word_1_50' title='bbox 633 1371 666 1428; x_wconf 90' lang='lat' dir='ltr'>in</span> <span class='ocrx_word' id='word_1_51' title='bbox 682 1367 907 1450; x_wconf 70' lang='lat' dir='ltr'>quibus‘exstat</span> <span class='ocrx_word' id='word_1_52' title='bbox 922 1358 1055 1456; x_wconf 81' lang='lat' dir='ltr'>abciffa.</span> <span class='ocrx_word' id='word_1_53' title='bbox 1093 1369 1263 1448; x_wconf 78' lang='lat' dir='ltr'>Vtriusque</span> <span class='ocrx_word' id='word_1_54' title='bbox 1281 1367 1370 1427; x_wconf 82' lang='lat' dir='ltr'>verbi</span> 
     </span>
     <span class='ocr_line' id='line_1_9' title="bbox 333 1469 1370 1537; baseline -0.008 -3"><span class='ocrx_word' id='word_1_55' title='bbox 333 1473 440 1534; x_wconf 81' lang='lat' dir='ltr'>crebra</span> <span class='ocrx_word' id='word_1_56' title='bbox 465 1471 507 1532; x_wconf 88' lang='lat' dir='ltr'>est</span> <span class='ocrx_word' id='word_1_57' title='bbox 533 1471 566 1530; x_wconf 88' lang='lat' dir='ltr'>iu</span> <span class='ocrx_word' id='word_1_58' title='bbox 593 1470 681 1530; x_wconf 74' lang='lat' dir='ltr'>libris</span> <span class='ocrx_word' id='word_1_59' title='bbox 707 1471 933 1537; x_wconf 80' lang='lat' dir='ltr'>commutatio.</span> <span class='ocrx_word' id='word_1_60' title='bbox 969 1469 1072 1530; x_wconf 89' lang='lat' dir='ltr'>veluti</span> <span class='ocrx_word' id='word_1_61' title='bbox 1099 1470 1133 1528; x_wconf 90' lang='lat' dir='ltr'>in</span> <span class='ocrx_word' id='word_1_62' title='bbox 1159 1469 1267 1528; x_wconf 89' lang='lat' dir='ltr'>Livio.</span> <span class='ocrx_word' id='word_1_63' title='bbox 1322 1469 1370 1529; x_wconf 89' lang='lat' dir='ltr'>Sic</span> 
     </span>
     <span class='ocr_line' id='line_1_10' title="bbox 332 1569 1367 1652; baseline -0.009 -16"><span class='ocrx_word' id='word_1_64' title='bbox 332 1587 571 1636; x_wconf 74' lang='lat' dir='ltr'>commutantur</span> <span class='ocrx_word' id='word_1_65' title='bbox 591 1572 624 1632; x_wconf 92' lang='lat' dir='ltr'>in</span> <span class='ocrx_word' id='word_1_66' title='bbox 649 1571 760 1634; x_wconf 83' lang='lat' dir='ltr'>Orosro</span> <span class='ocrx_word' id='word_1_67' title='bbox 785 1589 816 1640; x_wconf 83' lang='lat' dir='ltr'>rt,</span> <span class='ocrx_word' id='word_1_68' title='bbox 844 1583 898 1648; x_wconf 75' lang='lat'>18.</span> <span class='ocrx_word' id='word_1_69' title='bbox 919 1591 950 1652; x_wconf 85' lang='lat' dir='ltr'>p.</span> <span class='ocrx_word' id='word_1_70' title='bbox 976 1583 1057 1648; x_wconf 78' lang='lat'>139.</span> <span class='ocrx_word' id='word_1_71' title='bbox 1083 1570 1219 1630; x_wconf 85' lang='lat' dir='ltr'>Haverc.</span> <span class='ocrx_word' id='word_1_72' title='bbox 1256 1569 1367 1630; x_wconf 85' lang='lat' dir='ltr'>Horat.</span> 
     </span>
     <span class='ocr_line' id='line_1_11' title="bbox 332 1671 1370 1754; baseline -0.009 -16"><span class='ocrx_word' id='word_1_73' title='bbox 332 1677 432 1752; x_wconf 77' lang='lat' dir='ltr'>Satyr.</span> <span class='ocrx_word' id='word_1_74' title='bbox 457 1689 486 1741; x_wconf 67' lang='grc' dir='ltr'>Ω,</span> <span class='ocrx_word' id='word_1_75' title='bbox 513 1687 546 1751; x_wconf 83' lang='lat'>3,</span> <span class='ocrx_word' id='word_1_76' title='bbox 572 1685 657 1751; x_wconf 76' lang='lat'>305.</span> <span class='ocrx_word' id='word_1_77' title='bbox 691 1674 746 1732; x_wconf 94' lang='lat' dir='ltr'>ubi</span> <span class='ocrx_word' id='word_1_78' title='bbox 769 1692 808 1734; x_wconf 84' lang='lat' dir='ltr'>ex</span> <span class='ocrx_word' id='word_1_79' title='bbox 840 1671 940 1733; x_wconf 78' lang='lat' dir='ltr'>tribus</span> <span class='ocrx_word' id='word_1_80' title='bbox 965 1671 1055 1734; x_wconf 82' lang='lat' dir='ltr'>MSS.</span> <span class='ocrx_word' id='word_1_81' title='bbox 1083 1671 1213 1754; x_wconf 79' lang='lat' dir='ltr'>Argeut.</span> <span class='ocrx_word' id='word_1_82' title='bbox 1243 1672 1370 1730; x_wconf 81' lang='lat' dir='ltr'>notavit</span> 
     </span>
     <span class='ocr_line' id='line_1_12' title="bbox 332 1769 1368 1853; baseline -0.006 -15"><span class='ocrx_word' id='word_1_83' title='bbox 332 1775 515 1842; x_wconf 78' lang='lat' dir='ltr'>Oberlinuu.</span> <span class='ocrx_word' id='word_1_84' title='bbox 537 1774 650 1836; x_wconf 90' lang='lat' dir='ltr'>Curtio</span> <span class='ocrx_word' id='word_1_85' title='bbox 665 1788 696 1853; x_wconf 79' lang='lat'>3,</span> <span class='ocrx_word' id='word_1_86' title='bbox 721 1793 773 1842; x_wconf 86' lang='lat' dir='ltr'>tt,</span> <span class='ocrx_word' id='word_1_87' title='bbox 793 1786 851 1852; x_wconf 73' lang='lat'>25.</span> <span class='ocrx_word' id='word_1_88' title='bbox 886 1769 936 1835; x_wconf 89' lang='lat' dir='ltr'>Cf.</span> <span class='ocrx_word' id='word_1_89' title='bbox 954 1774 1091 1834; x_wconf 87' lang='lat' dir='ltr'>Torren.</span> <span class='ocrx_word' id='word_1_90' title='bbox 1108 1773 1146 1832; x_wconf 81' lang='lat' dir='ltr'>ad</span> <span class='ocrx_word' id='word_1_91' title='bbox 1163 1774 1262 1834; x_wconf 84' lang='lat' dir='ltr'>Valer.</span> <span class='ocrx_word' id='word_1_92' title='bbox 1285 1772 1368 1832; x_wconf 79' lang='lat' dir='ltr'>Max.</span> 
     </span>
     <span class='ocr_line' id='line_1_13' title="bbox 338 1873 1368 1958; baseline -0.006 -20"><span class='ocrx_word' id='word_1_93' title='bbox 338 1899 366 1947; x_wconf 89' lang='lat' dir='ltr'>r,</span> <span class='ocrx_word' id='word_1_94' title='bbox 397 1897 424 1946; x_wconf 89' lang='lat' dir='ltr'>r,</span> <span class='ocrx_word' id='word_1_95' title='bbox 459 1889 510 1948; x_wconf 63' lang='grc' dir='ltr'>ιβ.</span> <span class='ocrx_word' id='word_1_96' title='bbox 550 1874 760 1957; x_wconf 82' lang='lat' dir='ltr'>Oudendorp.</span> <span class='ocrx_word' id='word_1_97' title='bbox 788 1876 826 1936; x_wconf 81' lang='lat' dir='ltr'>ad</span> <span class='ocrx_word' id='word_1_98' title='bbox 859 1875 976 1935; x_wconf 83' lang='lat' dir='ltr'>Lucan.</span> <span class='ocrx_word' id='word_1_99' title='bbox 998 1889 1031 1952; x_wconf 81' lang='lat'>3.</span> <span class='ocrx_word' id='word_1_100' title='bbox 1060 1887 1117 1958; x_wconf 79' lang='lat'>33.</span> <span class='ocrx_word' id='word_1_101' title='bbox 1141 1887 1175 1935; x_wconf 84' lang='lat' dir='ltr'>et</span> <span class='ocrx_word' id='word_1_102' title='bbox 1195 1873 1291 1944; x_wconf 83' lang='lat' dir='ltr'>alibi3</span> <span class='ocrx_word' id='word_1_103' title='bbox 1330 1873 1368 1932; x_wconf 88' lang='lat' dir='ltr'>de</span> 
     </span>
     <span class='ocr_line' id='line_1_14' title="bbox 332 1973 1367 2058; baseline -0.008 -18"><span class='ocrx_word' id='word_1_104' title='bbox 332 1979 496 2058; x_wconf 83' lang='lat' dir='ltr'>utriusque</span> <span class='ocrx_word' id='word_1_105' title='bbox 510 1977 695 2038; x_wconf 80' lang='lat' dir='ltr'>discrimine</span> <span class='ocrx_word' id='word_1_106' title='bbox 718 1977 804 2038; x_wconf 85' lang='lat' dir='ltr'>idem</span> <span class='ocrx_word' id='word_1_107' title='bbox 820 1976 856 2037; x_wconf 83' lang='lat' dir='ltr'>ad</span> <span class='ocrx_word' id='word_1_108' title='bbox 875 1977 1020 2038; x_wconf 83' lang='lat' dir='ltr'>Frontin.</span> <span class='ocrx_word' id='word_1_109' title='bbox 1037 1996 1068 2056; x_wconf 91' lang='lat' dir='ltr'>p.</span> <span class='ocrx_word' id='word_1_110' title='bbox 1085 1993 1146 2056; x_wconf 67' lang='lat'>49.</span> <span class='ocrx_word' id='word_1_111' title='bbox 1186 1975 1314 2036; x_wconf 86' lang='lat' dir='ltr'>Duker.</span> <span class='ocrx_word' id='word_1_112' title='bbox 1330 1973 1367 2033; x_wconf 86' lang='lat' dir='ltr'>ad</span> 
     </span>
     <span class='ocr_line' id='line_1_15' title="bbox 330 2075 1368 2159; baseline -0.006 -19"><span class='ocrx_word' id='word_1_113' title='bbox 330 2080 416 2140; x_wconf 90' lang='lat' dir='ltr'>Flor.</span> <span class='ocrx_word' id='word_1_114' title='bbox 435 2094 466 2146; x_wconf 85' lang='lat'>2,</span> <span class='ocrx_word' id='word_1_115' title='bbox 486 2093 517 2148; x_wconf 74' lang='grc' dir='ltr'>α,</span> <span class='ocrx_word' id='word_1_116' title='bbox 542 2093 575 2139; x_wconf 76' lang='lat'>2.</span> <span class='ocrx_word' id='word_1_117' title='bbox 607 2091 639 2140; x_wconf 84' lang='lat' dir='ltr'>et</span> <span class='ocrx_word' id='word_1_118' title='bbox 659 2095 739 2159; x_wconf 79' lang='lat' dir='ltr'>quor</span> <span class='ocrx_word' id='word_1_119' title='bbox 761 2078 907 2148; x_wconf 82' lang='lat' dir='ltr'>laudant,</span> <span class='ocrx_word' id='word_1_120' title='bbox 940 2091 973 2138; x_wconf 90' lang='lat' dir='ltr'>et</span> <span class='ocrx_word' id='word_1_121' title='bbox 996 2075 1142 2158; x_wconf 83' lang='lat' dir='ltr'>supra&#39;ad</span> <span class='ocrx_word' id='word_1_122' title='bbox 1165 2093 1196 2144; x_wconf 85' lang='lat'>2.</span> <span class='ocrx_word' id='word_1_123' title='bbox 1218 2089 1251 2152; x_wconf 83' lang='lat'>5,</span> <span class='ocrx_word' id='word_1_124' title='bbox 1276 2091 1311 2148; x_wconf 90' lang='lat'>7.</span> <span class='ocrx_word' id='word_1_125' title='bbox 1337 2087 1368 2136; x_wconf 85' lang='lat' dir='ltr'>et</span> 
     </span>
     <span class='ocr_line' id='line_1_16' title="bbox 328 2175 1368 2262; baseline -0.003 -23"><span class='ocrx_word' id='word_1_126' title='bbox 328 2178 409 2240; x_wconf 80' lang='lat' dir='ltr'>infra</span> <span class='ocrx_word' id='word_1_127' title='bbox 425 2179 463 2238; x_wconf 83' lang='lat' dir='ltr'>ad</span> <span class='ocrx_word' id='word_1_128' title='bbox 480 2193 513 2256; x_wconf 79' lang='lat'>5,</span> <span class='ocrx_word' id='word_1_129' title='bbox 534 2179 566 2241; x_wconf 88' lang='lat'>6.</span> <span class='ocrx_word' id='word_1_130' title='bbox 583 2179 628 2241; x_wconf 91' lang='lat' dir='ltr'>iu.</span> <span class='ocrx_word' id='word_1_131' title='bbox 651 2180 762 2240; x_wconf 80' lang='lat' dir='ltr'>notavi</span> <span class='ocrx_word' id='word_1_132' title='bbox 779 2177 855 2262; x_wconf 80' lang='lat' dir='ltr'>ipse.</span> <span class='ocrx_word' id='word_1_133' title='bbox 895 2180 945 2242; x_wconf 83' lang='lat' dir='ltr'>Sic</span> <span class='ocrx_word' id='word_1_134' title='bbox 960 2175 1039 2238; x_wconf 81' lang='lat' dir='ltr'>inira</span> <span class='ocrx_word' id='word_1_135' title='bbox 1060 2197 1090 2248; x_wconf 75' lang='lat' dir='ltr'>e,</span> <span class='ocrx_word' id='word_1_136' title='bbox 1111 2196 1140 2246; x_wconf 85' lang='lat'>2.</span> <span class='ocrx_word' id='word_1_137' title='bbox 1157 2193 1190 2250; x_wconf 89' lang='lat'>7.</span> <span class='ocrx_word' id='word_1_138' title='bbox 1217 2179 1368 2238; x_wconf 83' lang='lat' dir='ltr'>fluctuan-</span> 
     </span>
     <span class='ocr_line' id='line_1_17' title="bbox 327 2270 1367 2370; baseline -0.004 -30"><span class='ocrx_word' id='word_1_139' title='bbox 327 2293 379 2340; x_wconf 87' lang='lat' dir='ltr'>tur</span> <span class='ocrx_word' id='word_1_140' title='bbox 404 2280 476 2341; x_wconf 89' lang='lat' dir='ltr'>libri</span> <span class='ocrx_word' id='word_1_141' title='bbox 500 2281 582 2340; x_wconf 85' lang='lat' dir='ltr'>inter</span> <span class='ocrx_word' id='word_1_142' title='bbox 605 2279 759 2340; x_wconf 79' lang='lat' dir='ltr'>excidium</span> <span class='ocrx_word' id='word_1_143' title='bbox 788 2294 821 2340; x_wconf 89' lang='lat' dir='ltr'>et</span> <span class='ocrx_word' id='word_1_144' title='bbox 848 2270 1040 2370; x_wconf 64' lang='lat' dir='ltr'>exscidium</span> <span class='ocrx_word' id='word_1_145' title='bbox 1079 2282 1164 2338; x_wconf 88' lang='lat' dir='ltr'>inter</span> <span class='ocrx_word' id='word_1_146' title='bbox 1190 2271 1314 2368; x_wconf 81' lang='lat' dir='ltr'>resciffo</span> <span class='ocrx_word' id='word_1_147' title='bbox 1335 2291 1367 2338; x_wconf 86' lang='lat' dir='ltr'>et</span> 
     </span>
     <span class='ocr_line' id='line_1_18' title="bbox 326 2373 1367 2471; baseline -0.005 -28"><span class='ocrx_word' id='word_1_148' title='bbox 326 2373 423 2471; x_wconf 80' lang='lat' dir='ltr'>reciso</span> <span class='ocrx_word' id='word_1_149' title='bbox 438 2383 522 2463; x_wconf 83' lang='lat' dir='ltr'>apud</span> <span class='ocrx_word' id='word_1_150' title='bbox 540 2379 659 2462; x_wconf 88' lang='lat' dir='ltr'>Nepot.</span> <span class='ocrx_word' id='word_1_151' title='bbox 676 2383 709 2441; x_wconf 92' lang='lat' dir='ltr'>in</span> <span class='ocrx_word' id='word_1_152' title='bbox 726 2381 810 2444; x_wconf 80' lang='lat' dir='ltr'>Mitt.</span> <span class='ocrx_word' id='word_1_153' title='bbox 826 2400 854 2443; x_wconf 82' lang='lat' dir='ltr'>c.</span> <span class='ocrx_word' id='word_1_154' title='bbox 873 2395 904 2460; x_wconf 74' lang='lat'>5,</span> <span class='ocrx_word' id='word_1_155' title='bbox 921 2389 956 2462; x_wconf 75' lang='lat'>4.</span> <span class='ocrx_word' id='word_1_156' title='bbox 989 2381 1102 2462; x_wconf 74' lang='lat' dir='ltr'>Aptius</span> <span class='ocrx_word' id='word_1_157' title='bbox 1113 2381 1229 2460; x_wconf 65' lang='lat' dir='ltr'>,utique</span> <span class='ocrx_word' id='word_1_158' title='bbox 1246 2399 1284 2439; x_wconf 85' lang='lat' dir='ltr'>ex</span> <span class='ocrx_word' id='word_1_159' title='bbox 1300 2395 1367 2460; x_wconf 82' lang='lat' dir='ltr'>ety-</span> 
     </span>
    </p>
   </div>
   <div class='ocr_carea' id='block_1_4' title="bbox 326 2472 1315 2574">
    <p class='ocr_par' dir='ltr' id='par_1_4' title="bbox 326 2472 1315 2574">
     <span class='ocr_line' id='line_1_19' title="bbox 326 2472 1315 2574; baseline -0.005 -28"><span class='ocrx_word' id='word_1_160' title='bbox 326 2503 458 2546; x_wconf 87' lang='lat' dir='ltr'>morum</span> <span class='ocrx_word' id='word_1_161' title='bbox 478 2483 514 2543; x_wconf 80' lang='lat' dir='ltr'>vi</span> <span class='ocrx_word' id='word_1_162' title='bbox 535 2485 661 2565; x_wconf 77' lang='lat' dir='ltr'>propria</span> <span class='ocrx_word' id='word_1_163' title='bbox 678 2483 807 2544; x_wconf 80' lang='lat' dir='ltr'>ridetur</span> <span class='ocrx_word' id='word_1_164' title='bbox 822 2481 881 2544; x_wconf 82' lang='lat' dir='ltr'>effe</span> <span class='ocrx_word' id='word_1_165' title='bbox 902 2472 1056 2574; x_wconf 76' lang='lat' dir='ltr'>absctffa,</span> <span class='ocrx_word' id='word_1_166' title='bbox 1082 2482 1168 2562; x_wconf 88' lang='lat' dir='ltr'>quod</span> <span class='ocrx_word' id='word_1_167' title='bbox 1184 2483 1315 2542; x_wconf 86' lang='lat' dir='ltr'>retinui.</span> 
     </span>
    </p>
   </div>
   <div class='ocr_carea' id='block_1_5' title="bbox 325 2676 1365 2979">
    <p class='ocr_par' dir='ltr' id='par_1_5' title="bbox 325 2676 1365 2979">
     <span class='ocr_line' id='line_1_20' title="bbox 403 2676 1364 2776; baseline -0.003 -31"><span class='ocrx_word' id='word_1_168' title='bbox 403 2676 615 2776; x_wconf 83' lang='lat' dir='ltr'>perfluit)</span> <span class='ocrx_word' id='word_1_169' title='bbox 654 2683 747 2746; x_wconf 86' lang='lat' dir='ltr'>Deest</span> <span class='ocrx_word' id='word_1_170' title='bbox 767 2685 800 2744; x_wconf 87' lang='lat' dir='ltr'>iu</span> <span class='ocrx_word' id='word_1_171' title='bbox 816 2685 907 2768; x_wconf 79' lang='lat' dir='ltr'>Prag.</span> <span class='ocrx_word' id='word_1_172' title='bbox 931 2697 964 2746; x_wconf 87' lang='lat' dir='ltr'>et</span> <span class='ocrx_word' id='word_1_173' title='bbox 982 2703 1040 2766; x_wconf 89' lang='lat' dir='ltr'>pro</span> <span class='ocrx_word' id='word_1_174' title='bbox 1059 2704 1098 2746; x_wconf 91' lang='lat' dir='ltr'>eo</span> <span class='ocrx_word' id='word_1_175' title='bbox 1115 2683 1256 2746; x_wconf 89' lang='lat' dir='ltr'>Vindob.</span> <span class='ocrx_word' id='word_1_176' title='bbox 1274 2685 1364 2766; x_wconf 88' lang='lat' dir='ltr'>ponit</span> 
     </span>
     <span class='ocr_line' id='line_1_21' title="bbox 325 2777 1365 2877; baseline -0.003 -30"><span class='ocrx_word' id='word_1_177' title='bbox 325 2782 476 2876; x_wconf 79' lang='lat' dir='ltr'>profluit,</span> <span class='ocrx_word' id='word_1_178' title='bbox 509 2787 558 2846; x_wconf 92' lang='lat' dir='ltr'>uti</span> <span class='ocrx_word' id='word_1_179' title='bbox 583 2787 669 2846; x_wconf 85' lang='lat' dir='ltr'>idem</span> <span class='ocrx_word' id='word_1_180' title='bbox 692 2777 820 2876; x_wconf 76' lang='lat' dir='ltr'>serrium</span> <span class='ocrx_word' id='word_1_181' title='bbox 841 2806 898 2868; x_wconf 90' lang='lat' dir='ltr'>pro</span> <span class='ocrx_word' id='word_1_182' title='bbox 917 2777 1074 2877; x_wconf 73' lang='lat' dir='ltr'>summu,-</span> <span class='ocrx_word' id='word_1_183' title='bbox 1107 2785 1197 2870; x_wconf 81' lang='lat' dir='ltr'>Prag.</span> <span class='ocrx_word' id='word_1_184' title='bbox 1214 2777 1365 2876; x_wconf 61' lang='lat' dir='ltr'>scemmm</span> 
     </span>
     <span class='ocr_line' id='line_1_22' title="bbox 325 2879 727 2979; baseline -0.005 -29"><span class='ocrx_word' id='word_1_185' title='bbox 325 2889 400 2952; x_wconf 85' lang='lat' dir='ltr'>edd.</span> <span class='ocrx_word' id='word_1_186' title='bbox 418 2907 453 2968; x_wconf 88' lang='lat'>9.</span> <span class='ocrx_word' id='word_1_187' title='bbox 480 2901 536 2966; x_wconf 76' lang='lat'>15.</span> <span class='ocrx_word' id='word_1_188' title='bbox 550 2879 727 2979; x_wconf 73' lang='lat' dir='ltr'>serverum.</span> 
     </span>
    </p>
   </div>
   <div class='ocr_carea' id='block_1_6' title="bbox 322 3080 1364 4284">
    <p class='ocr_par' dir='ltr' id='par_1_6' title="bbox 322 3080 1364 4284">
     <span class='ocr_line' id='line_1_23' title="bbox 404 3080 1361 3180; baseline 0.002 -30"><span class='ocrx_word' id='word_1_189' title='bbox 404 3087 592 3171; x_wconf 81' lang='lat' dir='ltr'><em>Scyllae)</em></span> <span class='ocrx_word' id='word_1_190' title='bbox 629 3087 768 3151; x_wconf 77' lang='lat' dir='ltr'>vindob.</span> <span class='ocrx_word' id='word_1_191' title='bbox 794 3085 983 3180; x_wconf 73' lang='lat' dir='ltr'>Gud.fille,·</span> <span class='ocrx_word' id='word_1_192' title='bbox 1007 3090 1100 3173; x_wconf 81' lang='lat' dir='ltr'>Prag.</span> <span class='ocrx_word' id='word_1_193' title='bbox 1115 3080 1225 3179; x_wconf 79' lang='lat' dir='ltr'>scille,·</span> <span class='ocrx_word' id='word_1_194' title='bbox 1253 3089 1361 3152; x_wconf 89' lang='lat' dir='ltr'>Cibin.</span> 
     </span>
     <span class='ocr_line' id='line_1_24' title="bbox 328 3183 1361 3282; baseline 0.005 -32"><span class='ocrx_word' id='word_1_195' title='bbox 328 3189 438 3270; x_wconf 62' lang='lat' dir='ltr'>Scylla.</span> <span class='ocrx_word' id='word_1_196' title='bbox 478 3191 562 3253; x_wconf 89' lang='lat' dir='ltr'>Edd.</span> <span class='ocrx_word' id='word_1_197' title='bbox 584 3211 614 3252; x_wconf 88' lang='grc' dir='ltr'>ι.</span> <span class='ocrx_word' id='word_1_198' title='bbox 632 3191 719 3273; x_wconf 80' lang='lat' dir='ltr'>Syle,·</span> <span class='ocrx_word' id='word_1_199' title='bbox 746 3205 778 3252; x_wconf 76' lang='grc' dir='ltr'>Ω.</span> <span class='ocrx_word' id='word_1_200' title='bbox 796 3191 906 3273; x_wconf 77' lang='lat' dir='ltr'>Sylae;</span> <span class='ocrx_word' id='word_1_201' title='bbox 940 3211 973 3270; x_wconf 87' lang='lat'>9.</span> <span class='ocrx_word' id='word_1_202' title='bbox 991 3183 1159 3282; x_wconf 82' lang='lat' dir='ltr'>saeverum</span> <span class='ocrx_word' id='word_1_203' title='bbox 1172 3183 1292 3280; x_wconf 79' lang='lat' dir='ltr'>sciliae</span> <span class='ocrx_word' id='word_1_204' title='bbox 1313 3195 1361 3255; x_wconf 83' lang='lat' dir='ltr'>cit.</span> 
     </span>
     <span class='ocr_line' id='line_1_25' title="bbox 325 3281 1363 3380; baseline 0.002 -28"><span class='ocrx_word' id='word_1_205' title='bbox 325 3290 366 3352; x_wconf 83' lang='lat' dir='ltr'>fic</span> <span class='ocrx_word' id='word_1_206' title='bbox 387 3305 441 3366; x_wconf 76' lang='lat'>13.</span> <span class='ocrx_word' id='word_1_207' title='bbox 457 3281 572 3380; x_wconf 82' lang='lat' dir='ltr'>sciliae</span> <span class='ocrx_word' id='word_1_208' title='bbox 595 3291 706 3353; x_wconf 80' lang='lat' dir='ltr'>omiiio</span> <span class='ocrx_word' id='word_1_209' title='bbox 728 3293 825 3352; x_wconf 82' lang='lat' dir='ltr'>etiam</span> <span class='ocrx_word' id='word_1_210' title='bbox 847 3305 888 3354; x_wconf 80' lang='lat' dir='ltr'>et.</span> <span class='ocrx_word' id='word_1_211' title='bbox 943 3290 993 3354; x_wconf 78' lang='lat' dir='ltr'>Cf.</span> <span class='ocrx_word' id='word_1_212' title='bbox 1016 3293 1122 3374; x_wconf 81' lang='lat' dir='ltr'>paullo</span> <span class='ocrx_word' id='word_1_213' title='bbox 1143 3291 1220 3372; x_wconf 86' lang='lat' dir='ltr'>post.</span> <span class='ocrx_word' id='word_1_214' title='bbox 1276 3295 1363 3354; x_wconf 89' lang='lat' dir='ltr'>Tum</span> 
     </span>
     <span class='ocr_line' id='line_1_26' title="bbox 325 3389 1362 3480; baseline 0.009 -31"><span class='ocrx_word' id='word_1_215' title='bbox 325 3389 410 3471; x_wconf 83' lang='lat' dir='ltr'>Lips.</span> <span class='ocrx_word' id='word_1_216' title='bbox 432 3390 596 3472; x_wconf 47' lang='lat' dir='ltr'>carybdim·</span> <span class='ocrx_word' id='word_1_217' title='bbox 628 3393 812 3455; x_wconf 89' lang='lat' dir='ltr'>Vindobon.</span> <span class='ocrx_word' id='word_1_218' title='bbox 834 3390 991 3464; x_wconf 56' lang='lat' dir='ltr'>caribdin</span> <span class='ocrx_word' id='word_1_219' title='bbox 1026 3393 1132 3456; x_wconf 86' lang='lat' dir='ltr'>Cibin.</span> <span class='ocrx_word' id='word_1_220' title='bbox 1159 3393 1245 3456; x_wconf 87' lang='lat' dir='ltr'>Gud.</span> <span class='ocrx_word' id='word_1_221' title='bbox 1269 3395 1362 3480; x_wconf 82' lang='lat' dir='ltr'>Prag.</span> 
     </span>
     <span class='ocr_line' id='line_1_27' title="bbox 325 3489 1362 3576; baseline 0.007 -25"><span class='ocrx_word' id='word_1_222' title='bbox 325 3489 543 3574; x_wconf 74' lang='lat' dir='ltr'>caribdirqne:</span> <span class='ocrx_word' id='word_1_223' title='bbox 568 3493 739 3576; x_wconf 79' lang='lat' dir='ltr'>Rehdiger.</span> <span class='ocrx_word' id='word_1_224' title='bbox 762 3508 793 3554; x_wconf 83' lang='lat' dir='ltr'>et</span> <span class='ocrx_word' id='word_1_225' title='bbox 811 3491 1035 3576; x_wconf 73' lang='lat' dir='ltr'>Carybdtsque.</span> <span class='ocrx_word' id='word_1_226' title='bbox 1087 3495 1148 3556; x_wconf 86' lang='lat' dir='ltr'>Sed</span> <span class='ocrx_word' id='word_1_227' title='bbox 1169 3494 1248 3554; x_wconf 77' lang='lat' dir='ltr'>haec</span> <span class='ocrx_word' id='word_1_228' title='bbox 1265 3495 1362 3559; x_wconf 84' lang='lat' dir='ltr'>levia.</span> 
     </span>
     <span class='ocr_line' id='line_1_28' title="bbox 325 3587 1364 3684; baseline 0.006 -29"><span class='ocrx_word' id='word_1_229' title='bbox 325 3595 377 3655; x_wconf 80' lang='lat' dir='ltr'>sic</span> <span class='ocrx_word' id='word_1_230' title='bbox 392 3593 458 3675; x_wconf 80' lang='lat' dir='ltr'>post</span> <span class='ocrx_word' id='word_1_231' title='bbox 475 3593 557 3675; x_wconf 86' lang='lat' dir='ltr'>Lips.</span> <span class='ocrx_word' id='word_1_232' title='bbox 579 3591 824 3684; x_wconf 84' lang='lat' dir='ltr'>Vindob.fllia,·</span> <span class='ocrx_word' id='word_1_233' title='bbox 850 3595 934 3656; x_wconf 79' lang='lat' dir='ltr'>Gud.</span> <span class='ocrx_word' id='word_1_234' title='bbox 952 3587 1067 3684; x_wconf 46' lang='lat' dir='ltr'>juill&amp;</span> <span class='ocrx_word' id='word_1_235' title='bbox 1093 3595 1203 3656; x_wconf 88' lang='lat' dir='ltr'>Cibin.</span> <span class='ocrx_word' id='word_1_236' title='bbox 1219 3597 1364 3662; x_wconf 83' lang='lat' dir='ltr'>Vindob.</span> 
     </span>
     <span class='ocr_line' id='line_1_29' title="bbox 327 3690 1362 3780; baseline 0.006 -25"><span class='ocrx_word' id='word_1_237' title='bbox 327 3693 411 3758; x_wconf 86' lang='lat' dir='ltr'>Gud.</span> <span class='ocrx_word' id='word_1_238' title='bbox 431 3695 520 3778; x_wconf 81' lang='lat' dir='ltr'>l’rag.</span> <span class='ocrx_word' id='word_1_239' title='bbox 539 3694 688 3758; x_wconf 78' lang='lat' dir='ltr'>caribdis.</span> <span class='ocrx_word' id='word_1_240' title='bbox 712 3729 760 3742; x_wconf 90' lang='lat'><em>-</em></span> <span class='ocrx_word' id='word_1_241' title='bbox 797 3697 849 3758; x_wconf 90' lang='lat' dir='ltr'>Sic</span> <span class='ocrx_word' id='word_1_242' title='bbox 870 3690 987 3780; x_wconf 63' lang='grc' dir='ltr'>Σκύλῃ</span> <span class='ocrx_word' id='word_1_243' title='bbox 1004 3697 1036 3756; x_wconf 91' lang='lat' dir='ltr'>in</span> <span class='ocrx_word' id='word_1_244' title='bbox 1054 3695 1202 3776; x_wconf 86' lang='lat' dir='ltr'>Xenoph.</span> <span class='ocrx_word' id='word_1_245' title='bbox 1219 3695 1362 3762; x_wconf 84' lang='lat' dir='ltr'>Memor.</span> 
     </span>
     <span class='ocr_line' id='line_1_30' title="bbox 327 3795 1362 3878; baseline 0.004 -20"><span class='ocrx_word' id='word_1_246' title='bbox 327 3809 360 3862; x_wconf 75' lang='grc' dir='ltr'>Ω.</span> <span class='ocrx_word' id='word_1_247' title='bbox 379 3797 411 3865; x_wconf 81' lang='grc'>6.</span> <span class='ocrx_word' id='word_1_248' title='bbox 430 3811 487 3874; x_wconf 83' lang='grc' dir='ltr'>5ι.</span> <span class='ocrx_word' id='word_1_249' title='bbox 511 3797 585 3856; x_wconf 90' lang='lat' dir='ltr'>libri</span> <span class='ocrx_word' id='word_1_250' title='bbox 607 3799 755 3878; x_wconf 81' lang='lat' dir='ltr'>quidam;</span> <span class='ocrx_word' id='word_1_251' title='bbox 790 3795 840 3856; x_wconf 87' lang='lat' dir='ltr'>sed</span> <span class='ocrx_word' id='word_1_252' title='bbox 861 3812 894 3858; x_wconf 86' lang='lat' dir='ltr'>et</span> <span class='ocrx_word' id='word_1_253' title='bbox 915 3797 991 3857; x_wconf 79' lang='lat' dir='ltr'>alibi</span> <span class='ocrx_word' id='word_1_254' title='bbox 1010 3797 1045 3856; x_wconf 91' lang='lat' dir='ltr'>in</span> <span class='ocrx_word' id='word_1_255' title='bbox 1067 3811 1202 3877; x_wconf 83' lang='lat' dir='ltr'>utroque</span> <span class='ocrx_word' id='word_1_256' title='bbox 1223 3801 1362 3862; x_wconf 87' lang='lat' dir='ltr'>nomine</span> 
     </span>
     <span class='ocr_line' id='line_1_31' title="bbox 326 3891 1361 3982; baseline 0.004 -26"><span class='ocrx_word' id='word_1_257' title='bbox 326 3899 396 3956; x_wconf 82' lang='lat' dir='ltr'>tatia</span> <span class='ocrx_word' id='word_1_258' title='bbox 413 3893 520 3978; x_wconf 73' lang='lat' dir='ltr'>passim</span> <span class='ocrx_word' id='word_1_259' title='bbox 538 3895 754 3958; x_wconf 76' lang='lat' dir='ltr'>obversantur.</span> <span class='ocrx_word' id='word_1_260' title='bbox 789 3891 852 3960; x_wconf 82' lang='lat' dir='ltr'>Pro</span> <span class='ocrx_word' id='word_1_261' title='bbox 871 3899 999 3982; x_wconf 82' lang='lat' dir='ltr'>vulgato</span> <span class='ocrx_word' id='word_1_262' title='bbox 1017 3899 1168 3980; x_wconf 78' lang='lat' dir='ltr'>inclytum</span> <span class='ocrx_word' id='word_1_263' title='bbox 1184 3899 1361 3982; x_wconf 77' lang='lat' dir='ltr'>liehdiger.</span> 
     </span>
     <span class='ocr_line' id='line_1_32' title="bbox 325 3997 1359 4077; baseline 0.005 -17"><span class='ocrx_word' id='word_1_264' title='bbox 325 3997 431 4060; x_wconf 85' lang='lat' dir='ltr'>Cibin.</span> <span class='ocrx_word' id='word_1_265' title='bbox 460 4000 531 4060; x_wconf 86' lang='lat' dir='ltr'>edd.</span> <span class='ocrx_word' id='word_1_266' title='bbox 557 4015 590 4072; x_wconf 89' lang='lat'>7.</span> <span class='ocrx_word' id='word_1_267' title='bbox 614 4017 647 4075; x_wconf 68' lang='grc' dir='ltr'>ὅ.</span> <span class='ocrx_word' id='word_1_268' title='bbox 672 3999 825 4060; x_wconf 75' lang='lat' dir='ltr'>inclitum.</span> <span class='ocrx_word' id='word_1_269' title='bbox 880 3997 1043 4070; x_wconf 59' lang='lat' dir='ltr'>eradi,</span> <span class='ocrx_word' id='word_1_270' title='bbox 1071 4011 1154 4077; x_wconf 82' lang='lat' dir='ltr'>t‚5.</span> <span class='ocrx_word' id='word_1_271' title='bbox 1208 3999 1359 4065; x_wconf 79' lang='lat' dir='ltr'>ciaccon.</span> 
     </span>
     <span class='ocr_line' id='line_1_33' title="bbox 323 4099 1357 4182; baseline 0.005 -24"><span class='ocrx_word' id='word_1_272' title='bbox 323 4111 432 4158; x_wconf 81' lang='lat' dir='ltr'>notat:</span> <span class='ocrx_word' id='word_1_273' title='bbox 466 4099 611 4168; x_wconf 81' lang='lat' dir='ltr'>inditum,</span> <span class='ocrx_word' id='word_1_274' title='bbox 634 4101 719 4180; x_wconf 90' lang='lat' dir='ltr'>quod</span> <span class='ocrx_word' id='word_1_275' title='bbox 742 4101 827 4159; x_wconf 88' lang='lat' dir='ltr'>idem</span> <span class='ocrx_word' id='word_1_276' title='bbox 845 4101 926 4162; x_wconf 89' lang='lat' dir='ltr'>vult.</span> <span class='ocrx_word' id='word_1_277' title='bbox 979 4099 1105 4182; x_wconf 88' lang='lat' dir='ltr'>Nempe</span> <span class='ocrx_word' id='word_1_278' title='bbox 1126 4101 1155 4161; x_wconf 87' lang='lat' dir='ltr'>cl</span> <span class='ocrx_word' id='word_1_279' title='bbox 1173 4099 1249 4161; x_wconf 83' lang='lat' dir='ltr'>etd</span> <span class='ocrx_word' id='word_1_280' title='bbox 1267 4099 1357 4163; x_wconf 81' lang='lat' dir='ltr'>facile</span> 
     </span>
     <span class='ocr_line' id='line_1_34' title="bbox 322 4196 1356 4284; baseline 0.009 -26"><span class='ocrx_word' id='word_1_281' title='bbox 322 4200 407 4261; x_wconf 86' lang='lat' dir='ltr'>iuter</span> <span class='ocrx_word' id='word_1_282' title='bbox 438 4196 468 4262; x_wconf 84' lang='lat' dir='ltr'>se</span> <span class='ocrx_word' id='word_1_283' title='bbox 493 4215 728 4284; x_wconf 84' lang='lat' dir='ltr'>permutantur,</span> <span class='ocrx_word' id='word_1_284' title='bbox 768 4203 809 4263; x_wconf 83' lang='lat' dir='ltr'>de</span> <span class='ocrx_word' id='word_1_285' title='bbox 835 4220 899 4283; x_wconf 86' lang='lat' dir='ltr'>quo</span> <span class='ocrx_word' id='word_1_286' title='bbox 924 4201 1048 4264; x_wconf 85' lang='lat' dir='ltr'>dictum</span> <span class='ocrx_word' id='word_1_287' title='bbox 1071 4202 1115 4264; x_wconf 82' lang='lat' dir='ltr'>est</span> <span class='ocrx_word' id='word_1_288' title='bbox 1142 4202 1181 4263; x_wconf 81' lang='lat' dir='ltr'>ad</span> <span class='ocrx_word' id='word_1_289' title='bbox 1209 4217 1297 4279; x_wconf 87' lang='lat'>1‚7,</span> <span class='ocrx_word' id='word_1_290' title='bbox 1322 4219 1356 4267; x_wconf 70' lang='grc' dir='ltr'>Ω.</span> 
     </span>
    </p>
   </div>
   <div class='ocr_carea' id='block_1_7' title="bbox 0 0 1412 4946">
    <p class='ocr_par' dir='ltr' id='par_1_7' title="bbox 0 0 1412 4946">
     <span class='ocr_line' id='line_1_35' title="bbox 0 0 1412 4946; baseline 0 2"><span class='ocrx_word' id='word_1_291' title='bbox 0 0 1412 4946; x_wconf 95' lang='lat' dir='ltr'> </span> 
     </span>
    </p>
   </div>
  </div>
 </body>
</html>
