<?xml version="1.0" encoding="UTF-8"?>
<!DOCTYPE html PUBLIC "-//W3C//DTD XHTML 1.0 Transitional//EN"
    "http://www.w3.org/TR/xhtml1/DTD/xhtml1-transitional.dtd">
<html xmlns="http://www.w3.org/1999/xhtml" xml:lang="en" lang="en">
 <head>
  <title>
</title>
<meta http-equiv="Content-Type" content="text/html;charset=utf-8" />
  <meta name='ocr-system' content='tesseract 3.04.00' />
  <meta name='ocr-capabilities' content='ocr_page ocr_carea ocr_par ocr_line ocrx_word'/>
</head>
<body>
  <div class='ocr_page' id='page_1' title='image "./pomponiimelaede05melagoog_0828.png"; bbox 0 0 2836 4940; ppageno 0'>
   <div class='ocr_carea' id='block_1_1' title="bbox 272 303 1013 366">
    <p class='ocr_par' dir='ltr' id='par_1_1' title="bbox 272 303 1013 366">
     <span class='ocr_line' id='line_1_1' title="bbox 272 303 1013 366; baseline 0 -2"><span class='ocrx_word' id='word_1_1' title='bbox 272 319 332 364; x_wconf 80' lang='lat' dir='ltr'>eoo</span> <span class='ocrx_word' id='word_1_2' title='bbox 577 303 818 366; x_wconf 76' lang='lat' dir='ltr'>POMPONH</span> <span class='ocrx_word' id='word_1_3' title='bbox 852 305 1013 366; x_wconf 72' lang='lat' dir='ltr'>mette</span> 
     </span>
    </p>
   </div>
   <div class='ocr_carea' id='block_1_2' title="bbox 242 475 1406 4114">
    <p class='ocr_par' dir='ltr' id='par_1_2' title="bbox 273 475 1406 2590">
     <span class='ocr_line' id='line_1_2' title="bbox 273 475 1324 572; baseline -0.01 -25"><span class='ocrx_word' id='word_1_4' title='bbox 273 475 441 572; x_wconf 74' lang='lat' dir='ltr'>ripollot</span> <span class='ocrx_word' id='word_1_5' title='bbox 461 477 651 542; x_wconf 79' lang='lat' dir='ltr'>habebimus</span> <span class='ocrx_word' id='word_1_6' title='bbox 672 481 780 542; x_wconf 80' lang='lat' dir='ltr'>laneos</span> <span class='ocrx_word' id='word_1_7' title='bbox 803 479 857 542; x_wconf 87' lang='lat' dir='ltr'>vel</span> <span class='ocrx_word' id='word_1_8' title='bbox 883 481 1009 542; x_wconf 76' lang='lat' dir='ltr'>citratos</span> <span class='ocrx_word' id='word_1_9' title='bbox 1030 475 1211 561; x_wconf 68' lang='lat' dir='ltr'>serpentes?</span> <span class='ocrx_word' id='word_1_10' title='bbox 1250 475 1324 538; x_wconf 83' lang='lat' dir='ltr'>Im·</span> 
     </span>
     <span class='ocr_line' id='line_1_3' title="bbox 276 577 1327 664; baseline -0.01 -16"><span class='ocrx_word' id='word_1_11' title='bbox 276 605 332 648; x_wconf 86' lang='lat' dir='ltr'>mo</span> <span class='ocrx_word' id='word_1_12' title='bbox 356 583 464 644; x_wconf 79' lang='lat' dir='ltr'>uthis</span> <span class='ocrx_word' id='word_1_13' title='bbox 485 595 636 644; x_wconf 87' lang='lat' dir='ltr'>notentur</span> <span class='ocrx_word' id='word_1_14' title='bbox 658 579 812 652; x_wconf 80' lang='lat' dir='ltr'>feminae,</span> <span class='ocrx_word' id='word_1_15' title='bbox 841 601 973 664; x_wconf 86' lang='lat' dir='ltr'>quarum</span> <span class='ocrx_word' id='word_1_16' title='bbox 996 583 1096 663; x_wconf 79' lang='lat' dir='ltr'>capite</span> <span class='ocrx_word' id='word_1_17' title='bbox 1117 577 1327 662; x_wconf 77' lang='lat' dir='ltr'>serpentibue</span> 
     </span>
     <span class='ocr_line' id='line_1_4' title="bbox 277 683 1325 764; baseline -0.011 -14"><span class='ocrx_word' id='word_1_18' title='bbox 277 686 442 756; x_wconf 61' lang='lat' dir='ltr'>relectum</span> <span class='ocrx_word' id='word_1_19' title='bbox 476 684 519 744; x_wconf 80' lang='lat' dir='ltr'>ite</span> <span class='ocrx_word' id='word_1_20' title='bbox 538 703 594 764; x_wconf 89' lang='lat' dir='ltr'>per</span> <span class='ocrx_word' id='word_1_21' title='bbox 612 683 690 744; x_wconf 87' lang='lat' dir='ltr'>illud</span> <span class='ocrx_word' id='word_1_22' title='bbox 711 683 903 746; x_wconf 82' lang='lat' dir='ltr'>vocabulum</span> <span class='ocrx_word' id='word_1_23' title='bbox 918 685 966 746; x_wconf 87' lang='lat' dir='ltr'>illi</span> <span class='ocrx_word' id='word_1_24' title='bbox 985 683 1153 752; x_wconf 72' lang='lat' dir='ltr'>hominen,</span> <span class='ocrx_word' id='word_1_25' title='bbox 1177 697 1325 761; x_wconf 75' lang='lat' dir='ltr'>quonum</span> 
     </span>
     <span class='ocr_line' id='line_1_5' title="bbox 279 781 1325 870; baseline -0.012 -19"><span class='ocrx_word' id='word_1_26' title='bbox 279 807 412 870; x_wconf 85' lang='lat' dir='ltr'>corpora</span> <span class='ocrx_word' id='word_1_27' title='bbox 425 784 553 846; x_wconf 74' lang='lat' dir='ltr'>auritus</span> <span class='ocrx_word' id='word_1_28' title='bbox 573 783 699 868; x_wconf 83' lang='lat' dir='ltr'>poliunt</span> <span class='ocrx_word' id='word_1_29' title='bbox 717 786 824 856; x_wconf 85' lang='lat' dir='ltr'>veleri,</span> <span class='ocrx_word' id='word_1_30' title='bbox 850 787 944 870; x_wconf 81' lang='lat' dir='ltr'><strong>cingi,</strong></span> <span class='ocrx_word' id='word_1_31' title='bbox 970 785 1105 856; x_wconf 83' lang='lat' dir='ltr'>circuiri,</span> <span class='ocrx_word' id='word_1_32' title='bbox 1131 781 1273 866; x_wconf 80' lang='lat' dir='ltr'>perinde</span> <span class='ocrx_word' id='word_1_33' title='bbox 1289 792 1325 838; x_wconf 85' lang='lat' dir='ltr'>ut</span> 
     </span>
     <span class='ocr_line' id='line_1_6' title="bbox 281 878 1324 976; baseline -0.012 -22"><span class='ocrx_word' id='word_1_34' title='bbox 281 881 360 962; x_wconf 72' lang='lat' dir='ltr'>&#39;tout</span> <span class='ocrx_word' id='word_1_35' title='bbox 382 879 533 972; x_wconf 63' lang='grc' dir='ltr'>Σαλικὴν</span> <span class='ocrx_word' id='word_1_36' title='bbox 555 883 792 960; x_wconf 75' lang='grc' dir='ltr'>κατοικοῦντας</span> <span class='ocrx_word' id='word_1_37' title='bbox 814 879 932 974; x_wconf 72' lang='grc' dir='ltr'><em>ἄνδρας</em></span> <span class='ocrx_word' id='word_1_38' title='bbox 959 881 1101 976; x_wconf 78' lang='grc' dir='ltr'>μαλλοῖς</span> <span class='ocrx_word' id='word_1_39' title='bbox 1122 878 1324 968; x_wconf 75' lang='grc' dir='ltr'>γυναικείοις</span> 
     </span>
     <span class='ocr_line' id='line_1_7' title="bbox 282 979 1406 1074; baseline -0.009 -20"><span class='ocrx_word' id='word_1_40' title='bbox 282 985 473 1054; x_wconf 68' lang='grc' dir='ltr'>ἀναδεῖσθαι</span> <span class='ocrx_word' id='word_1_41' title='bbox 500 979 561 1062; x_wconf 76' lang='grc' dir='ltr'>τὰς</span> <span class='ocrx_word' id='word_1_42' title='bbox 584 983 736 1070; x_wconf 75' lang='grc' dir='ltr'>κεφαλὰς</span> <span class='ocrx_word' id='word_1_43' title='bbox 755 989 899 1074; x_wconf 78' lang='lat' dir='ltr'>legimur.</span> <span class='ocrx_word' id='word_1_44' title='bbox 943 987 1212 1067; x_wconf 67' lang='lat' dir='ltr'>[inprotemaeo</span> <span class='ocrx_word' id='word_1_45' title='bbox 1231 1001 1267 1067; x_wconf 82' lang='lat'>7,</span> <span class='ocrx_word' id='word_1_46' title='bbox 1289 991 1324 1064; x_wconf 77' lang='lat'>4·</span> <span class='ocrx_word' id='word_1_47' title='bbox 1405 1037 1406 1044; x_wconf 72' lang='grc'>,</span> 
     </span>
     <span class='ocr_line' id='line_1_8' title="bbox 283 1086 1326 1180; baseline -0.008 -26"><span class='ocrx_word' id='word_1_48' title='bbox 283 1093 353 1174; x_wconf 77' lang='lat' dir='ltr'>im]</span> <span class='ocrx_word' id='word_1_49' title='bbox 397 1109 420 1150; x_wconf 86' lang='lat' dir='ltr'>r.</span> <span class='ocrx_word' id='word_1_50' title='bbox 450 1107 646 1152; x_wconf 80' lang='lat' dir='ltr'>ouottovrve</span> <span class='ocrx_word' id='word_1_51' title='bbox 682 1091 714 1151; x_wconf 86' lang='lat' dir='ltr'>in</span> <span class='ocrx_word' id='word_1_52' title='bbox 743 1101 822 1152; x_wconf 84' lang='lat' dir='ltr'>nota</span> <span class='ocrx_word' id='word_1_53' title='bbox 848 1087 1028 1180; x_wconf 83' lang='lat' dir='ltr'>posteriore.</span> <span class='ocrx_word' id='word_1_54' title='bbox 1089 1089 1225 1150; x_wconf 79' lang='lat' dir='ltr'><strong>Praeter</strong></span> <span class='ocrx_word' id='word_1_55' title='bbox 1257 1086 1326 1146; x_wconf 75' lang='lat' dir='ltr'>illue</span> 
     </span>
     <span class='ocr_line' id='line_1_9' title="bbox 286 1186 1326 1274; baseline -0.01 -18"><span class='ocrx_word' id='word_1_56' title='bbox 286 1193 456 1256; x_wconf 81' lang='lat' dir='ltr'>doctorum</span> <span class='ocrx_word' id='word_1_57' title='bbox 478 1192 691 1273; x_wconf 80' lang='lat' dir='ltr'>interpretum</span> <span class='ocrx_word' id='word_1_58' title='bbox 724 1191 981 1262; x_wconf 71' lang='lat' dir='ltr'>emendationes,</span> <span class='ocrx_word' id='word_1_59' title='bbox 1012 1211 1147 1274; x_wconf 85' lang='lat' dir='ltr'>querum</span> <span class='ocrx_word' id='word_1_60' title='bbox 1169 1189 1252 1250; x_wconf 75' lang='lat' dir='ltr'>elice</span> <span class='ocrx_word' id='word_1_61' title='bbox 1272 1186 1326 1247; x_wconf 86' lang='lat' dir='ltr'>rel</span> 
     </span>
     <span class='ocr_line' id='line_1_10' title="bbox 286 1293 1326 1364; baseline -0.01 -6"><span class='ocrx_word' id='word_1_62' title='bbox 286 1296 386 1358; x_wconf 85' lang='lat' dir='ltr'>nimie</span> <span class='ocrx_word' id='word_1_63' title='bbox 403 1293 556 1354; x_wconf 85' lang='lat' dir='ltr'>recedunt</span> <span class='ocrx_word' id='word_1_64' title='bbox 575 1313 593 1353; x_wconf 84' lang='lat' dir='ltr'>e</span> <span class='ocrx_word' id='word_1_65' title='bbox 610 1293 757 1354; x_wconf 74' lang='lat' dir='ltr'>coelicum</span> <span class='ocrx_word' id='word_1_66' title='bbox 779 1293 920 1364; x_wconf 76' lang='lat' dir='ltr'>indiciis,</span> <span class='ocrx_word' id='word_1_67' title='bbox 947 1293 1001 1354; x_wconf 83' lang='lat' dir='ltr'>vel</span> <span class='ocrx_word' id='word_1_68' title='bbox 1022 1295 1118 1353; x_wconf 86' lang='lat' dir='ltr'>etiem</span> <span class='ocrx_word' id='word_1_69' title='bbox 1137 1293 1222 1352; x_wconf 82' lang='lat' dir='ltr'>mira</span> <span class='ocrx_word' id='word_1_70' title='bbox 1239 1308 1326 1350; x_wconf 88' lang='lat' dir='ltr'>com·</span> 
     </span>
     <span class='ocr_line' id='line_1_11' title="bbox 286 1391 1325 1480; baseline -0.006 -22"><span class='ocrx_word' id='word_1_71' title='bbox 286 1408 441 1480; x_wconf 61' lang='lat' dir='ltr'>ponunt,v</span> <span class='ocrx_word' id='word_1_72' title='bbox 466 1393 584 1454; x_wconf 80' lang='lat' dir='ltr'>exstent</span> <span class='ocrx_word' id='word_1_73' title='bbox 612 1397 709 1455; x_wconf 86' lang='lat' dir='ltr'>etiem</span> <span class='ocrx_word' id='word_1_74' title='bbox 733 1395 810 1456; x_wconf 84' lang='lat' dir='ltr'>eliae</span> <span class='ocrx_word' id='word_1_75' title='bbox 833 1414 849 1454; x_wconf 86' lang='lat' dir='ltr'>e</span> <span class='ocrx_word' id='word_1_76' title='bbox 871 1395 949 1455; x_wconf 79' lang='lat' dir='ltr'>viris</span> <span class='ocrx_word' id='word_1_77' title='bbox 972 1394 1074 1456; x_wconf 76' lang='lat' dir='ltr'>doctis</span> <span class='ocrx_word' id='word_1_78' title='bbox 1101 1392 1179 1453; x_wconf 82' lang='lat' dir='ltr'>alibi</span> <span class='ocrx_word' id='word_1_79' title='bbox 1208 1391 1325 1453; x_wconf 77' lang='lat' dir='ltr'>editae.</span> 
     </span>
     <span class='ocr_line' id='line_1_12' title="bbox 287 1493 1330 1576; baseline -0.008 -16"><span class='ocrx_word' id='word_1_80' title='bbox 287 1499 340 1560; x_wconf 87' lang='lat' dir='ltr'>De</span> <span class='ocrx_word' id='word_1_81' title='bbox 358 1493 510 1556; x_wconf 87' lang='lat' dir='ltr'>Turnebo</span> <span class='ocrx_word' id='word_1_82' title='bbox 528 1495 691 1556; x_wconf 81' lang='lat' dir='ltr'>Schottue.</span> <span class='ocrx_word' id='word_1_83' title='bbox 744 1496 801 1556; x_wconf 93' lang='lat' dir='ltr'>llle</span> <span class='ocrx_word' id='word_1_84' title='bbox 821 1496 909 1556; x_wconf 91' lang='lat' dir='ltr'>enim</span> <span class='ocrx_word' id='word_1_85' title='bbox 923 1496 1079 1556; x_wconf 79' lang='lat' dir='ltr'><em>Panotios</em></span> <span class='ocrx_word' id='word_1_86' title='bbox 1100 1497 1218 1576; x_wconf 90' lang='lat' dir='ltr'>reponi</span> <span class='ocrx_word' id='word_1_87' title='bbox 1241 1493 1330 1553; x_wconf 85' lang='lat' dir='ltr'>vole·</span> 
     </span>
     <span class='ocr_line' id='line_1_13' title="bbox 287 1594 1329 1678; baseline -0.007 -18"><span class='ocrx_word' id='word_1_88' title='bbox 287 1597 360 1664; x_wconf 84' lang='lat' dir='ltr'>bat.</span> <span class='ocrx_word' id='word_1_89' title='bbox 395 1616 433 1658; x_wconf 84' lang='lat' dir='ltr'>ex</span> <span class='ocrx_word' id='word_1_90' title='bbox 461 1595 577 1676; x_wconf 77' lang='lat' dir='ltr'><strong>quibua</strong></span> <span class='ocrx_word' id='word_1_91' title='bbox 597 1595 709 1658; x_wconf 81' lang='lat' dir='ltr'>inlecta</span> <span class='ocrx_word' id='word_1_92' title='bbox 728 1594 935 1678; x_wconf 77' lang='lat' dir='ltr'>adspiratione</span> <span class='ocrx_word' id='word_1_93' title='bbox 958 1597 1135 1678; x_wconf 81' lang='lat' dir='ltr'>prodierint</span> <span class='ocrx_word' id='word_1_94' title='bbox 1157 1594 1329 1664; x_wconf 69' lang='lat' dir='ltr'>Phanaeo,</span> 
     </span>
     <span class='ocr_line' id='line_1_14' title="bbox 290 1693 1331 1786; baseline -0.006 -26"><span class='ocrx_word' id='word_1_95' title='bbox 290 1698 360 1782; x_wconf 86' lang='lat' dir='ltr'>poll</span> <span class='ocrx_word' id='word_1_96' title='bbox 381 1699 474 1758; x_wconf 82' lang='lat' dir='ltr'>erllita</span> <span class='ocrx_word' id='word_1_97' title='bbox 495 1699 712 1778; x_wconf 86' lang='lat' dir='ltr'>corruptione.</span> <span class='ocrx_word' id='word_1_98' title='bbox 737 1699 771 1757; x_wconf 91' lang='lat' dir='ltr'>in</span> <span class='ocrx_word' id='word_1_99' title='bbox 793 1699 900 1760; x_wconf 86' lang='lat' dir='ltr'>Plinio</span> <span class='ocrx_word' id='word_1_100' title='bbox 921 1712 1022 1768; x_wconf 87' lang='lat' dir='ltr'>certe,</span> <span class='ocrx_word' id='word_1_101' title='bbox 1047 1693 1193 1786; x_wconf 78' lang='lat' dir='ltr'>Fonefii‚·</span> <span class='ocrx_word' id='word_1_102' title='bbox 1230 1714 1331 1776; x_wconf 79' lang='lat' dir='ltr'>quem</span> 
     </span>
     <span class='ocr_line' id='line_1_15' title="bbox 290 1797 1331 1879; baseline -0.005 -17"><span class='ocrx_word' id='word_1_103' title='bbox 290 1799 478 1862; x_wconf 75' lang='lat' dir='ltr'>senteutiam</span> <span class='ocrx_word' id='word_1_104' title='bbox 493 1799 657 1879; x_wconf 76' lang='lat' dir='ltr'>amplexus</span> <span class='ocrx_word' id='word_1_105' title='bbox 673 1800 766 1860; x_wconf 85' lang='lat' dir='ltr'>etiem</span> <span class='ocrx_word' id='word_1_106' title='bbox 783 1799 826 1860; x_wconf 83' lang='lat' dir='ltr'>eil</span> <span class='ocrx_word' id='word_1_107' title='bbox 836 1799 993 1862; x_wconf 83' lang='lat' dir='ltr'>Gesnerue</span> <span class='ocrx_word' id='word_1_108' title='bbox 1009 1801 1041 1858; x_wconf 92' lang='lat' dir='ltr'>in</span> <span class='ocrx_word' id='word_1_109' title='bbox 1059 1797 1226 1860; x_wconf 79' lang='lat' dir='ltr'>Thesauro</span> <span class='ocrx_word' id='word_1_110' title='bbox 1243 1797 1331 1858; x_wconf 85' lang='lat' dir='ltr'>L.L.</span> 
     </span>
     <span class='ocr_line' id='line_1_16' title="bbox 292 1897 1332 1964; baseline -0.005 -1"><span class='ocrx_word' id='word_1_111' title='bbox 292 1899 349 1964; x_wconf 85' lang='lat' dir='ltr'>tub</span> <span class='ocrx_word' id='word_1_112' title='bbox 370 1899 402 1961; x_wconf 87' lang='lat' dir='ltr'>h.</span> <span class='ocrx_word' id='word_1_113' title='bbox 418 1919 450 1962; x_wconf 90' lang='lat' dir='ltr'>v.</span> <span class='ocrx_word' id='word_1_114' title='bbox 487 1901 611 1960; x_wconf 85' lang='lat' dir='ltr'>Fennos</span> <span class='ocrx_word' id='word_1_115' title='bbox 636 1897 666 1960; x_wconf 87' lang='lat' dir='ltr'>ie</span> <span class='ocrx_word' id='word_1_116' title='bbox 691 1898 820 1962; x_wconf 80' lang='lat' dir='ltr'>eosdem</span> <span class='ocrx_word' id='word_1_117' title='bbox 846 1901 925 1962; x_wconf 91' lang='lat' dir='ltr'>olim</span> <span class='ocrx_word' id='word_1_118' title='bbox 959 1901 994 1962; x_wconf 95' lang='lat' dir='ltr'>in</span> <span class='ocrx_word' id='word_1_119' title='bbox 1024 1901 1129 1962; x_wconf 87' lang='lat' dir='ltr'>Tociti</span> <span class='ocrx_word' id='word_1_120' title='bbox 1156 1899 1332 1960; x_wconf 73' lang='lat' dir='ltr'>Germania</span> 
     </span>
     <span class='ocr_line' id='line_1_17' title="bbox 293 1997 1332 2091; baseline -0.004 -29"><span class='ocrx_word' id='word_1_121' title='bbox 293 2020 320 2063; x_wconf 92' lang='lat' dir='ltr'>c.</span> <span class='ocrx_word' id='word_1_122' title='bbox 340 2001 400 2079; x_wconf 74' lang='lat'>46.</span> <span class='ocrx_word' id='word_1_123' title='bbox 422 1999 596 2070; x_wconf 84' lang='lat' dir='ltr'>credidille,</span> <span class='ocrx_word' id='word_1_124' title='bbox 619 2019 706 2081; x_wconf 79' lang='lat' dir='ltr'>nunc</span> <span class='ocrx_word' id='word_1_125' title='bbox 719 1997 879 2091; x_wconf 72' lang='lat' dir='ltr'>Hellusios</span> <span class='ocrx_word' id='word_1_126' title='bbox 893 2003 976 2083; x_wconf 82' lang='lat' dir='ltr'>apud</span> <span class='ocrx_word' id='word_1_127' title='bbox 991 2002 1131 2064; x_wconf 86' lang='lat' dir='ltr'>eundem</span> <span class='ocrx_word' id='word_1_128' title='bbox 1149 2021 1179 2063; x_wconf 90' lang='lat' dir='ltr'>c.</span> <span class='ocrx_word' id='word_1_129' title='bbox 1195 2001 1218 2062; x_wconf 94' lang='lat' dir='ltr'>l.</span> <span class='ocrx_word' id='word_1_130' title='bbox 1247 1999 1332 2081; x_wconf 82' lang='lat' dir='ltr'>quali</span> 
     </span>
     <span class='ocr_line' id='line_1_18' title="bbox 293 2100 1332 2186; baseline -0.002 -22"><span class='ocrx_word' id='word_1_131' title='bbox 293 2101 466 2170; x_wconf 82' lang='lat' dir='ltr'>Hellotior.</span> <span class='ocrx_word' id='word_1_132' title='bbox 492 2121 549 2180; x_wconf 89' lang='lat' dir='ltr'>pro</span> <span class='ocrx_word' id='word_1_133' title='bbox 564 2100 678 2182; x_wconf 84' lang='lat' dir='ltr'>quibue</span> <span class='ocrx_word' id='word_1_134' title='bbox 698 2103 789 2162; x_wconf 83' lang='lat' dir='ltr'>molit</span> <span class='ocrx_word' id='word_1_135' title='bbox 804 2103 982 2172; x_wconf 73' lang='lat' dir='ltr'>Hottottos.</span> <span class='ocrx_word' id='word_1_136' title='bbox 1009 2116 1042 2162; x_wconf 89' lang='lat' dir='ltr'>et</span> <span class='ocrx_word' id='word_1_137' title='bbox 1061 2104 1101 2164; x_wconf 78' lang='lat' dir='ltr'>sic</span> <span class='ocrx_word' id='word_1_138' title='bbox 1120 2105 1214 2186; x_wconf 83' lang='lat' dir='ltr'>iungi</span> <span class='ocrx_word' id='word_1_139' title='bbox 1233 2101 1332 2163; x_wconf 80' lang='lat' dir='ltr'>Oxio-</span> 
     </span>
     <span class='ocr_line' id='line_1_19' title="bbox 292 2199 1331 2286; baseline -0.001 -23"><span class='ocrx_word' id='word_1_140' title='bbox 292 2201 354 2264; x_wconf 82' lang='lat' dir='ltr'>r&#39;tos</span> <span class='ocrx_word' id='word_1_141' title='bbox 375 2220 432 2283; x_wconf 91' lang='lat' dir='ltr'>pro</span> <span class='ocrx_word' id='word_1_142' title='bbox 457 2199 584 2262; x_wconf 82' lang='lat' dir='ltr'>Oobios.</span> <span class='ocrx_word' id='word_1_143' title='bbox 635 2202 789 2264; x_wconf 73' lang='lat' dir='ltr'>Panotios</span> <span class='ocrx_word' id='word_1_144' title='bbox 817 2205 901 2286; x_wconf 82' lang='lat' dir='ltr'>apud</span> <span class='ocrx_word' id='word_1_145' title='bbox 929 2203 1070 2266; x_wconf 83' lang='lat' dir='ltr'>nostrum</span> <span class='ocrx_word' id='word_1_146' title='bbox 1096 2204 1331 2286; x_wconf 71' lang='lat' dir='ltr'>probatorium</span> 
     </span>
     <span class='ocr_line' id='line_1_20' title="bbox 292 2301 1332 2391; baseline -0.002 -25"><span class='ocrx_word' id='word_1_147' title='bbox 292 2301 463 2367; x_wconf 84' lang='lat' dir='ltr'>Cluverius</span> <span class='ocrx_word' id='word_1_148' title='bbox 485 2304 518 2362; x_wconf 90' lang='lat' dir='ltr'>in</span> <span class='ocrx_word' id='word_1_149' title='bbox 535 2301 642 2366; x_wconf 87' lang='lat' dir='ltr'>Germ.</span> <span class='ocrx_word' id='word_1_150' title='bbox 666 2315 731 2366; x_wconf 84' lang='lat' dir='ltr'>ant.</span> <span class='ocrx_word' id='word_1_151' title='bbox 750 2317 782 2381; x_wconf 74' lang='lat'>3.</span> <span class='ocrx_word' id='word_1_152' title='bbox 803 2315 864 2387; x_wconf 75' lang='lat'>45.</span> <span class='ocrx_word' id='word_1_153' title='bbox 889 2326 921 2388; x_wconf 88' lang='lat' dir='ltr'>p.</span> <span class='ocrx_word' id='word_1_154' title='bbox 938 2308 1020 2391; x_wconf 79' lang='lat'>695.</span> <span class='ocrx_word' id='word_1_155' title='bbox 1048 2307 1094 2366; x_wconf 87' lang='lat' dir='ltr'>uti</span> <span class='ocrx_word' id='word_1_156' title='bbox 1111 2320 1144 2367; x_wconf 85' lang='lat' dir='ltr'>et</span> <span class='ocrx_word' id='word_1_157' title='bbox 1166 2309 1201 2366; x_wconf 89' lang='lat' dir='ltr'>in</span> <span class='ocrx_word' id='word_1_158' title='bbox 1217 2306 1332 2368; x_wconf 89' lang='lat' dir='ltr'>Solino</span> 
     </span>
     <span class='ocr_line' id='line_1_21' title="bbox 293 2403 1406 2491; baseline -0.004 -23"><span class='ocrx_word' id='word_1_159' title='bbox 293 2405 366 2468; x_wconf 83' lang='lat' dir='ltr'>vult</span> <span class='ocrx_word' id='word_1_160' title='bbox 382 2403 549 2466; x_wconf 83' lang='lat' dir='ltr'>Grallerue.</span> <span class='ocrx_word' id='word_1_161' title='bbox 585 2403 768 2490; x_wconf 87' lang='lat' dir='ltr'>Schoening</span> <span class='ocrx_word' id='word_1_162' title='bbox 789 2407 823 2468; x_wconf 87' lang='lat' dir='ltr'>iu</span> <span class='ocrx_word' id='word_1_163' title='bbox 840 2407 864 2468; x_wconf 87' lang='lat' dir='ltr'>F</span> <span class='ocrx_word' id='word_1_164' title='bbox 866 2405 1047 2490; x_wconf 81' lang='lat' dir='ltr'>ortletzuog</span> <span class='ocrx_word' id='word_1_165' title='bbox 1069 2408 1123 2468; x_wconf 92' lang='lat' dir='ltr'>der</span> <span class='ocrx_word' id='word_1_166' title='bbox 1140 2409 1215 2491; x_wconf 83' lang='lat' dir='ltr'>ellg.</span> <span class='ocrx_word' id='word_1_167' title='bbox 1232 2407 1332 2468; x_wconf 85' lang='lat' dir='ltr'>Welt·</span> <span class='ocrx_word' id='word_1_168' title='bbox 1405 2451 1406 2472; x_wconf 35' lang='lat' dir='ltr'>t</span> 
     </span>
     <span class='ocr_line' id='line_1_22' title="bbox 297 2507 1333 2590; baseline -0.004 -20"><span class='ocrx_word' id='word_1_169' title='bbox 297 2507 435 2570; x_wconf 88' lang='lat' dir='ltr'>Hillorie</span> <span class='ocrx_word' id='word_1_170' title='bbox 458 2507 513 2567; x_wconf 89' lang='lat' dir='ltr'>der</span> <span class='ocrx_word' id='word_1_171' title='bbox 532 2525 653 2568; x_wconf 89' lang='lat' dir='ltr'>neuern</span> <span class='ocrx_word' id='word_1_172' title='bbox 675 2507 785 2568; x_wconf 87' lang='lat' dir='ltr'>Zeiten</span> <span class='ocrx_word' id='word_1_173' title='bbox 809 2509 879 2570; x_wconf 92' lang='lat' dir='ltr'>Vol.</span> <span class='ocrx_word' id='word_1_174' title='bbox 902 2523 956 2588; x_wconf 76' lang='lat'>15.</span> <span class='ocrx_word' id='word_1_175' title='bbox 982 2529 1014 2590; x_wconf 91' lang='lat' dir='ltr'>p.</span> <span class='ocrx_word' id='word_1_176' title='bbox 1029 2518 1088 2586; x_wconf 76' lang='grc'>48.</span> <span class='ocrx_word' id='word_1_177' title='bbox 1112 2508 1333 2570; x_wconf 79' lang='lat' dir='ltr'>existimarer</span> 
     </span>
    </p>

    <p class='ocr_par' dir='ltr' id='par_1_3' title="bbox 242 2605 1406 4114">
     <span class='ocr_line' id='line_1_23' title="bbox 242 2605 1333 2678; baseline -0.005 -5"><span class='ocrx_word' id='word_1_178' title='bbox 242 2657 252 2678; x_wconf 88' lang='lat'><strong>.</strong></span> <span class='ocrx_word' id='word_1_179' title='bbox 297 2609 442 2672; x_wconf 82' lang='lat' dir='ltr'>Panotos</span> <span class='ocrx_word' id='word_1_180' title='bbox 462 2609 516 2668; x_wconf 87' lang='lat' dir='ltr'>vel</span> <span class='ocrx_word' id='word_1_181' title='bbox 541 2607 704 2668; x_wconf 85' lang='lat' dir='ltr'>Tanuotos</span> <span class='ocrx_word' id='word_1_182' title='bbox 727 2605 826 2671; x_wconf 77' lang='lat' dir='ltr'>factos</span> <span class='ocrx_word' id='word_1_183' title='bbox 847 2608 907 2670; x_wconf 80' lang='lat' dir='ltr'>elie</span> <span class='ocrx_word' id='word_1_184' title='bbox 928 2609 1084 2670; x_wconf 84' lang='lat' dir='ltr'>Fanotlos</span> <span class='ocrx_word' id='word_1_185' title='bbox 1105 2623 1138 2671; x_wconf 86' lang='lat' dir='ltr'>et</span> <span class='ocrx_word' id='word_1_186' title='bbox 1152 2610 1229 2670; x_wconf 87' lang='lat' dir='ltr'>hinc</span> <span class='ocrx_word' id='word_1_187' title='bbox 1252 2609 1333 2668; x_wconf 82' lang='lat' dir='ltr'>Son·</span> 
     </span>
     <span class='ocr_line' id='line_1_24' title="bbox 297 2709 1335 2794; baseline -0.003 -21"><span class='ocrx_word' id='word_1_188' title='bbox 297 2709 424 2779; x_wconf 77' lang='lat' dir='ltr'>nactos,</span> <span class='ocrx_word' id='word_1_189' title='bbox 456 2710 506 2768; x_wconf 93' lang='lat' dir='ltr'>uti</span> <span class='ocrx_word' id='word_1_190' title='bbox 527 2711 622 2770; x_wconf 81' lang='lat' dir='ltr'>etiam</span> <span class='ocrx_word' id='word_1_191' title='bbox 638 2711 671 2769; x_wconf 91' lang='lat' dir='ltr'>in</span> <span class='ocrx_word' id='word_1_192' title='bbox 692 2723 771 2772; x_wconf 85' lang='lat' dir='ltr'>vett.</span> <span class='ocrx_word' id='word_1_193' title='bbox 793 2709 981 2792; x_wconf 77' lang='lat' dir='ltr'>quibusdam</span> <span class='ocrx_word' id='word_1_194' title='bbox 1000 2711 1072 2772; x_wconf 74' lang='lat' dir='ltr'>ellel.</span> <span class='ocrx_word' id='word_1_195' title='bbox 1094 2712 1157 2794; x_wconf 85' lang='lat' dir='ltr'>legi</span> <span class='ocrx_word' id='word_1_196' title='bbox 1175 2711 1335 2780; x_wconf 81' lang='lat' dir='ltr'>adfirmet,</span> 
     </span>
     <span class='ocr_line' id='line_1_25' title="bbox 298 2811 1336 2892; baseline 0.004 -22"><span class='ocrx_word' id='word_1_197' title='bbox 298 2813 386 2892; x_wconf 89' lang='lat' dir='ltr'>quod</span> <span class='ocrx_word' id='word_1_198' title='bbox 403 2811 551 2892; x_wconf 86' lang='lat' dir='ltr'>equidem</span> <span class='ocrx_word' id='word_1_199' title='bbox 572 2829 639 2870; x_wconf 91' lang='lat' dir='ltr'>non</span> <span class='ocrx_word' id='word_1_200' title='bbox 661 2812 783 2873; x_wconf 85' lang='lat' dir='ltr'>inveni.</span> <span class='ocrx_word' id='word_1_201' title='bbox 835 2813 1023 2874; x_wconf 86' lang='lat' dir='ltr'>Dithmarue</span> <span class='ocrx_word' id='word_1_202' title='bbox 1042 2813 1081 2872; x_wconf 85' lang='lat' dir='ltr'>ed</span> <span class='ocrx_word' id='word_1_203' title='bbox 1103 2813 1254 2874; x_wconf 84' lang='lat' dir='ltr'>Tacitum</span> <span class='ocrx_word' id='word_1_204' title='bbox 1269 2833 1295 2874; x_wconf 88' lang='lat' dir='ltr'>c.</span> <span class='ocrx_word' id='word_1_205' title='bbox 1310 2813 1336 2875; x_wconf 89' lang='lat' dir='ltr'>l.</span> 
     </span>
     <span class='ocr_line' id='line_1_26' title="bbox 299 2910 1339 2994; baseline 0.003 -21"><span class='ocrx_word' id='word_1_206' title='bbox 299 2913 431 2974; x_wconf 85' lang='lat' dir='ltr'>videtur</span> <span class='ocrx_word' id='word_1_207' title='bbox 450 2910 555 2994; x_wconf 80' lang='lat' dir='ltr'>legilie</span> <span class='ocrx_word' id='word_1_208' title='bbox 574 2913 755 2983; x_wconf 81' lang='lat' dir='ltr'>Panaetius,</span> <span class='ocrx_word' id='word_1_209' title='bbox 782 2926 866 2974; x_wconf 87' lang='lat' dir='ltr'>certe</span> <span class='ocrx_word' id='word_1_210' title='bbox 888 2915 931 2974; x_wconf 82' lang='lat' dir='ltr'>ita</span> <span class='ocrx_word' id='word_1_211' title='bbox 953 2911 1058 2974; x_wconf 84' lang='lat' dir='ltr'>refert.</span> <span class='ocrx_word' id='word_1_212' title='bbox 1099 2913 1230 2976; x_wconf 88' lang='lat' dir='ltr'>Nomen</span> <span class='ocrx_word' id='word_1_213' title='bbox 1254 2913 1339 2976; x_wconf 90' lang='lat' dir='ltr'>Oto·</span> 
     </span>
     <span class='ocr_line' id='line_1_27' title="bbox 299 3013 1337 3096; baseline 0.004 -22"><span class='ocrx_word' id='word_1_214' title='bbox 299 3013 439 3094; x_wconf 79' lang='lat' dir='ltr'>megalor</span> <span class='ocrx_word' id='word_1_215' title='bbox 457 3013 660 3096; x_wconf 82' lang='lat' dir='ltr'>impugnavit</span> <span class='ocrx_word' id='word_1_216' title='bbox 674 3015 837 3075; x_wconf 75' lang='lat' dir='ltr'>Salmasius</span> <span class='ocrx_word' id='word_1_217' title='bbox 850 3015 1045 3077; x_wconf 80' lang='lat' dir='ltr'>adsoliuum</span> <span class='ocrx_word' id='word_1_218' title='bbox 1062 3035 1093 3096; x_wconf 90' lang='lat' dir='ltr'>p.</span> <span class='ocrx_word' id='word_1_219' title='bbox 1109 3036 1154 3078; x_wconf 88' lang='lat' dir='ltr'>m.</span> <span class='ocrx_word' id='word_1_220' title='bbox 1168 3025 1251 3092; x_wconf 83' lang='lat'><strong>¹55·</strong></span> <span class='ocrx_word' id='word_1_221' title='bbox 1267 3035 1296 3078; x_wconf 91' lang='lat' dir='ltr'>c.</span> <span class='ocrx_word' id='word_1_222' title='bbox 1311 3016 1337 3078; x_wconf 90' lang='lat' dir='ltr'>l.</span> 
     </span>
     <span class='ocr_line' id='line_1_28' title="bbox 300 3113 1336 3200; baseline 0.002 -26"><span class='ocrx_word' id='word_1_223' title='bbox 300 3115 419 3196; x_wconf 88' lang='lat' dir='ltr'>quippe</span> <span class='ocrx_word' id='word_1_224' title='bbox 440 3114 525 3193; x_wconf 84' lang='lat' dir='ltr'>quod</span> <span class='ocrx_word' id='word_1_225' title='bbox 547 3131 613 3174; x_wconf 90' lang='lat' dir='ltr'>nou</span> <span class='ocrx_word' id='word_1_226' title='bbox 638 3113 739 3176; x_wconf 83' lang='lat' dir='ltr'>solum</span> <span class='ocrx_word' id='word_1_227' title='bbox 763 3117 888 3176; x_wconf 86' lang='lat' dir='ltr'>codices</span> <span class='ocrx_word' id='word_1_228' title='bbox 905 3117 1001 3200; x_wconf 79' lang='lat' dir='ltr'>longe</span> <span class='ocrx_word' id='word_1_229' title='bbox 1023 3115 1092 3196; x_wconf 84' lang='lat' dir='ltr'>post</span> <span class='ocrx_word' id='word_1_230' title='bbox 1112 3116 1143 3178; x_wconf 79' lang='lat' dir='ltr'>fe</span> <span class='ocrx_word' id='word_1_231' title='bbox 1164 3117 1336 3198; x_wconf 82' lang='lat' dir='ltr'>relinquet,</span> 
     </span>
     <span class='ocr_line' id='line_1_29' title="bbox 301 3213 1337 3300; baseline 0.004 -24"><span class='ocrx_word' id='word_1_232' title='bbox 301 3213 352 3278; x_wconf 84' lang='lat' dir='ltr'>led</span> <span class='ocrx_word' id='word_1_233' title='bbox 368 3227 400 3276; x_wconf 90' lang='lat' dir='ltr'>et</span> <span class='ocrx_word' id='word_1_234' title='bbox 416 3215 575 3274; x_wconf 83' lang='lat' dir='ltr'>aGreecee</span> <span class='ocrx_word' id='word_1_235' title='bbox 592 3216 829 3298; x_wconf 74' lang='lat' dir='ltr'>compositionis</span> <span class='ocrx_word' id='word_1_236' title='bbox 844 3216 945 3280; x_wconf 80' lang='lat' dir='ltr'>lomna</span> <span class='ocrx_word' id='word_1_237' title='bbox 959 3217 1133 3288; x_wconf 82' lang='lat' dir='ltr'>abhorreat.</span> <span class='ocrx_word' id='word_1_238' title='bbox 1157 3219 1191 3278; x_wconf 89' lang='lat' dir='ltr'>in</span> <span class='ocrx_word' id='word_1_239' title='bbox 1207 3238 1269 3300; x_wconf 84' lang='lat' dir='ltr'>que</span> <span class='ocrx_word' id='word_1_240' title='bbox 1282 3219 1337 3280; x_wconf 80' lang='lat' dir='ltr'>ecl·</span> 
     </span>
     <span class='ocr_line' id='line_1_30' title="bbox 299 3316 1336 3404; baseline 0.006 -28"><span class='ocrx_word' id='word_1_241' title='bbox 299 3316 455 3404; x_wconf 87' lang='lat' dir='ltr'>iectivum</span> <span class='ocrx_word' id='word_1_242' title='bbox 478 3317 662 3397; x_wconf 84' lang='lat' dir='ltr'>praecedere</span> <span class='ocrx_word' id='word_1_243' title='bbox 683 3318 807 3380; x_wconf 81' lang='lat' dir='ltr'>debeat.</span> <span class='ocrx_word' id='word_1_244' title='bbox 860 3319 1031 3380; x_wconf 83' lang='lat' dir='ltr'>Ouatmalli</span> <span class='ocrx_word' id='word_1_245' title='bbox 1053 3319 1254 3382; x_wconf 80' lang='lat' dir='ltr'>Gronovieni</span> <span class='ocrx_word' id='word_1_246' title='bbox 1278 3321 1336 3382; x_wconf 84' lang='lat' dir='ltr'>etfi</span> 
     </span>
     <span class='ocr_line' id='line_1_31' title="bbox 300 3417 1334 3502; baseline 0.003 -22"><span class='ocrx_word' id='word_1_247' title='bbox 300 3417 505 3502; x_wconf 87' lang='lat' dir='ltr'>posteriorem</span> <span class='ocrx_word' id='word_1_248' title='bbox 525 3431 646 3498; x_wconf 83' lang='lat' dir='ltr'>partem</span> <span class='ocrx_word' id='word_1_249' title='bbox 665 3417 788 3480; x_wconf 84' lang='lat' dir='ltr'>servant</span> <span class='ocrx_word' id='word_1_250' title='bbox 804 3432 837 3482; x_wconf 84' lang='lat' dir='ltr'>et</span> <span class='ocrx_word' id='word_1_251' title='bbox 852 3419 980 3501; x_wconf 84' lang='lat' dir='ltr'>operose</span> <span class='ocrx_word' id='word_1_252' title='bbox 1002 3421 1071 3482; x_wconf 82' lang='lat' dir='ltr'>letis</span> <span class='ocrx_word' id='word_1_253' title='bbox 1090 3421 1237 3482; x_wconf 86' lang='lat' dir='ltr'>adstructi</span> <span class='ocrx_word' id='word_1_254' title='bbox 1253 3419 1334 3492; x_wconf 82' lang='lat' dir='ltr'>lunt,</span> 
     </span>
     <span class='ocr_line' id='line_1_32' title="bbox 302 3520 1335 3603; baseline 0.002 -22"><span class='ocrx_word' id='word_1_255' title='bbox 302 3522 338 3581; x_wconf 86' lang='lat' dir='ltr'>io</span> <span class='ocrx_word' id='word_1_256' title='bbox 359 3521 458 3602; x_wconf 91' lang='lat' dir='ltr'>priori</span> <span class='ocrx_word' id='word_1_257' title='bbox 478 3534 582 3580; x_wconf 84' lang='lat' dir='ltr'>tamen</span> <span class='ocrx_word' id='word_1_258' title='bbox 605 3521 792 3591; x_wconf 86' lang='lat' dir='ltr'>offendunt,</span> <span class='ocrx_word' id='word_1_259' title='bbox 818 3541 877 3583; x_wconf 87' lang='lat' dir='ltr'>nec</span> <span class='ocrx_word' id='word_1_260' title='bbox 895 3520 992 3602; x_wconf 83' lang='lat' dir='ltr'>ipiom</span> <span class='ocrx_word' id='word_1_261' title='bbox 1007 3544 1076 3585; x_wconf 88' lang='lat' dir='ltr'>rem</span> <span class='ocrx_word' id='word_1_262' title='bbox 1094 3537 1240 3603; x_wconf 81' lang='lat' dir='ltr'>aequant.</span> <span class='ocrx_word' id='word_1_263' title='bbox 1293 3524 1335 3586; x_wconf 78' lang='lat' dir='ltr'>At</span> 
     </span>
     <span class='ocr_line' id='line_1_33' title="bbox 304 3619 1406 3705; baseline 0.004 -23"><span class='ocrx_word' id='word_1_264' title='bbox 304 3619 392 3684; x_wconf 84' lang='lat' dir='ltr'>facile</span> <span class='ocrx_word' id='word_1_265' title='bbox 412 3621 488 3682; x_wconf 89' lang='lat' dir='ltr'>hinc</span> <span class='ocrx_word' id='word_1_266' title='bbox 507 3622 711 3705; x_wconf 84' lang='lat' dir='ltr'>intelligitur,</span> <span class='ocrx_word' id='word_1_267' title='bbox 738 3623 773 3682; x_wconf 91' lang='lat' dir='ltr'>in</span> <span class='ocrx_word' id='word_1_268' title='bbox 788 3641 852 3704; x_wconf 91' lang='lat' dir='ltr'>quo</span> <span class='ocrx_word' id='word_1_269' title='bbox 871 3623 953 3684; x_wconf 79' lang='lat' dir='ltr'>aestu</span> <span class='ocrx_word' id='word_1_270' title='bbox 974 3625 1036 3685; x_wconf 88' lang='lat' dir='ltr'>hoc</span> <span class='ocrx_word' id='word_1_271' title='bbox 1056 3643 1178 3686; x_wconf 87' lang='lat' dir='ltr'>nornen</span> <span class='ocrx_word' id='word_1_272' title='bbox 1201 3625 1331 3688; x_wconf 80' lang='lat' dir='ltr'>laboret.</span> <span class='ocrx_word' id='word_1_273' title='bbox 1405 3657 1406 3660; x_wconf 36' lang='lat'>¹</span> 
     </span>
     <span class='ocr_line' id='line_1_34' title="bbox 305 3722 1334 3808; baseline 0.004 -24"><span class='ocrx_word' id='word_1_274' title='bbox 305 3724 404 3808; x_wconf 87' lang='lat' dir='ltr'>Quod</span> <span class='ocrx_word' id='word_1_275' title='bbox 422 3723 442 3782; x_wconf 82' lang='lat' dir='ltr'>fi</span> <span class='ocrx_word' id='word_1_276' title='bbox 458 3724 536 3786; x_wconf 86' lang='lat' dir='ltr'>elios</span> <span class='ocrx_word' id='word_1_277' title='bbox 549 3737 690 3785; x_wconf 76' lang='lat' dir='ltr'>auctores</span> <span class='ocrx_word' id='word_1_278' title='bbox 705 3725 744 3784; x_wconf 83' lang='lat' dir='ltr'>cle</span> <span class='ocrx_word' id='word_1_279' title='bbox 760 3724 799 3784; x_wconf 81' lang='lat' dir='ltr'>iis</span> <span class='ocrx_word' id='word_1_280' title='bbox 816 3722 1025 3797; x_wconf 83' lang='lat' dir='ltr'>consulimus,</span> <span class='ocrx_word' id='word_1_281' title='bbox 1049 3727 1135 3788; x_wconf 82' lang='lat' dir='ltr'>varie</span> <span class='ocrx_word' id='word_1_282' title='bbox 1156 3727 1259 3788; x_wconf 90' lang='lat' dir='ltr'>iidem</span> <span class='ocrx_word' id='word_1_283' title='bbox 1279 3727 1334 3788; x_wconf 92' lang='lat' dir='ltr'>ho·</span> 
     </span>
     <span class='ocr_line' id='line_1_35' title="bbox 305 3825 1406 3920; baseline 0.003 -34"><span class='ocrx_word' id='word_1_284' title='bbox 305 3825 408 3887; x_wconf 79' lang='lat' dir='ltr'>minet</span> <span class='ocrx_word' id='word_1_285' title='bbox 437 3826 634 3907; x_wconf 82' lang='lat' dir='ltr'>adpellantur</span> <span class='ocrx_word' id='word_1_286' title='bbox 662 3826 696 3886; x_wconf 93' lang='lat' dir='ltr'>in</span> <span class='ocrx_word' id='word_1_287' title='bbox 723 3839 888 3907; x_wconf 83' lang='lat' dir='ltr'>utrumque</span> <span class='ocrx_word' id='word_1_288' title='bbox 913 3829 1009 3888; x_wconf 85' lang='lat' dir='ltr'>etiam</span> <span class='ocrx_word' id='word_1_289' title='bbox 1034 3842 1157 3908; x_wconf 83' lang='lat' dir='ltr'>partem</span> <span class='ocrx_word' id='word_1_290' title='bbox 1183 3829 1334 3910; x_wconf 81' lang='lat' dir='ltr'>corrupti.</span> <span class='ocrx_word' id='word_1_291' title='bbox 1405 3891 1406 3920; x_wconf 27' lang='lat' dir='ltr'>p</span> 
     </span>
     <span class='ocr_line' id='line_1_36' title="bbox 305 3921 1406 4009; baseline 0.005 -19"><span class='ocrx_word' id='word_1_292' title='bbox 305 3929 357 3990; x_wconf 88' lang='lat' dir='ltr'>Sic</span> <span class='ocrx_word' id='word_1_293' title='bbox 373 3927 407 3987; x_wconf 92' lang='lat' dir='ltr'>in</span> <span class='ocrx_word' id='word_1_294' title='bbox 424 3925 577 3989; x_wconf 85' lang='lat' dir='ltr'>Strabone</span> <span class='ocrx_word' id='word_1_295' title='bbox 597 3947 624 3987; x_wconf 93' lang='lat' dir='ltr'>c.</span> <span class='ocrx_word' id='word_1_296' title='bbox 642 3927 663 3990; x_wconf 90' lang='lat' dir='ltr'>l.</span> <span class='ocrx_word' id='word_1_297' title='bbox 686 3921 929 3999; x_wconf 81' lang='lat' dir='ltr'>&#39;varo&#39;uotrot,</span> <span class='ocrx_word' id='word_1_298' title='bbox 955 3931 1078 3991; x_wconf 90' lang='lat' dir='ltr'>Tzetze</span> <span class='ocrx_word' id='word_1_299' title='bbox 1101 3929 1174 3992; x_wconf 87' lang='lat' dir='ltr'>chil.</span> <span class='ocrx_word' id='word_1_300' title='bbox 1192 3945 1227 4004; x_wconf 86' lang='lat'>7,</span> <span class='ocrx_word' id='word_1_301' title='bbox 1251 3931 1332 4009; x_wconf 78' lang='grc'><strong>653.</strong></span> <span class='ocrx_word' id='word_1_302' title='bbox 1405 3923 1406 4004; x_wconf 63' lang='lat' dir='ltr'>l</span> 
     </span>
     <span class='ocr_line' id='line_1_37' title="bbox 304 4023 1406 4114; baseline 0 -22"><span class='ocrx_word' id='word_1_303' title='bbox 304 4023 515 4100; x_wconf 81' lang='grc' dir='ltr'><strong><em>Ὠτόκλινοι,</em></strong></span> <span class='ocrx_word' id='word_1_304' title='bbox 548 4029 667 4092; x_wconf 84' lang='lat' dir='ltr'>lfidoro</span> <span class='ocrx_word' id='word_1_305' title='bbox 685 4029 775 4114; x_wconf 82' lang='lat' dir='ltr'>Orig.</span> <span class='ocrx_word' id='word_1_306' title='bbox 796 4047 852 4102; x_wconf 82' lang='lat' dir='ltr'>tt,</span> <span class='ocrx_word' id='word_1_307' title='bbox 878 4041 911 4108; x_wconf 74' lang='lat'>5.</span> <span class='ocrx_word' id='word_1_308' title='bbox 942 4045 1034 4094; x_wconf 81' lang='lat' dir='ltr'>etex</span> <span class='ocrx_word' id='word_1_309' title='bbox 1057 4051 1096 4094; x_wconf 89' lang='lat' dir='ltr'>eo</span> <span class='ocrx_word' id='word_1_310' title='bbox 1120 4032 1336 4096; x_wconf 78' lang='lat' dir='ltr'>invinceutii</span> <span class='ocrx_word' id='word_1_311' title='bbox 1405 4093 1406 4102; x_wconf 59' lang='grc'>,</span> 
     </span>
    </p>
   </div>
   <div class='ocr_carea' id='block_1_3' title="bbox 0 0 1453 4940">
    <p class='ocr_par' dir='ltr' id='par_1_4' title="bbox 0 0 1453 4940">
     <span class='ocr_line' id='line_1_38' title="bbox 0 0 1453 4940; baseline 0 0"><span class='ocrx_word' id='word_1_312' title='bbox 0 0 1453 4940; x_wconf 95' lang='lat' dir='ltr'> </span> 
     </span>
    </p>
   </div>
  </div>
 </body>
</html>
