2880 4940
302 419 363 492 ιω
597 406 840 464 sourottn
876 401 1040 462 tactas

302 597 411 648 autem
436 581 507 652 ilie.
539 581 588 642 uti
611 601 649 644 ex
672 581 817 642 Diodoro
841 589 874 658 5.
896 589 956 660 42.
987 580 1114 642 conlato
1138 575 1279 642 Erriebio
1303 578 1343 639 de

300 697 472 772 praeparat.
492 685 614 768 Evaug.
634 699 665 752 2.
684 697 716 744 2.
739 679 883 752 discitur,
909 681 1098 744 Panchaiam
1123 679 1261 741 intutam
1283 679 1344 740 eiie

303 787 424 852 Oceani
443 783 630 848 exadversus
647 783 809 855 Arabiam,
835 784 928 844 latam
953 801 1024 846 coo
1040 783 1232 852 stadiorum.
1264 783 1345 844 turis

302 889 513 968 myrrhaeque
536 880 772 955 feraciffimarn.
803 886 947 946 tandein
974 887 1140 946 ulteriores
1165 897 1265 946 terras
1286 904 1345 968 per

302 1004 491 1058 mercatores
506 987 622 1052 Arabes
638 987 833 1069 deportetur.
867 984 917 1050 cf.
936 988 1045 1072 virgil.
1064 987 1183 1072 Georg.
1206 1003 1239 1054 tt.
1259 1001 1342 1066 139.

303 1095 402 1158 ovid.
422 1092 554 1154 Metam.
576 1109 629 1160 to.
648 1103 733 1168 307.
765 1089 876 1152 Sidon.
892 1109 989 1152 carm.
1006 1101 1039 1167 5.
1056 1097 1118 1168 47.
1145 1103 1178 1150 et
1199 1109 1283 1170 quae
1303 1089 1341 1148 ad

302 1197 354 1259 iiia
370 1195 437 1256 ioca
451 1195 662 1264 adnotantur;
684 1191 723 1252 de
740 1191 797 1251 irtu
813 1192 907 1252 etiarn
921 1191 1055 1252 Diodor.
1072 1193 1106 1252 in
1122 1187 1238 1274 fragm.
1253 1191 1295 1251 T.
1310 1208 1340 1251 a.

300 1321 334 1384 p.
354 1297 439 1376 633.
489 1295 591 1358 Prave
617 1295 713 1376 igitur
737 1294 776 1352 de
800 1293 909 1354 Arabia
932 1295 1067 1354 omuino
1091 1293 1144 1353 vel
1165 1293 1208 1353 de
1229 1291 1341 1352 Arabia

301 1401 386 1463 tetict
406 1397 594 1459 Panchaiam
615 1397 845 1475 interperantur
859 1396 991 1458 Servius
1013 1407 1045 1456 et
1059 1395 1285 1477 Philargyrius
1303 1393 1340 1454 ad

302 1502 411 1586 t'irgit.
428 1519 455 1562 c.
471 1499 492 1562 l.
545 1495 641 1560 Causa
659 1497 771 1558 erroris
788 1497 864 1558 haec
885 1495 943 1564 ett.
967 1497 1053 1578 qnod
1070 1497 1104 1556 in
1122 1496 1239 1557 Arabia
1258 1494 1340 1556 felici

302 1619 354 1668 tus
375 1599 525 1670 uescitur,
552 1599 637 1682 quod
660 1611 763 1658 tamen
781 1599 876 1659 etiarn
896 1595 976 1660 ferre
992 1598 1162 1658 tradiderat
1178 1597 1340 1659 Euheme-

301 1727 365 1769 rus.
405 1701 455 1768 Ci.
479 1701 643 1764 Salutaiius
666 1699 702 1760 ad
731 1700 831 1762 Soiin.
852 1718 919 1780 cap.
938 1713 996 1778 33.
1013 1698 1034 1762 i.
1053 1697 1110 1776 36.
1138 1719 1172 1781 p.
1188 1720 1236 1762 m.
1256 1711 1337 1778 337.

300 1810 357 1871 ttbi
375 1808 469 1868 etiarn
487 1805 627 1864 Plinium
644 1799 706 1862 iaiii
723 1801 833 1870 docet,
859 1803 914 1882 qui
929 1801 1118 1863 Panchaiam
1140 1821 1243 1882 prope
1256 1801 1338 1864 Solis

301 1911 414 1972 urbem
437 1903 590 1988 posuerit.
617 1923 735 1984 nempe
758 1903 946 1983 Heliopoiin
962 1903 1093 1966 Arabiae
1113 1901 1267 1964 turiferae
1286 1923 1338 1962 ur·

299 2012 374 2074 bem
390 2029 448 2090 pru
466 2007 624 2091 Aegyptia
636 2005 808 2084 accipiens.
832 2025 929 2086 quarn
946 2019 1051 2066 tamen
1068 2003 1228 2065 divertam
1250 2002 1337 2066 tutte

300 2111 476 2176 contendit.
528 2109 591 2170 Sed
612 2107 670 2166 alia
695 2103 749 2166 iuo
771 2107 859 2174 ioco.
894 2107 989 2166 etiam
1012 2107 1052 2166 de
1072 2105 1145 2166 iitu.
1200 2106 1338 2168 Codices

299 2215 377 2278 iiaut
394 2231 451 2294 pro
467 2207 631 2276 Panchaei.
653 2219 695 2276 et,
720 2205 875 2268 srPiinius
889 2207 1010 2270 Candei
1025 2203 1132 2276 refert.
1158 2207 1242 2270 alios
1258 2205 1337 2270 forte
1419 2245 1420 2250 κ

299 2315 422 2378 secutus
439 2304 481 2374 ett
503 2323 658 2371 auctores.
709 2307 806 2390 Quod
830 2327 908 2370 vero
932 2328 970 2370 ex
993 2322 1211 2369 monumento
1234 2309 1338 2370 Aduli-

299 2431 376 2480 tarto
392 2433 447 2476 eos
463 2425 569 2474 tuetur
582 2405 717 2478 Vossius.
740 2409 876 2470 dubium
896 2409 949 2478 eii.
972 2411 1043 2492 quia
1060 2412 1094 2470 in
1110 2407 1222 2473 Codd.
1238 2412 1331 2472 Vatic.

300 2535 333 2584 et
354 2519 493 2582 Fiureut.
515 2513 691 2576 constanter
711 2511 827 2596 iegitur
847 2511 1055 2594 Ταγκαΐτας,
1089 2512 1145 2592 qui
1169 2525 1203 2572 et
1228 2513 1263 2572 iu
1278 2511 1331 2574 de·

299 2623 391 2710 gypti
408 2617 655 2698 Aethiopiaeque
674 2613 788 2674 finibus
812 2613 940 2696 lougius
962 2633 979 2674 a
1001 2613 1178 2675 Panchaeis
1202 2611 1277 2674 sunt
1290 2632 1334 2675 re·

298 2724 394 2788 moti.
430 2717 482 2784 Ci.
499 2737 578 2804 quae
594 2713 737 2778 disseruit
752 2713 934 2804 Weffeliug.
948 2715 988 2776 ad
1002 2716 1138 2778 Diodor.
1156 2735 1185 2778 c.
1202 2715 1227 2779 1.

375 2926 416 2986 iai
445 2919 570 3006 quos)
622 2923 668 2981 ita
691 2920 817 2981 codices
842 2919 925 2988 mei.
959 2931 1082 3001 praeter
1102 2917 1187 3000 Lipi.
1215 2921 1335 3002 inquo

297 3029 361 3113 legi
385 3023 532 3093 dabitat.
558 3024 614 3104 qni
631 3013 792 3110 exsecto.
830 3023 868 3081 iu
884 3021 981 3102 priori
997 3021 1136 3082 lectione
1151 3019 1336 3084 consentitis

297 3133 393 3194 etiarn
414 3125 563 3186 videntur
578 3123 712 3186 Codices
729 3121 946 3184 A.Gronovii.
978 3121 1168 3184 ciacconius
1184 3122 1239 3183 stc:
1263 3125 1337 3186 aliae
1418 3149 1419 3158 ¹

297 3231 434 3296 nocitos
456 3219 610 3316 exfacto
634 3223 863 3304 Ophiophagos
881 3237 1012 3286 cocant.
1063 3225 1235 3285 Editiones
1256 3228 1337 3286 anti-
1418 3247 1419 3308 j

297 3325 463 3416 qutffimae
481 3327 515 3388 tu·
531 3347 621 3409 qnos.
657 3323 817 3386 Olivarius
830 3325 918 3386 dedit
932 3338 963 3385 et
975 3345 1065 3407 quos,
1086 3325 1195 3386 relicta
1210 3327 1261 3387 ed.
1274 3336 1334 3405 24.
1418 3323 1419 3350 ¹

296 3437 330 3496 in
347 3453 407 3514 qua
428 3430 543 3513 iegitur
560 3429 596 3488 iri
615 3447 710 3508 prior,
737 3427 785 3486 uti
803 3425 900 3486 habet
917 3427 1053 3486 alterurn
1070 3428 1230 3508 exemplar
1246 3440 1334 3490 etex
1418 3453 1419 3460 ¹

296 3533 497 3600 Olivarisnie.
523 3543 580 3608 55.
604 3529 756 3611 Lugdun.
784 3526 889 3604 1605.
913 3529 1074 3608 aliaeque;
1108 3525 1246 3600 Voffiun
1269 3539 1332 3608 4⁰·
1418 3553 1419 3612 1

295 3649 357 3717 4¹·
375 3645 435 3713 42.
457 3629 616 3700 lubitum.
637 3649 735 3712 quos;
767 3641 838 3689 tum
856 3629 1028 3690 Reinoidio
1045 3630 1126 3690 duce
1142 3631 1282 3713 reliquae
1298 3631 1333 3690 tu·

293 3753 469 3822 quoscum
494 3731 666 3794 codicibus.
717 3729 792 3792 Post
813 3729 897 3792 Gud.
912 3721 1013 3820 facto
1033 3721 1095 3822 fid
1112 3722 1332 3821 serpentibus,-

293 3838 434 3922 Rehdig.
456 3835 511 3917 qui
524 3824 747 3923 serpentibusr
770 3831 861 3916 Prag.
875 3821 1048 3922 serpentes.
1087 3833 1179 3917 Prag.
1198 3826 1330 3926 noscun-

293 3954 348 4004 tur
368 3957 426 4020 pro
453 3925 631 4025 versarentur.
696 3933 784 3994 Tum
811 3934 902 4016 l'rag.
927 3933 1141 4014 oprhipirnge53
1189 3935 1271 4016 Ltpt.
1294 3947 1328 3995 et

294 4035 729 4124 liebdiger.op1tyophcgos,·
751 4033 836 4096 Gud.
853 4025 1067 4122 ophiusagos:
1093 4035 1234 4098 Vindob.
1248 4036 1328 4117 epiti-

293 4142 426 4224 gopitos.
466 4137 592 4200 Graecis
611 4135 710 4198 literis
725 4133 891 4220 proferunt
913 4136 987 4199 edd.
1017 4149 1074 4214 15.
1101 4151 1159 4214 17.
1185 4153 1245 4202 sto.
1270 4149 1324 4216 23.
