<?xml version="1.0" encoding="UTF-8"?>
<!DOCTYPE html PUBLIC "-//W3C//DTD XHTML 1.0 Transitional//EN"
    "http://www.w3.org/TR/xhtml1/DTD/xhtml1-transitional.dtd">
<html xmlns="http://www.w3.org/1999/xhtml" xml:lang="en" lang="en">
 <head>
  <title>
</title>
<meta http-equiv="Content-Type" content="text/html;charset=utf-8" />
  <meta name='ocr-system' content='tesseract 3.04.00' />
  <meta name='ocr-capabilities' content='ocr_page ocr_carea ocr_par ocr_line ocrx_word'/>
</head>
<body>
  <div class='ocr_page' id='page_1' title='image "./pomponiimelaede05melagoog_1005.png"; bbox 0 0 2880 4940; ppageno 0'>
   <div class='ocr_carea' id='block_1_1' title="bbox 406 427 1142 504">
    <p class='ocr_par' dir='ltr' id='par_1_1' title="bbox 406 427 1142 504">
     <span class='ocr_line' id='line_1_1' title="bbox 406 427 1142 504; baseline -0.005 -14"><span class='ocrx_word' id='word_1_1' title='bbox 406 435 496 490; x_wconf 77' lang='lat' dir='ltr'><strong>Ltn.</strong></span> <span class='ocrx_word' id='word_1_2' title='bbox 527 435 579 488; x_wconf 90' lang='grc' dir='ltr'><strong><em>ιιι.</em></strong></span> <span class='ocrx_word' id='word_1_3' title='bbox 624 431 723 490; x_wconf 77' lang='lat' dir='ltr'><strong>ox.</strong></span> <span class='ocrx_word' id='word_1_4' title='bbox 766 427 845 501; x_wconf 71' lang='lat' dir='ltr'><strong>ao.</strong></span> <span class='ocrx_word' id='word_1_5' title='bbox 1013 480 1016 488; x_wconf 82' lang='grc'><em>,</em></span> <span class='ocrx_word' id='word_1_6' title='bbox 1079 439 1142 504; x_wconf 78' lang='lat' dir='ltr'><strong>tw</strong></span> 
     </span>
    </p>
   </div>
   <div class='ocr_carea' id='block_1_2' title="bbox 111 595 1149 992">
    <p class='ocr_par' dir='ltr' id='par_1_2' title="bbox 111 595 1149 992">
     <span class='ocr_line' id='line_1_2' title="bbox 111 595 1144 692; baseline -0.002 -24"><span class='ocrx_word' id='word_1_7' title='bbox 111 623 206 670; x_wconf 85' lang='lat' dir='ltr'><strong>mseo</strong></span> <span class='ocrx_word' id='word_1_8' title='bbox 233 599 288 692; x_wconf 77' lang='grc'><strong>[4,</strong></span> <span class='ocrx_word' id='word_1_9' title='bbox 321 625 350 670; x_wconf 86' lang='grc' dir='ltr'><strong>ι.</strong></span> <span class='ocrx_word' id='word_1_10' title='bbox 375 619 408 669; x_wconf 93' lang='lat' dir='ltr'><strong>et</strong></span> <span class='ocrx_word' id='word_1_11' title='bbox 437 599 513 691; x_wconf 78' lang='lat'><strong>13.]</strong></span> <span class='ocrx_word' id='word_1_12' title='bbox 545 619 578 669; x_wconf 88' lang='lat' dir='ltr'><strong>et</strong></span> <span class='ocrx_word' id='word_1_13' title='bbox 602 605 721 667; x_wconf 80' lang='lat' dir='ltr'><strong>Plinio.</strong></span> <span class='ocrx_word' id='word_1_14' title='bbox 756 597 817 688; x_wconf 83' lang='lat'><strong>[5.</strong></span> <span class='ocrx_word' id='word_1_15' title='bbox 847 595 900 688; x_wconf 89' lang='lat' dir='ltr'><strong>t.]</strong></span> <span class='ocrx_word' id='word_1_16' title='bbox 943 619 1144 666; x_wconf 80' lang='lat' dir='ltr'><strong>arurrsuvs.</strong></span> 
     </span>
     <span class='ocr_line' id='line_1_3' title="bbox 115 701 1148 799; baseline -0.006 -29"><span class='ocrx_word' id='word_1_17' title='bbox 115 707 221 778; x_wconf 80' lang='lat' dir='ltr'><strong>Gilda,</strong></span> <span class='ocrx_word' id='word_1_18' title='bbox 244 707 277 769; x_wconf 91' lang='lat' dir='ltr'><em>V</em></span> <span class='ocrx_word' id='word_1_19' title='bbox 278 705 412 780; x_wconf 81' lang='lat' dir='ltr'><strong>olnbilir,</strong></span> <span class='ocrx_word' id='word_1_20' title='bbox 430 701 615 799; x_wconf 69' lang='lat' dir='ltr'><strong>Prrjitana)</strong></span> <span class='ocrx_word' id='word_1_21' title='bbox 665 707 715 768; x_wconf 82' lang='lat' dir='ltr'><strong>Ex</strong></span> <span class='ocrx_word' id='word_1_22' title='bbox 731 705 869 790; x_wconf 83' lang='lat' dir='ltr'><strong>relligiie</strong></span> <span class='ocrx_word' id='word_1_23' title='bbox 884 717 1032 767; x_wconf 87' lang='lat' dir='ltr'><strong>veterum</strong></span> <span class='ocrx_word' id='word_1_24' title='bbox 1045 723 1148 774; x_wconf 85' lang='lat' dir='ltr'><strong>mern·</strong></span> 
     </span>
     <span class='ocr_line' id='line_1_4' title="bbox 113 805 1147 872; baseline -0.004 -2"><span class='ocrx_word' id='word_1_25' title='bbox 113 809 282 870; x_wconf 82' lang='lat' dir='ltr'><strong>branarnua</strong></span> <span class='ocrx_word' id='word_1_26' title='bbox 317 809 394 870; x_wconf 84' lang='lat' dir='ltr'><strong>baec</strong></span> <span class='ocrx_word' id='word_1_27' title='bbox 426 809 633 872; x_wconf 85' lang='lat' dir='ltr'><strong>correximus.</strong></span> <span class='ocrx_word' id='word_1_28' title='bbox 686 805 782 869; x_wconf 72' lang='lat' dir='ltr'><strong>ouda</strong></span> <span class='ocrx_word' id='word_1_29' title='bbox 809 825 922 867; x_wconf 86' lang='lat' dir='ltr'><strong>uerum</strong></span> <span class='ocrx_word' id='word_1_30' title='bbox 953 805 997 869; x_wconf 80' lang='lat' dir='ltr'><strong>eli</strong></span> <span class='ocrx_word' id='word_1_31' title='bbox 1024 823 1147 868; x_wconf 88' lang='lat' dir='ltr'><strong>nomen</strong></span> 
     </span>
     <span class='ocr_line' id='line_1_5' title="bbox 113 905 1149 992; baseline 0 -22"><span class='ocrx_word' id='word_1_32' title='bbox 113 909 211 971; x_wconf 88' lang='lat' dir='ltr'><strong>huius</strong></span> <span class='ocrx_word' id='word_1_33' title='bbox 234 911 361 992; x_wconf 86' lang='lat' dir='ltr'><strong>oppidi,</strong></span> <span class='ocrx_word' id='word_1_34' title='bbox 393 929 461 974; x_wconf 91' lang='lat' dir='ltr'><strong>non</strong></span> <span class='ocrx_word' id='word_1_35' title='bbox 491 906 620 981; x_wconf 81' lang='grc' dir='ltr'><strong><em>Σίλδα,</em></strong></span> <span class='ocrx_word' id='word_1_36' title='bbox 651 910 708 970; x_wconf 82' lang='lat' dir='ltr'><strong>tati¹</strong></span> <span class='ocrx_word' id='word_1_37' title='bbox 731 927 896 991; x_wconf 78' lang='lat' dir='ltr'>perperam</span> <span class='ocrx_word' id='word_1_38' title='bbox 926 907 1010 990; x_wconf 87' lang='lat' dir='ltr'><strong>apud</strong></span> <span class='ocrx_word' id='word_1_39' title='bbox 1040 905 1149 971; x_wconf 85' lang='lat' dir='ltr'><strong>Ptole·</strong></span> 
     </span>
    </p>
   </div>
   <div class='ocr_carea' id='block_1_3' title="bbox 116 985 1267 1097">
    <p class='ocr_par' dir='ltr' id='par_1_3' title="bbox 116 985 1267 1097">
     <span class='ocr_line' id='line_1_6' title="bbox 116 985 1267 1097; baseline 0 -25"><span class='ocrx_word' id='word_1_40' title='bbox 116 1029 254 1072; x_wconf 83' lang='lat' dir='ltr'><strong>nraeunt.</strong></span> <span class='ocrx_word' id='word_1_41' title='bbox 283 1003 338 1095; x_wconf 80' lang='lat'><strong>[4.</strong></span> <span class='ocrx_word' id='word_1_42' title='bbox 360 1003 411 1097; x_wconf 91' lang='lat' dir='ltr'><strong>a.]</strong></span> <span class='ocrx_word' id='word_1_43' title='bbox 460 1013 513 1074; x_wconf 86' lang='lat' dir='ltr'><strong>Sic</strong></span> <span class='ocrx_word' id='word_1_44' title='bbox 529 1027 654 1093; x_wconf 85' lang='lat' dir='ltr'><strong>qnoque</strong></span> <span class='ocrx_word' id='word_1_45' title='bbox 671 1009 791 1072; x_wconf 91' lang='lat' dir='ltr'><strong>habent</strong></span> <span class='ocrx_word' id='word_1_46' title='bbox 806 1008 984 1092; x_wconf 73' lang='lat' dir='ltr'><strong>Stephanus</strong></span> <span class='ocrx_word' id='word_1_47' title='bbox 999 1021 1032 1071; x_wconf 87' lang='lat' dir='ltr'><strong>et</strong></span> <span class='ocrx_word' id='word_1_48' title='bbox 1049 1007 1150 1071; x_wconf 73' lang='lat' dir='ltr'><strong>Anto·</strong></span> <span class='ocrx_word' id='word_1_49' title='bbox 1223 985 1267 1088; x_wconf 45' lang='grc'><strong>,’</strong></span> 
     </span>
    </p>
   </div>
   <div class='ocr_carea' id='block_1_4' title="bbox 36 1105 1227 4224">
    <p class='ocr_par' dir='ltr' id='par_1_4' title="bbox 36 1105 1227 1699">
     <span class='ocr_line' id='line_1_7' title="bbox 36 1105 1149 1198; baseline 0 -26"><span class='ocrx_word' id='word_1_50' title='bbox 36 1173 42 1182; x_wconf 80' lang='grc'>,</span> <span class='ocrx_word' id='word_1_51' title='bbox 117 1113 225 1174; x_wconf 85' lang='lat' dir='ltr'><strong>ninus.</strong></span> <span class='ocrx_word' id='word_1_52' title='bbox 260 1107 311 1198; x_wconf 87' lang='lat' dir='ltr'><strong>[p.</strong></span> <span class='ocrx_word' id='word_1_53' title='bbox 336 1126 395 1192; x_wconf 76' lang='lat'><strong>23.</strong></span> <span class='ocrx_word' id='word_1_54' title='bbox 419 1113 470 1176; x_wconf 87' lang='lat' dir='ltr'><strong>ed.</strong></span> <span class='ocrx_word' id='word_1_55' title='bbox 493 1105 641 1197; x_wconf 72' lang='lat' dir='ltr'><strong>wellet]</strong></span> <span class='ocrx_word' id='word_1_56' title='bbox 687 1107 832 1176; x_wconf 79' lang='lat' dir='ltr'><strong>Volubiie</strong></span> <span class='ocrx_word' id='word_1_57' title='bbox 849 1124 882 1173; x_wconf 90' lang='lat' dir='ltr'><strong>et</strong></span> <span class='ocrx_word' id='word_1_58' title='bbox 908 1107 1081 1182; x_wconf 73' lang='lat' dir='ltr'><em>Volubilis,</em></span> <span class='ocrx_word' id='word_1_59' title='bbox 1114 1127 1149 1172; x_wconf 81' lang='lat' dir='ltr'><strong>ao</strong></span> 
     </span>
     <span class='ocr_line' id='line_1_8' title="bbox 119 1201 1151 1304; baseline 0 -28"><span class='ocrx_word' id='word_1_60' title='bbox 119 1213 152 1276; x_wconf 89' lang='lat' dir='ltr'><em>V</em></span> <span class='ocrx_word' id='word_1_61' title='bbox 154 1203 348 1304; x_wconf 82' lang='lat' dir='ltr'><strong>olubiiieuses</strong></span> <span class='ocrx_word' id='word_1_62' title='bbox 374 1215 488 1296; x_wconf 88' lang='lat' dir='ltr'><strong>populi</strong></span> <span class='ocrx_word' id='word_1_63' title='bbox 511 1227 729 1276; x_wconf 81' lang='lat' dir='ltr'><strong>memorantur</strong></span> <span class='ocrx_word' id='word_1_64' title='bbox 751 1233 768 1273; x_wconf 87' lang='lat' dir='ltr'><strong>a</strong></span> <span class='ocrx_word' id='word_1_65' title='bbox 792 1213 915 1274; x_wconf 89' lang='lat' dir='ltr'><strong>multis.</strong></span> <span class='ocrx_word' id='word_1_66' title='bbox 966 1201 1151 1304; x_wconf 67' lang='lat' dir='ltr'><strong>Priscianae</strong></span> 
     </span>
     <span class='ocr_line' id='line_1_9' title="bbox 116 1307 1151 1400; baseline -0.002 -26"><span class='ocrx_word' id='word_1_67' title='bbox 116 1312 210 1382; x_wconf 84' lang='lat' dir='ltr'><strong>lolns.</strong></span> <span class='ocrx_word' id='word_1_68' title='bbox 232 1315 319 1394; x_wconf 91' lang='lat' dir='ltr'><strong>qnod</strong></span> <span class='ocrx_word' id='word_1_69' title='bbox 342 1312 444 1384; x_wconf 86' lang='lat' dir='ltr'><strong>iciam,</strong></span> <span class='ocrx_word' id='word_1_70' title='bbox 468 1315 618 1376; x_wconf 84' lang='lat' dir='ltr'><strong>meminit</strong></span> <span class='ocrx_word' id='word_1_71' title='bbox 634 1315 847 1377; x_wconf 72' lang='lat' dir='ltr'><strong>Ptolemaeus.</strong></span> <span class='ocrx_word' id='word_1_72' title='bbox 877 1307 934 1400; x_wconf 76' lang='grc'><strong>[4,</strong></span> <span class='ocrx_word' id='word_1_73' title='bbox 956 1333 986 1376; x_wconf 90' lang='lat'><strong>1.</strong></span> <span class='ocrx_word' id='word_1_74' title='bbox 1004 1307 1048 1398; x_wconf 73' lang='lat' dir='ltr'><strong>i]</strong></span> <span class='ocrx_word' id='word_1_75' title='bbox 1087 1311 1151 1376; x_wconf 84' lang='lat' dir='ltr'><strong>Sed</strong></span> 
     </span>
     <span class='ocr_line' id='line_1_10' title="bbox 115 1402 1151 1498; baseline -0.002 -24"><span class='ocrx_word' id='word_1_76' title='bbox 115 1415 198 1496; x_wconf 83' lang='lat' dir='ltr'><strong>apurl</strong></span> <span class='ocrx_word' id='word_1_77' title='bbox 214 1415 304 1475; x_wconf 87' lang='lat' dir='ltr'><strong>illurn</strong></span> <span class='ocrx_word' id='word_1_78' title='bbox 324 1435 489 1498; x_wconf 78' lang='lat' dir='ltr'>perperam</span> <span class='ocrx_word' id='word_1_79' title='bbox 503 1411 665 1479; x_wconf 82' lang='lat' dir='ltr'><strong>IItottinua</strong></span> <span class='ocrx_word' id='word_1_80' title='bbox 680 1430 734 1478; x_wconf 90' lang='lat' dir='ltr'><strong>attt</strong></span> <span class='ocrx_word' id='word_1_81' title='bbox 752 1410 936 1478; x_wconf 70' lang='lat' dir='ltr'><strong>neroniana</strong></span> <span class='ocrx_word' id='word_1_82' title='bbox 956 1402 1055 1498; x_wconf 70' lang='lat' dir='ltr'><strong>uulgo</strong></span> <span class='ocrx_word' id='word_1_83' title='bbox 1073 1413 1151 1498; x_wconf 84' lang='lat' dir='ltr'><strong>legi·</strong></span> 
     </span>
     <span class='ocr_line' id='line_1_11' title="bbox 115 1513 1227 1608; baseline 0.001 -34"><span class='ocrx_word' id='word_1_84' title='bbox 115 1529 169 1574; x_wconf 90' lang='lat' dir='ltr'><strong>tnr</strong></span> <span class='ocrx_word' id='word_1_85' title='bbox 191 1534 249 1596; x_wconf 85' lang='lat' dir='ltr'><strong>pro</strong></span> <span class='ocrx_word' id='word_1_86' title='bbox 272 1513 463 1604; x_wconf 77' lang='lat' dir='ltr'><strong>Hptorn&#39;nun.</strong></span> <span class='ocrx_word' id='word_1_87' title='bbox 499 1537 647 1580; x_wconf 76' lang='lat' dir='ltr'><strong>rosetus.</strong></span> <span class='ocrx_word' id='word_1_88' title='bbox 706 1519 756 1579; x_wconf 91' lang='lat' dir='ltr'><strong>De</strong></span> <span class='ocrx_word' id='word_1_89' title='bbox 782 1515 882 1578; x_wconf 81' lang='lat' dir='ltr'><strong>Gilda</strong></span> <span class='ocrx_word' id='word_1_90' title='bbox 904 1534 972 1577; x_wconf 90' lang='lat' dir='ltr'><strong>non</strong></span> <span class='ocrx_word' id='word_1_91' title='bbox 994 1515 1038 1577; x_wconf 88' lang='lat' dir='ltr'><strong>eil</strong></span> <span class='ocrx_word' id='word_1_92' title='bbox 1058 1514 1150 1576; x_wconf 88' lang='lat' dir='ltr'><strong>dubi·</strong></span> <span class='ocrx_word' id='word_1_93' title='bbox 1224 1601 1227 1608; x_wconf 29' lang='grc' dir='ltr'>Ι</span> 
     </span>
     <span class='ocr_line' id='line_1_12' title="bbox 115 1617 1153 1699; baseline -0.001 -22"><span class='ocrx_word' id='word_1_94' title='bbox 115 1619 206 1686; x_wconf 83' lang='lat' dir='ltr'><strong>tatio.</strong></span> <span class='ocrx_word' id='word_1_95' title='bbox 228 1619 346 1699; x_wconf 86' lang='lat' dir='ltr'><strong>quippe</strong></span> <span class='ocrx_word' id='word_1_96' title='bbox 361 1619 449 1699; x_wconf 86' lang='lat' dir='ltr'><strong>quod</strong></span> <span class='ocrx_word' id='word_1_97' title='bbox 467 1619 554 1680; x_wconf 77' lang='lat' dir='ltr'><strong>urbis</strong></span> <span class='ocrx_word' id='word_1_98' title='bbox 574 1637 695 1680; x_wconf 88' lang='lat' dir='ltr'><strong>nomen</strong></span> <span class='ocrx_word' id='word_1_99' title='bbox 711 1619 902 1680; x_wconf 82' lang='lat' dir='ltr'><strong>confirment</strong></span> <span class='ocrx_word' id='word_1_100' title='bbox 918 1617 1100 1678; x_wconf 80' lang='lat' dir='ltr'><strong>Antoninus</strong></span> <span class='ocrx_word' id='word_1_101' title='bbox 1118 1627 1153 1676; x_wconf 88' lang='lat' dir='ltr'><strong>et</strong></span> 
     </span>
    </p>

    <p class='ocr_par' dir='ltr' id='par_1_5' title="bbox 116 1712 1180 4224">
     <span class='ocr_line' id='line_1_13' title="bbox 116 1712 1152 1803; baseline -0.002 -23"><span class='ocrx_word' id='word_1_102' title='bbox 116 1737 156 1780; x_wconf 80' lang='lat' dir='ltr'><strong>ex</strong></span> <span class='ocrx_word' id='word_1_103' title='bbox 179 1719 340 1780; x_wconf 84' lang='lat' dir='ltr'><strong>literarum</strong></span> <span class='ocrx_word' id='word_1_104' title='bbox 361 1717 438 1780; x_wconf 81' lang='lat' dir='ltr'><strong>serie</strong></span> <span class='ocrx_word' id='word_1_105' title='bbox 452 1721 643 1803; x_wconf 85' lang='lat' dir='ltr'><strong>Stephanus.</strong></span> <span class='ocrx_word' id='word_1_106' title='bbox 694 1720 736 1782; x_wconf 82' lang='lat' dir='ltr'><strong>At</strong></span> <span class='ocrx_word' id='word_1_107' title='bbox 753 1719 793 1780; x_wconf 89' lang='lat' dir='ltr'><strong>de</strong></span> <span class='ocrx_word' id='word_1_108' title='bbox 811 1717 1011 1800; x_wconf 78' lang='lat' dir='ltr'><strong>[equentibus</strong></span> <span class='ocrx_word' id='word_1_109' title='bbox 1028 1712 1152 1800; x_wconf 82' lang='lat' dir='ltr'><strong>sponso·</strong></span> 
     </span>
     <span class='ocr_line' id='line_1_14' title="bbox 118 1817 1153 1900; baseline 0.001 -22"><span class='ocrx_word' id='word_1_110' title='bbox 118 1839 187 1878; x_wconf 87' lang='lat' dir='ltr'><strong>rent</strong></span> <span class='ocrx_word' id='word_1_111' title='bbox 212 1835 264 1880; x_wconf 83' lang='lat' dir='ltr'><strong>tue</strong></span> <span class='ocrx_word' id='word_1_112' title='bbox 290 1821 424 1881; x_wconf 86' lang='lat' dir='ltr'><strong>minime</strong></span> <span class='ocrx_word' id='word_1_113' title='bbox 453 1821 560 1883; x_wconf 84' lang='lat' dir='ltr'><strong>filiam.</strong></span> <span class='ocrx_word' id='word_1_114' title='bbox 611 1820 810 1882; x_wconf 87' lang='lat' dir='ltr'><strong>Memorattrr</strong></span> <span class='ocrx_word' id='word_1_115' title='bbox 834 1819 965 1900; x_wconf 88' lang='lat' dir='ltr'><strong>quidem</strong></span> <span class='ocrx_word' id='word_1_116' title='bbox 990 1819 1024 1879; x_wconf 92' lang='lat' dir='ltr'><strong>in</strong></span> <span class='ocrx_word' id='word_1_117' title='bbox 1049 1817 1153 1880; x_wconf 83' lang='lat' dir='ltr'><strong>Ptole·</strong></span> 
     </span>
     <span class='ocr_line' id='line_1_15' title="bbox 119 1911 1152 2002; baseline 0 -22"><span class='ocrx_word' id='word_1_118' title='bbox 119 1939 211 1980; x_wconf 87' lang='lat' dir='ltr'><strong>maen</strong></span> <span class='ocrx_word' id='word_1_119' title='bbox 232 1929 267 1997; x_wconf 75' lang='grc'><strong>4,</strong></span> <span class='ocrx_word' id='word_1_120' title='bbox 296 1941 325 1982; x_wconf 87' lang='grc' dir='ltr'><strong>ι.</strong></span> <span class='ocrx_word' id='word_1_121' title='bbox 346 1917 369 1982; x_wconf 84' lang='lat' dir='ltr'><strong>i.</strong></span> <span class='ocrx_word' id='word_1_122' title='bbox 393 1911 611 2002; x_wconf 73' lang='grc' dir='ltr'><strong>Οὖολοβιλὶς,</strong></span> <span class='ocrx_word' id='word_1_123' title='bbox 644 1933 676 1984; x_wconf 87' lang='lat' dir='ltr'><strong>et</strong></span> <span class='ocrx_word' id='word_1_124' title='bbox 697 1921 752 1984; x_wconf 92' lang='lat' dir='ltr'><strong>lib.</strong></span> <span class='ocrx_word' id='word_1_125' title='bbox 777 1933 810 2000; x_wconf 77' lang='grc'><strong>8.</strong></span> <span class='ocrx_word' id='word_1_126' title='bbox 837 1923 871 1982; x_wconf 90' lang='lat' dir='ltr'><strong>in</strong></span> <span class='ocrx_word' id='word_1_127' title='bbox 895 1919 957 1982; x_wconf 91' lang='lat' dir='ltr'><strong>tab.</strong></span> <span class='ocrx_word' id='word_1_128' title='bbox 979 1939 1008 1982; x_wconf 90' lang='grc' dir='ltr'><strong>ι.</strong></span> <span class='ocrx_word' id='word_1_129' title='bbox 1031 1917 1152 1982; x_wconf 80' lang='lat' dir='ltr'><strong>Africae</strong></span> 
     </span>
     <span class='ocr_line' id='line_1_16' title="bbox 121 2011 1153 2106; baseline 0.002 -25"><span class='ocrx_word' id='word_1_130' title='bbox 121 2011 356 2098; x_wconf 57' lang='lat' dir='ltr'><strong>obtinebitis.</strong></span> <span class='ocrx_word' id='word_1_131' title='bbox 389 2024 439 2082; x_wconf 89' lang='lat' dir='ltr'><strong>uti</strong></span> <span class='ocrx_word' id='word_1_132' title='bbox 458 2022 497 2084; x_wconf 93' lang='lat' dir='ltr'><strong>ab</strong></span> <span class='ocrx_word' id='word_1_133' title='bbox 522 2024 687 2085; x_wconf 80' lang='lat' dir='ltr'><strong>Antonino</strong></span> <span class='ocrx_word' id='word_1_134' title='bbox 708 2043 742 2106; x_wconf 92' lang='lat' dir='ltr'><strong>p.</strong></span> <span class='ocrx_word' id='word_1_135' title='bbox 763 2036 823 2102; x_wconf 79' lang='lat'><strong>93.</strong></span> <span class='ocrx_word' id='word_1_136' title='bbox 875 2021 911 2082; x_wconf 88' lang='lat' dir='ltr'><strong>in</strong></span> <span class='ocrx_word' id='word_1_137' title='bbox 933 2019 1039 2082; x_wconf 84' lang='lat' dir='ltr'><strong>Plinio</strong></span> <span class='ocrx_word' id='word_1_138' title='bbox 1062 2033 1095 2097; x_wconf 85' lang='lat'><strong>5,</strong></span> <span class='ocrx_word' id='word_1_139' title='bbox 1123 2039 1153 2083; x_wconf 88' lang='grc' dir='ltr'><strong>ι.</strong></span> 
     </span>
     <span class='ocr_line' id='line_1_17' title="bbox 121 2119 1154 2206; baseline 0.002 -26"><span class='ocrx_word' id='word_1_140' title='bbox 121 2135 252 2206; x_wconf 77' lang='lat' dir='ltr'><strong>vocatur</strong></span> <span class='ocrx_word' id='word_1_141' title='bbox 272 2119 306 2183; x_wconf 89' lang='lat' dir='ltr'><em>V</em></span> <span class='ocrx_word' id='word_1_142' title='bbox 305 2119 417 2183; x_wconf 80' lang='lat' dir='ltr'><strong>olubile</strong></span> <span class='ocrx_word' id='word_1_143' title='bbox 431 2125 598 2205; x_wconf 79' lang='lat' dir='ltr'><strong>opplrltnn.</strong></span> <span class='ocrx_word' id='word_1_144' title='bbox 634 2125 782 2200; x_wconf 80' lang='lat' dir='ltr'><strong>Attamen</strong></span> <span class='ocrx_word' id='word_1_145' title='bbox 799 2125 916 2184; x_wconf 83' lang='lat' dir='ltr'><strong>incerta</strong></span> <span class='ocrx_word' id='word_1_146' title='bbox 930 2121 1009 2184; x_wconf 88' lang='lat' dir='ltr'><strong>haec</strong></span> <span class='ocrx_word' id='word_1_147' title='bbox 1023 2135 1056 2184; x_wconf 89' lang='lat' dir='ltr'><strong>et</strong></span> <span class='ocrx_word' id='word_1_148' title='bbox 1069 2122 1154 2184; x_wconf 81' lang='lat' dir='ltr'><strong>lluxa</strong></span> 
     </span>
     <span class='ocr_line' id='line_1_18' title="bbox 121 2215 1154 2314; baseline 0.003 -34"><span class='ocrx_word' id='word_1_149' title='bbox 121 2223 247 2283; x_wconf 76' lang='lat' dir='ltr'><strong>ridetur</strong></span> <span class='ocrx_word' id='word_1_150' title='bbox 267 2223 380 2293; x_wconf 84' lang='lat' dir='ltr'><strong>lectio,</strong></span> <span class='ocrx_word' id='word_1_151' title='bbox 406 2225 439 2284; x_wconf 93' lang='lat' dir='ltr'><strong>in</strong></span> <span class='ocrx_word' id='word_1_152' title='bbox 458 2227 569 2308; x_wconf 88' lang='lat' dir='ltr'><strong>primis</strong></span> <span class='ocrx_word' id='word_1_153' title='bbox 586 2225 605 2284; x_wconf 84' lang='lat' dir='ltr'><strong>st</strong></span> <span class='ocrx_word' id='word_1_154' title='bbox 628 2223 757 2308; x_wconf 82' lang='lat' dir='ltr'><strong>sequens</strong></span> <span class='ocrx_word' id='word_1_155' title='bbox 774 2243 895 2312; x_wconf 85' lang='lat' dir='ltr'><strong>nomen</strong></span> <span class='ocrx_word' id='word_1_156' title='bbox 910 2215 1084 2314; x_wconf 79' lang='lat' dir='ltr'><strong>Prisciaua</strong></span> <span class='ocrx_word' id='word_1_157' title='bbox 1102 2221 1154 2283; x_wconf 88' lang='lat' dir='ltr'><strong>ari·</strong></span> 
     </span>
     <span class='ocr_line' id='line_1_19' title="bbox 120 2323 1156 2408; baseline 0.001 -26"><span class='ocrx_word' id='word_1_158' title='bbox 120 2325 246 2392; x_wconf 81' lang='lat' dir='ltr'><strong>iecerit,</strong></span> <span class='ocrx_word' id='word_1_159' title='bbox 279 2327 446 2386; x_wconf 82' lang='lat' dir='ltr'><strong>coniuncta</strong></span> <span class='ocrx_word' id='word_1_160' title='bbox 466 2345 538 2386; x_wconf 88' lang='lat' dir='ltr'><strong>cnm</strong></span> <span class='ocrx_word' id='word_1_161' title='bbox 566 2326 688 2389; x_wconf 72' lang='lat' dir='ltr'><strong>bissus</strong></span> <span class='ocrx_word' id='word_1_162' title='bbox 709 2345 882 2408; x_wconf 89' lang='lat' dir='ltr'><strong>compares.</strong></span> <span class='ocrx_word' id='word_1_163' title='bbox 936 2327 977 2383; x_wconf 92' lang='lat' dir='ltr'><strong>Vt</strong></span> <span class='ocrx_word' id='word_1_164' title='bbox 993 2326 1081 2384; x_wconf 87' lang='lat' dir='ltr'><strong>enirn</strong></span> <span class='ocrx_word' id='word_1_165' title='bbox 1094 2323 1156 2384; x_wconf 85' lang='lat' dir='ltr'><strong>illa</strong></span> 
     </span>
     <span class='ocr_line' id='line_1_20' title="bbox 122 2425 1155 2509; baseline -0.001 -25"><span class='ocrx_word' id='word_1_166' title='bbox 122 2427 272 2494; x_wconf 80' lang='lat' dir='ltr'><strong>textrices,</strong></span> <span class='ocrx_word' id='word_1_167' title='bbox 302 2425 446 2509; x_wconf 75' lang='lat' dir='ltr'><strong>singulari</strong></span> <span class='ocrx_word' id='word_1_168' title='bbox 471 2445 552 2507; x_wconf 87' lang='lat' dir='ltr'><strong>opne</strong></span> <span class='ocrx_word' id='word_1_169' title='bbox 585 2425 627 2487; x_wconf 80' lang='lat' dir='ltr'><strong>eit</strong></span> <span class='ocrx_word' id='word_1_170' title='bbox 652 2425 852 2508; x_wconf 82' lang='lat' dir='ltr'><strong>perspicacia,</strong></span> <span class='ocrx_word' id='word_1_171' title='bbox 886 2425 1048 2505; x_wconf 87' lang='lat' dir='ltr'><strong>multaque</strong></span> <span class='ocrx_word' id='word_1_172' title='bbox 1073 2425 1155 2486; x_wconf 87' lang='lat' dir='ltr'><strong>exci-</strong></span> 
     </span>
     <span class='ocr_line' id='line_1_21' title="bbox 122 2515 1180 2616; baseline 0 -32"><span class='ocrx_word' id='word_1_173' title='bbox 122 2527 226 2594; x_wconf 83' lang='lat' dir='ltr'><strong>tatnla.</strong></span> <span class='ocrx_word' id='word_1_174' title='bbox 246 2545 324 2605; x_wconf 83' lang='lat' dir='ltr'><strong>qnae</strong></span> <span class='ocrx_word' id='word_1_175' title='bbox 339 2527 527 2587; x_wconf 75' lang='lat' dir='ltr'><strong>intercidilIe</strong></span> <span class='ocrx_word' id='word_1_176' title='bbox 544 2541 680 2608; x_wconf 85' lang='lat' dir='ltr'><strong>oportet.</strong></span> <span class='ocrx_word' id='word_1_177' title='bbox 721 2527 861 2595; x_wconf 79' lang='lat' dir='ltr'><strong>Accedit,</strong></span> <span class='ocrx_word' id='word_1_178' title='bbox 885 2527 970 2606; x_wconf 86' lang='lat' dir='ltr'><strong>qood</strong></span> <span class='ocrx_word' id='word_1_179' title='bbox 989 2515 1156 2616; x_wconf 83' lang='lat' dir='ltr'><strong>Prisciaua</strong></span> <span class='ocrx_word' id='word_1_180' title='bbox 1178 2563 1180 2570; x_wconf 82' lang='lat'><em>·</em></span> 
     </span>
     <span class='ocr_line' id='line_1_22' title="bbox 123 2617 1158 2704; baseline 0.002 -19"><span class='ocrx_word' id='word_1_181' title='bbox 123 2625 236 2688; x_wconf 81' lang='lat' dir='ltr'><strong>dubiae</strong></span> <span class='ocrx_word' id='word_1_182' title='bbox 252 2625 295 2686; x_wconf 87' lang='lat' dir='ltr'><strong>eil</strong></span> <span class='ocrx_word' id='word_1_183' title='bbox 312 2623 522 2698; x_wconf 82' lang='lat' dir='ltr'><strong>auctoritatis,</strong></span> <span class='ocrx_word' id='word_1_184' title='bbox 553 2649 612 2689; x_wconf 85' lang='lat' dir='ltr'><strong>nec</strong></span> <span class='ocrx_word' id='word_1_185' title='bbox 630 2629 686 2689; x_wconf 85' lang='lat' dir='ltr'><strong>nifi</strong></span> <span class='ocrx_word' id='word_1_186' title='bbox 708 2629 822 2688; x_wconf 85' lang='lat' dir='ltr'><strong>iniecta</strong></span> <span class='ocrx_word' id='word_1_187' title='bbox 846 2627 879 2686; x_wconf 87' lang='lat' dir='ltr'><strong>vi</strong></span> <span class='ocrx_word' id='word_1_188' title='bbox 900 2617 1084 2704; x_wconf 82' lang='lat' dir='ltr'><strong>Ptolemaeo</strong></span> <span class='ocrx_word' id='word_1_189' title='bbox 1106 2643 1158 2688; x_wconf 85' lang='lat' dir='ltr'><strong>ett-</strong></span> 
     </span>
     <span class='ocr_line' id='line_1_23' title="bbox 125 2725 1156 2810; baseline 0.001 -25"><span class='ocrx_word' id='word_1_190' title='bbox 125 2741 299 2806; x_wconf 79' lang='lat' dir='ltr'><strong>torquetur.</strong></span> <span class='ocrx_word' id='word_1_191' title='bbox 351 2729 415 2790; x_wconf 85' lang='lat' dir='ltr'><strong>Sed</strong></span> <span class='ocrx_word' id='word_1_192' title='bbox 438 2742 470 2790; x_wconf 87' lang='lat' dir='ltr'><strong>et</strong></span> <span class='ocrx_word' id='word_1_193' title='bbox 492 2731 578 2790; x_wconf 88' lang='lat' dir='ltr'><strong>idem</strong></span> <span class='ocrx_word' id='word_1_194' title='bbox 604 2749 671 2790; x_wconf 90' lang='lat' dir='ltr'><strong>oon</strong></span> <span class='ocrx_word' id='word_1_195' title='bbox 694 2727 794 2789; x_wconf 81' lang='lat' dir='ltr'><strong>solum</strong></span> <span class='ocrx_word' id='word_1_196' title='bbox 816 2727 909 2810; x_wconf 87' lang='lat' dir='ltr'><strong>ponit</strong></span> <span class='ocrx_word' id='word_1_197' title='bbox 932 2727 1016 2787; x_wconf 89' lang='lat' dir='ltr'><strong>inter</strong></span> <span class='ocrx_word' id='word_1_198' title='bbox 1036 2725 1156 2789; x_wconf 87' lang='lat' dir='ltr'><strong>Sildam</strong></span> 
     </span>
     <span class='ocr_line' id='line_1_24' title="bbox 126 2825 1160 2912; baseline 0.002 -26"><span class='ocrx_word' id='word_1_199' title='bbox 126 2825 148 2887; x_wconf 90' lang='lat' dir='ltr'><strong>l.</strong></span> <span class='ocrx_word' id='word_1_200' title='bbox 173 2829 299 2887; x_wconf 78' lang='lat' dir='ltr'><strong>(liliam</strong></span> <span class='ocrx_word' id='word_1_201' title='bbox 320 2843 353 2888; x_wconf 88' lang='lat' dir='ltr'><strong>et</strong></span> <span class='ocrx_word' id='word_1_202' title='bbox 379 2829 578 2900; x_wconf 82' lang='lat' dir='ltr'><strong>Volubilem,</strong></span> <span class='ocrx_word' id='word_1_203' title='bbox 621 2829 671 2890; x_wconf 83' lang='lat' dir='ltr'><strong>ieri</strong></span> <span class='ocrx_word' id='word_1_204' title='bbox 699 2843 731 2891; x_wconf 89' lang='lat' dir='ltr'><strong>et</strong></span> <span class='ocrx_word' id='word_1_205' title='bbox 754 2830 884 2912; x_wconf 82' lang='lat' dir='ltr'><strong>propior</strong></span> <span class='ocrx_word' id='word_1_206' title='bbox 905 2829 983 2888; x_wconf 87' lang='lat' dir='ltr'><strong>mari</strong></span> <span class='ocrx_word' id='word_1_207' title='bbox 1006 2827 1160 2890; x_wconf 79' lang='lat' dir='ltr'><strong>admovet</strong></span> 
     </span>
     <span class='ocr_line' id='line_1_25' title="bbox 126 2927 1158 3012; baseline -0.004 -24"><span class='ocrx_word' id='word_1_208' title='bbox 126 2927 260 2997; x_wconf 83' lang='lat' dir='ltr'><strong>iberico,</strong></span> <span class='ocrx_word' id='word_1_209' title='bbox 286 2941 320 2986; x_wconf 89' lang='lat' dir='ltr'><strong>ut</strong></span> <span class='ocrx_word' id='word_1_210' title='bbox 337 2929 387 2990; x_wconf 88' lang='lat' dir='ltr'><strong>rel</strong></span> <span class='ocrx_word' id='word_1_211' title='bbox 404 2929 462 2991; x_wconf 85' lang='lat' dir='ltr'><strong>hac</strong></span> <span class='ocrx_word' id='word_1_212' title='bbox 478 2933 517 2992; x_wconf 88' lang='lat' dir='ltr'><strong>de</strong></span> <span class='ocrx_word' id='word_1_213' title='bbox 535 2929 622 2992; x_wconf 84' lang='lat' dir='ltr'><strong>cattia</strong></span> <span class='ocrx_word' id='word_1_214' title='bbox 641 2929 704 2992; x_wconf 85' lang='lat' dir='ltr'><strong>huc</strong></span> <span class='ocrx_word' id='word_1_215' title='bbox 726 2931 882 3012; x_wconf 83' lang='lat' dir='ltr'><strong>pertinere</strong></span> <span class='ocrx_word' id='word_1_216' title='bbox 900 2941 1043 3008; x_wconf 81' lang='lat' dir='ltr'><strong>nequeat.</strong></span> <span class='ocrx_word' id='word_1_217' title='bbox 1079 2927 1158 3009; x_wconf 86' lang='lat' dir='ltr'><strong>Qui·</strong></span> 
     </span>
     <span class='ocr_line' id='line_1_26' title="bbox 127 3027 1159 3114; baseline 0.003 -27"><span class='ocrx_word' id='word_1_218' title='bbox 127 3029 210 3096; x_wconf 83' lang='lat' dir='ltr'><strong>riam.</strong></span> <span class='ocrx_word' id='word_1_219' title='bbox 230 3043 268 3088; x_wconf 89' lang='lat' dir='ltr'><strong>nt</strong></span> <span class='ocrx_word' id='word_1_220' title='bbox 281 3030 434 3092; x_wconf 84' lang='lat' dir='ltr'><strong>Sintlerus</strong></span> <span class='ocrx_word' id='word_1_221' title='bbox 448 3032 485 3091; x_wconf 89' lang='lat' dir='ltr'><strong>ad</strong></span> <span class='ocrx_word' id='word_1_222' title='bbox 501 3035 654 3094; x_wconf 82' lang='lat' dir='ltr'><strong>Antonin.</strong></span> <span class='ocrx_word' id='word_1_223' title='bbox 670 3053 702 3114; x_wconf 84' lang='lat' dir='ltr'><strong>p.</strong></span> <span class='ocrx_word' id='word_1_224' title='bbox 720 3045 776 3108; x_wconf 70' lang='lat'><strong>25.</strong></span> <span class='ocrx_word' id='word_1_225' title='bbox 797 3027 949 3108; x_wconf 81' lang='lat' dir='ltr'><strong>(WelIel.)</strong></span> <span class='ocrx_word' id='word_1_226' title='bbox 971 3043 1003 3090; x_wconf 92' lang='lat' dir='ltr'><strong>et</strong></span> <span class='ocrx_word' id='word_1_227' title='bbox 1019 3027 1159 3090; x_wconf 83' lang='lat' dir='ltr'><strong>Orteliue</strong></span> 
     </span>
     <span class='ocr_line' id='line_1_27' title="bbox 126 3121 1160 3221; baseline 0.003 -34"><span class='ocrx_word' id='word_1_228' title='bbox 126 3131 161 3188; x_wconf 89' lang='lat' dir='ltr'><strong>in</strong></span> <span class='ocrx_word' id='word_1_229' title='bbox 178 3127 320 3190; x_wconf 85' lang='lat' dir='ltr'><strong>thesauro</strong></span> <span class='ocrx_word' id='word_1_230' title='bbox 335 3131 449 3215; x_wconf 85' lang='lat' dir='ltr'><strong>Geogr.</strong></span> <span class='ocrx_word' id='word_1_231' title='bbox 465 3131 488 3194; x_wconf 82' lang='lat' dir='ltr'><strong>l.</strong></span> <span class='ocrx_word' id='word_1_232' title='bbox 503 3153 535 3194; x_wconf 84' lang='lat' dir='ltr'><strong>r.</strong></span> <span class='ocrx_word' id='word_1_233' title='bbox 553 3131 705 3194; x_wconf 87' lang='lat' dir='ltr'><strong>Ptiiciana</strong></span> <span class='ocrx_word' id='word_1_234' title='bbox 722 3130 756 3193; x_wconf 88' lang='lat' dir='ltr'><em>V</em></span> <span class='ocrx_word' id='word_1_235' title='bbox 755 3121 936 3221; x_wconf 79' lang='lat' dir='ltr'><strong>opisciauos</strong></span> <span class='ocrx_word' id='word_1_236' title='bbox 948 3149 1021 3190; x_wconf 86' lang='lat' dir='ltr'><strong>cum</strong></span> <span class='ocrx_word' id='word_1_237' title='bbox 1036 3127 1160 3190; x_wconf 84' lang='lat' dir='ltr'><strong>Ptilcia·</strong></span> 
     </span>
     <span class='ocr_line' id='line_1_28' title="bbox 125 3231 1160 3314; baseline 0.003 -25"><span class='ocrx_word' id='word_1_238' title='bbox 125 3231 177 3298; x_wconf 71' lang='grc' dir='ltr'><strong>ιιι</strong></span> <span class='ocrx_word' id='word_1_239' title='bbox 198 3245 390 3313; x_wconf 86' lang='lat' dir='ltr'><strong>ctnnparant,</strong></span> <span class='ocrx_word' id='word_1_240' title='bbox 412 3253 603 3314; x_wconf 89' lang='lat' dir='ltr'><strong>quamquam</strong></span> <span class='ocrx_word' id='word_1_241' title='bbox 620 3249 652 3295; x_wconf 89' lang='lat' dir='ltr'><strong>et</strong></span> <span class='ocrx_word' id='word_1_242' title='bbox 669 3233 730 3294; x_wconf 88' lang='lat' dir='ltr'><strong>hoc</strong></span> <span class='ocrx_word' id='word_1_243' title='bbox 744 3251 865 3292; x_wconf 90' lang='lat' dir='ltr'><strong>nomen</strong></span> <span class='ocrx_word' id='word_1_244' title='bbox 882 3231 965 3290; x_wconf 83' lang='lat' dir='ltr'><strong>varia</strong></span> <span class='ocrx_word' id='word_1_245' title='bbox 981 3231 1160 3312; x_wconf 86' lang='lat' dir='ltr'><strong>incertaque</strong></span> 
     </span>
     <span class='ocr_line' id='line_1_29' title="bbox 129 3329 1161 3414; baseline 0.001 -24"><span class='ocrx_word' id='word_1_246' title='bbox 129 3330 275 3412; x_wconf 79' lang='lat' dir='ltr'><strong>scriptura</strong></span> <span class='ocrx_word' id='word_1_247' title='bbox 294 3331 408 3403; x_wconf 84' lang='lat' dir='ltr'><strong>editur,</strong></span> <span class='ocrx_word' id='word_1_248' title='bbox 433 3352 491 3394; x_wconf 86' lang='lat' dir='ltr'><strong>nec</strong></span> <span class='ocrx_word' id='word_1_249' title='bbox 509 3333 580 3395; x_wconf 86' lang='lat' dir='ltr'><strong>litus</strong></span> <span class='ocrx_word' id='word_1_250' title='bbox 601 3335 722 3401; x_wconf 84' lang='lat' dir='ltr'><strong>adnuit,</strong></span> <span class='ocrx_word' id='word_1_251' title='bbox 749 3351 843 3414; x_wconf 87' lang='lat' dir='ltr'><strong>quem</strong></span> <span class='ocrx_word' id='word_1_252' title='bbox 866 3329 1027 3392; x_wconf 82' lang='lat' dir='ltr'><strong>Ptiicianis</strong></span> <span class='ocrx_word' id='word_1_253' title='bbox 1049 3331 1161 3392; x_wconf 84' lang='lat' dir='ltr'><strong>tribuit</strong></span> 
     </span>
     <span class='ocr_line' id='line_1_30' title="bbox 129 3431 1162 3514; baseline 0 -22"><span class='ocrx_word' id='word_1_254' title='bbox 129 3431 338 3494; x_wconf 70' lang='lat' dir='ltr'><strong>Ptolemaeus.</strong></span> <span class='ocrx_word' id='word_1_255' title='bbox 382 3435 526 3494; x_wconf 85' lang='lat' dir='ltr'><strong>Eandem</strong></span> <span class='ocrx_word' id='word_1_256' title='bbox 547 3434 676 3505; x_wconf 89' lang='lat' dir='ltr'><strong>urbem,</strong></span> <span class='ocrx_word' id='word_1_257' title='bbox 705 3433 755 3495; x_wconf 81' lang='lat' dir='ltr'><strong>ieri</strong></span> <span class='ocrx_word' id='word_1_258' title='bbox 775 3453 830 3514; x_wconf 92' lang='lat' dir='ltr'><strong>per</strong></span> <span class='ocrx_word' id='word_1_259' title='bbox 845 3433 876 3491; x_wconf 92' lang='lat' dir='ltr'><em>B</em></span> <span class='ocrx_word' id='word_1_260' title='bbox 896 3433 928 3492; x_wconf 89' lang='lat' dir='ltr'><strong>ln</strong></span> <span class='ocrx_word' id='word_1_261' title='bbox 949 3433 1043 3493; x_wconf 93' lang='lat' dir='ltr'><strong>initio</strong></span> <span class='ocrx_word' id='word_1_262' title='bbox 1066 3432 1162 3494; x_wconf 85' lang='lat' dir='ltr'><strong>habet</strong></span> 
     </span>
     <span class='ocr_line' id='line_1_31' title="bbox 130 3531 1161 3615; baseline 0.002 -23"><span class='ocrx_word' id='word_1_263' title='bbox 130 3531 335 3615; x_wconf 81' lang='lat' dir='ltr'><strong>Geograpbue</strong></span> <span class='ocrx_word' id='word_1_264' title='bbox 355 3536 501 3596; x_wconf 84' lang='lat' dir='ltr'><strong>Ilavenn.</strong></span> <span class='ocrx_word' id='word_1_265' title='bbox 525 3550 557 3614; x_wconf 83' lang='lat'><strong>3,</strong></span> <span class='ocrx_word' id='word_1_266' title='bbox 585 3555 639 3598; x_wconf 89' lang='grc' dir='ltr'><strong>ιι.</strong></span> <span class='ocrx_word' id='word_1_267' title='bbox 691 3537 732 3596; x_wconf 80' lang='lat' dir='ltr'><strong>tr</strong></span> <span class='ocrx_word' id='word_1_268' title='bbox 757 3533 777 3592; x_wconf 87' lang='lat' dir='ltr'><strong>li</strong></span> <span class='ocrx_word' id='word_1_269' title='bbox 801 3531 984 3612; x_wconf 79' lang='lat' dir='ltr'><strong>scripturam</strong></span> <span class='ocrx_word' id='word_1_270' title='bbox 1011 3533 1161 3594; x_wconf 87' lang='lat' dir='ltr'><strong>codicum</strong></span> 
     </span>
     <span class='ocr_line' id='line_1_32' title="bbox 130 3631 1162 3715; baseline 0 -21"><span class='ocrx_word' id='word_1_271' title='bbox 130 3647 312 3714; x_wconf 80' lang='lat' dir='ltr'><strong>corruptam</strong></span> <span class='ocrx_word' id='word_1_272' title='bbox 338 3637 515 3706; x_wconf 89' lang='lat' dir='ltr'><strong>intuemur,</strong></span> <span class='ocrx_word' id='word_1_273' title='bbox 554 3637 629 3697; x_wconf 89' lang='lat' dir='ltr'><strong>inde</strong></span> <span class='ocrx_word' id='word_1_274' title='bbox 655 3633 782 3698; x_wconf 85' lang='lat' dir='ltr'><strong>iorlltan</strong></span> <span class='ocrx_word' id='word_1_275' title='bbox 810 3631 892 3695; x_wconf 82' lang='lat' dir='ltr'><strong>effici</strong></span> <span class='ocrx_word' id='word_1_276' title='bbox 923 3631 1008 3715; x_wconf 78' lang='lat' dir='ltr'><strong>polle</strong></span> <span class='ocrx_word' id='word_1_277' title='bbox 1033 3633 1162 3695; x_wconf 83' lang='lat' dir='ltr'><strong>videtur</strong></span> 
     </span>
     <span class='ocr_line' id='line_1_33' title="bbox 129 3717 1162 3816; baseline -0.002 -20"><span class='ocrx_word' id='word_1_278' title='bbox 129 3731 240 3803; x_wconf 62' lang='lat' dir='ltr'><strong>hta,</strong></span> <span class='ocrx_word' id='word_1_279' title='bbox 273 3717 352 3816; x_wconf 84' lang='lat' dir='ltr'><strong>quae</strong></span> <span class='ocrx_word' id='word_1_280' title='bbox 374 3735 448 3797; x_wconf 87' lang='lat' dir='ltr'><strong>urbs</strong></span> <span class='ocrx_word' id='word_1_281' title='bbox 471 3737 505 3796; x_wconf 94' lang='lat' dir='ltr'><strong>in</strong></span> <span class='ocrx_word' id='word_1_282' title='bbox 528 3736 591 3799; x_wconf 85' lang='lat' dir='ltr'><strong>hor:</strong></span> <span class='ocrx_word' id='word_1_283' title='bbox 610 3750 711 3798; x_wconf 86' lang='lat' dir='ltr'><strong>tractu</strong></span> <span class='ocrx_word' id='word_1_284' title='bbox 732 3747 926 3796; x_wconf 87' lang='lat' dir='ltr'><strong>memoratur</strong></span> <span class='ocrx_word' id='word_1_285' title='bbox 945 3753 962 3794; x_wconf 91' lang='lat' dir='ltr'><strong>a</strong></span> <span class='ocrx_word' id='word_1_286' title='bbox 978 3733 1162 3796; x_wconf 86' lang='lat' dir='ltr'><strong>Ptolemaeo</strong></span> 
     </span>
     <span class='ocr_line' id='line_1_34' title="bbox 132 3831 1163 3918; baseline -0.001 -22"><span class='ocrx_word' id='word_1_287' title='bbox 132 3845 167 3912; x_wconf 81' lang='grc'><strong>4,</strong></span> <span class='ocrx_word' id='word_1_288' title='bbox 191 3855 217 3896; x_wconf 94' lang='grc' dir='ltr'><strong>ι.</strong></span> <span class='ocrx_word' id='word_1_289' title='bbox 236 3833 259 3896; x_wconf 87' lang='lat' dir='ltr'><strong>i.</strong></span> <span class='ocrx_word' id='word_1_290' title='bbox 289 3849 323 3894; x_wconf 85' lang='lat' dir='ltr'><strong>et</strong></span> <span class='ocrx_word' id='word_1_291' title='bbox 341 3835 446 3898; x_wconf 89' lang='lat' dir='ltr'><strong>Plinio</strong></span> <span class='ocrx_word' id='word_1_292' title='bbox 469 3849 502 3912; x_wconf 82' lang='lat'><strong>5.</strong></span> <span class='ocrx_word' id='word_1_293' title='bbox 533 3857 560 3898; x_wconf 89' lang='lat' dir='ltr'><strong>r.</strong></span> <span class='ocrx_word' id='word_1_294' title='bbox 594 3838 649 3898; x_wconf 92' lang='lat' dir='ltr'><strong>ubi</strong></span> <span class='ocrx_word' id='word_1_295' title='bbox 667 3837 796 3918; x_wconf 85' lang='lat' dir='ltr'><strong>quidem</strong></span> <span class='ocrx_word' id='word_1_296' title='bbox 820 3833 997 3896; x_wconf 85' lang='lat' dir='ltr'><strong>conllanter</strong></span> <span class='ocrx_word' id='word_1_297' title='bbox 1020 3831 1163 3896; x_wconf 87' lang='lat' dir='ltr'><strong>scribitur</strong></span> 
     </span>
     <span class='ocr_line' id='line_1_35' title="bbox 131 3928 1162 4019; baseline 0.003 -24"><span class='ocrx_word' id='word_1_298' title='bbox 131 3932 261 4004; x_wconf 81' lang='lat' dir='ltr'><strong>Babba,</strong></span> <span class='ocrx_word' id='word_1_299' title='bbox 286 3939 369 4016; x_wconf 89' lang='lat' dir='ltr'><strong>qnod</strong></span> <span class='ocrx_word' id='word_1_300' title='bbox 387 3951 420 3998; x_wconf 88' lang='lat' dir='ltr'><strong>et</strong></span> <span class='ocrx_word' id='word_1_301' title='bbox 440 3936 573 4019; x_wconf 82' lang='lat' dir='ltr'><strong>praefert</strong></span> <span class='ocrx_word' id='word_1_302' title='bbox 590 3941 622 4000; x_wconf 92' lang='lat' dir='ltr'><strong>in</strong></span> <span class='ocrx_word' id='word_1_303' title='bbox 639 3938 801 4018; x_wconf 86' lang='lat' dir='ltr'><strong>Stephano</strong></span> <span class='ocrx_word' id='word_1_304' title='bbox 814 3953 872 4016; x_wconf 89' lang='lat' dir='ltr'><strong>pro</strong></span> <span class='ocrx_word' id='word_1_305' title='bbox 890 3928 1004 4006; x_wconf 75' lang='lat' dir='ltr'><strong>Belloi</strong></span> <span class='ocrx_word' id='word_1_306' title='bbox 1021 3934 1162 3998; x_wconf 86' lang='lat' dir='ltr'><strong>Hollieu.</strong></span> 
     </span>
     <span class='ocr_line' id='line_1_36' title="bbox 131 4029 1164 4121; baseline 0.001 -24"><span class='ocrx_word' id='word_1_307' title='bbox 131 4055 163 4116; x_wconf 90' lang='lat' dir='ltr'><strong>p.</strong></span> <span class='ocrx_word' id='word_1_308' title='bbox 182 4037 241 4098; x_wconf 76' lang='grc' dir='ltr'><strong>δι.</strong></span> <span class='ocrx_word' id='word_1_309' title='bbox 268 4051 301 4097; x_wconf 87' lang='lat' dir='ltr'><strong>et</strong></span> <span class='ocrx_word' id='word_1_310' title='bbox 315 4039 348 4096; x_wconf 91' lang='lat' dir='ltr'><strong>in</strong></span> <span class='ocrx_word' id='word_1_311' title='bbox 363 4037 431 4121; x_wconf 87' lang='lat' dir='ltr'><strong>ipio</strong></span> <span class='ocrx_word' id='word_1_312' title='bbox 445 4039 606 4118; x_wconf 82' lang='lat' dir='ltr'><strong>Stephano</strong></span> <span class='ocrx_word' id='word_1_313' title='bbox 623 4039 784 4100; x_wconf 87' lang='lat' dir='ltr'><strong>invenitur</strong></span> <span class='ocrx_word' id='word_1_314' title='bbox 799 4035 818 4096; x_wconf 87' lang='lat' dir='ltr'><strong>i.</strong></span> <span class='ocrx_word' id='word_1_315' title='bbox 836 4055 869 4098; x_wconf 81' lang='lat' dir='ltr'><strong>v.</strong></span> <span class='ocrx_word' id='word_1_316' title='bbox 884 4029 1004 4112; x_wconf 67' lang='lat' dir='ltr'><strong>‘Pina</strong></span> <span class='ocrx_word' id='word_1_317' title='bbox 1038 4037 1164 4098; x_wconf 80' lang='lat' dir='ltr'><strong>Plinius</strong></span> 
     </span>
     <span class='ocr_line' id='line_1_37' title="bbox 131 4135 1164 4224; baseline 0.002 -26"><span class='ocrx_word' id='word_1_318' title='bbox 131 4155 159 4202; x_wconf 84' lang='lat' dir='ltr'><strong>c.</strong></span> <span class='ocrx_word' id='word_1_319' title='bbox 181 4137 203 4200; x_wconf 94' lang='lat' dir='ltr'><strong>l.</strong></span> <span class='ocrx_word' id='word_1_320' title='bbox 229 4137 359 4223; x_wconf 80' lang='lat' dir='ltr'><strong>bugnl&#39;ti</strong></span> <span class='ocrx_word' id='word_1_321' title='bbox 374 4139 531 4211; x_wconf 71' lang='lat' dir='ltr'><strong>coloniam</strong></span> <span class='ocrx_word' id='word_1_322' title='bbox 549 4141 636 4213; x_wconf 80' lang='lat' dir='ltr'><strong>dicit.</strong></span> <span class='ocrx_word' id='word_1_323' title='bbox 662 4159 739 4224; x_wconf 82' lang='lat' dir='ltr'><strong>qnae</strong></span> <span class='ocrx_word' id='word_1_324' title='bbox 757 4139 834 4200; x_wconf 89' lang='lat' dir='ltr'><strong>iulia</strong></span> <span class='ocrx_word' id='word_1_325' title='bbox 849 4135 1040 4220; x_wconf 78' lang='lat' dir='ltr'><strong>Campestris</strong></span> <span class='ocrx_word' id='word_1_326' title='bbox 1052 4135 1089 4198; x_wconf 87' lang='lat' dir='ltr'><strong>lit</strong></span> <span class='ocrx_word' id='word_1_327' title='bbox 1107 4157 1164 4200; x_wconf 91' lang='lat' dir='ltr'><strong>no·</strong></span> 
     </span>
    </p>
   </div>
   <div class='ocr_carea' id='block_1_5' title="bbox 0 0 1468 4940">
    <p class='ocr_par' dir='ltr' id='par_1_6' title="bbox 0 0 1468 4940">
     <span class='ocr_line' id='line_1_38' title="bbox 0 0 1468 4940; baseline 0 0"><span class='ocrx_word' id='word_1_328' title='bbox 0 0 1468 4940; x_wconf 95' lang='lat' dir='ltr'><strong> </strong></span> 
     </span>
    </p>
   </div>
  </div>
 </body>
</html>
