2784 4944
349 449 439 506 mn
467 451 504 506 n.
556 449 589 506 a
609 449 647 510 r.
689 449 771 520 se·
1024 465 1087 532 593

76 619 173 684 diverse
203 621 280 686 haec
306 621 341 684 sit
368 621 469 686 sorme
494 623 533 686 ab
565 623 686 706 usuque
711 623 860 707 probate,
899 644 978 708 qnae
1006 625 1089 690 hanc

76 723 186 784 nostram
202 745 269 788 nan
290 727 435 798 adiurat,
470 727 586 789 meliue
602 726 644 788 esi
659 747 732 788 cum
754 727 914 810 plerieque
935 729 1024 790 librie
1047 723 1087 794 τὸ

77 825 102 882 in
116 829 263 892 omittere.
315 827 390 892 Post
412 828 587 912 slehdiger.
610 827 748 902 allatos:
773 828 912 894 vindob.
931 829 1089 902 dirrimies

76 925 166 992 senet.
187 929 349 1004 adducto:
373 931 463 1016 Prag.
484 931 616 993 ridicule
636 927 678 992 ab
699 941 782 994 octo.

135 1133 206 1194 lrae
231 1132 403 1217 inerat)
444 1133 618 1218 Rehdiger.
638 1134 723 1196 hane
745 1135 858 1198 intrat.
885 1155 1089 1200 mererere.

75 1231 261 1298 scribendum
287 1255 376 1298 reor:
417 1235 501 1296 lianc
526 1237 649 1309 intrat,
680 1236 742 1300 hoc
768 1235 811 1298 eil
838 1237 1089 1310 Narbonensem,

76 1336 141 1412 quod
161 1339 269 1399 innuit
289 1339 419 1402 Strabo:
450 1334 505 1424 [1,.
525 1357 557 1420 p.
578 1359 623 1400 m.
648 1336 763 1418 ¹3¹·s·
785 1331 887 1425 189.]
928 1338 1090 1420 Deinceps

76 1435 105 1492 de
125 1441 289 1522 Aquitanis
316 1453 347 1501 et
374 1439 413 1500 de
437 1437 605 1502 attributis
627 1439 689 1501 illis
714 1438 860 1520 gentibus
884 1439 1014 1502 Gallicis
1034 1461 1089 1500 nn·

76 1557 140 1599 nero
153 1543 222 1604 xlv
237 1541 405 1602 dicendum
427 1539 485 1634 est,
508 1563 590 1624 quae
604 1543 688 1602 inter
706 1542 901 1604 Garumnam
915 1555 946 1604 et
961 1541 1090 1624 Ligerin

75 1637 217 1713 salitam,
245 1642 418 1726 exquibus
440 1643 609 1704 nonnullae
623 1643 779 1704 Rhodani
800 1645 908 1704 amnis
927 1635 1091 1732 affirmant

75 1745 202 1820 regionem
220 1767 413 1830 camposque
427 1737 668 1836 Narbonensem
700 1757 732 1806 et
749 1743 860 1808 Caeser
875 1747 909 1806 in
926 1763 1091 1807 commen·

75 1845 139 1906 seriis
158 1841 217 1932 [de
233 1849 273 1908 B.
292 1847 332 1910 G.
359 1867 387 1918 ι,
411 1841 467 1932 m]
493 1847 560 1908 lacu
584 1848 726 1909 Lemana
750 1861 782 1908 et
806 1847 964 1910 Rhodano
988 1847 1089 1908 slavia

75 1941 255 2010 Provinciam
273 1949 494 2010 Rornanorum
518 1947 557 2009 ab
577 1949 714 2011 Elretiie
734 1947 841 2010 dirimi
863 1949 918 2010 eit.
955 1967 1091 2010 emme·

77 2061 133 2109 sve.
178 2051 377 2112 Redundent
396 2049 472 2112 hoec
491 2049 596 2112 verba.
623 2069 830 2113 crocconrve.
878 2049 955 2111 Hac
977 2051 1089 2120 intrat,
1219 2077 1223 2092 ·

75 2149 183 2229 etpost:
216 2153 358 2232 ingentis
378 2151 497 2234 alioqui
517 2153 602 2212 alvei
623 2165 731 2212 tenens
755 2131 917 2236 enpungo.
956 2151 1091 2212 Alibra·

76 2249 116 2308 riis
128 2255 209 2314 enim
227 2253 453 2337 intempestive
469 2251 585 2314 intrusa
604 2251 675 2314 sunt
689 2273 728 2314 ex
746 2251 881 2316 scholiis.
910 2271 1090 2316 acrior'rre.

77 2347 162 2414 Libri:
190 2347 296 2445 Cursu
316 2357 349 2416 in
369 2355 524 2416 meridiem
545 2353 687 2416 addrecto
707 2355 770 2414 lena
787 2355 901 2418 intrat.
944 2353 1022 2416 Hac
1045 2355 1091 2415 in·

75 2461 141 2526 trae,
166 2459 196 2518 id
219 2458 265 2520 est
287 2459 321 2518 in
343 2456 484 2518 nosimm
507 2477 593 2518 mere
608 2455 723 2518 essluit.
776 2455 839 2520 Sed
860 2456 1018 2518 redundat
1038 2455 1092 2516 hic

75 2571 179 2637 quoque
197 2559 285 2619 Mela
301 2571 333 2620 et
350 2559 399 2620 bie
415 2559 501 2619 idem
518 2559 605 2619 dicit.
641 2557 809 2620 Pintianue
826 2576 894 2619 non
910 2557 1093 2618 malesane

75 2651 143 2736 legit,
164 2675 194 2720 et
214 2663 441 2742 interpretetur
461 2657 712 2722 Narbonensem.
739 2677 880 2723 voeerve.
933 2659 1094 2720 Vadionue

75 2759 326 2844 eriam-explicet,
353 2763 520 2822 meridiem
538 2759 644 2824 versus
660 2761 806 2824 elabitur.
858 2761 900 2823 At
918 2771 989 2820 tum
1006 2757 1093 2822 Mela

76 2861 182 2924 moselle
202 2863 292 2924 idem
312 2863 359 2924 bie
381 2863 471 2932 dixit,
503 2863 591 2945 quod
614 2877 646 2922 et
669 2863 748 2925 nlioe
768 2873 924 2931 moverat,
958 2875 994 2920 ur
1016 2859 1094 2924 haec

75 2961 151 3022 verba
171 2965 282 3027 tollere
310 2963 485 3026 suaderent.
549 2965 635 3025 Tum
659 2964 777 3025 intrare
799 2981 956 3044 nunquam
978 2963 1021 3022 ita
1042 2960 1094 3022 ad·

76 3057 147 3122 hibet
165 3065 259 3136 Mese,
285 3085 354 3136 nec,
376 3067 447 3146 quia
465 3067 498 3124 in
514 3063 716 3148 sequentibus
731 3064 856 3127 cursum
875 3063 966 3126 fluvii
983 3059 1094 3125 descri-

75 3157 111 3220 bit
123 3167 156 3225 ad
172 3187 258 3229 mare
275 3169 447 3238 tendentia,
472 3167 511 3226 sic
526 3167 677 3228 adhibere
698 3167 809 3248 potesl.
860 3165 994 3228 Rectiue
1014 3183 1093 3226 vero

75 3259 136 3326 inec
154 3266 335 3330 reseruntur
356 3271 394 3330 ed
416 3267 512 3330 verba
539 3268 661 3330 Gallias
679 3267 822 3340 dirimit,
856 3267 942 3348 quod
963 3265 1002 3326 ab
1019 3267 1094 3328 Hel·

75 3367 217 3430 veriorum
234 3385 325 3454 parte
344 3371 410 3432 fieri
426 3371 522 3430 docet
536 3371 632 3432 etiam
650 3367 760 3432 Caesar
778 3389 804 3430 c.
827 3370 848 3430 Ι.
903 3369 1005 3452 Igitur
1027 3369 1093 3430 duo

77 3461 131 3526 sunt
146 3469 196 3532 hic
212 3471 387 3554 spectanda,
409 3471 560 3553 quaesibi
578 3473 719 3534 invicem
737 3471 955 3554 obponunmr,
972 3467 1096 3530 Gallias

76 3565 207 3641 dirimere,
232 3587 265 3634 et
284 3575 355 3642 hac,
379 3574 400 3634 i.
418 3593 445 3634 e.
471 3573 526 3633 ubi
543 3573 579 3634 ad
598 3573 766 3634 meridiem
781 3573 877 3642 flexit,
905 3569 1030 3632 Gallias
1049 3569 1096 3631 in·

77 3679 156 3742 trare,
178 3674 263 3756 quod
284 3674 336 3756 hic
350 3673 389 3734 ad
410 3675 478 3736 eiua
499 3689 622 3756 partem
641 3671 881 3736 Narbonensem
897 3685 1003 3754 aperte
1027 3689 1095 3754 per·

77 3769 152 3835 tinet.
204 3773 279 3836 Noa
304 3775 402 3861 igitur
423 3773 543 3838 necesse
568 3775 628 3848 est,
663 3775 715 3838 vel
736 3775 920 3846 excludere,
950 3773 1003 3836 vel
1027 3769 1095 3834 sub·

78 3867 184 3938 siluere
205 3878 289 3938 eane
311 3879 427 3940 inerat.

142 4075 232 4142 Vol
244 4079 355 4164 eas)
404 4077 499 4145 Paris.
525 4099 556 4146 e.
587 4081 701 4144 Venet.
732 4079 860 4155 valeam
897 4075 981 4164 Lips.
1008 4079 1096 4142 inens

82 4171 203 4255 Veliam
227 4183 401 4270 slehdiger.
424 4183 541 4248 nascar.
581 4183 655 4248 Posi
677 4183 776 4247 Vetic.
794 4195 827 4264 3.
844 4181 939 4246 Paris.
960 4199 993 4248 2.
1017 4185 1095 4246 Ven.
