<?xml version="1.0" encoding="UTF-8"?>
<!DOCTYPE html PUBLIC "-//W3C//DTD XHTML 1.0 Transitional//EN"
    "http://www.w3.org/TR/xhtml1/DTD/xhtml1-transitional.dtd">
<html xmlns="http://www.w3.org/1999/xhtml" xml:lang="en" lang="en">
 <head>
  <title>
</title>
<meta http-equiv="Content-Type" content="text/html;charset=utf-8" />
  <meta name='ocr-system' content='tesseract 3.04.00' />
  <meta name='ocr-capabilities' content='ocr_page ocr_carea ocr_par ocr_line ocrx_word'/>
</head>
<body>
  <div class='ocr_page' id='page_1' title='image "./pomponiimelaede05melagoog_0442.png"; bbox 0 0 2810 4944; ppageno 0'>
   <div class='ocr_carea' id='block_1_1' title="bbox 308 391 1063 471">
    <p class='ocr_par' dir='ltr' id='par_1_1' title="bbox 308 391 1063 471">
     <span class='ocr_line' id='line_1_1' title="bbox 308 391 1063 471; baseline -0.003 -21"><span class='ocrx_word' id='word_1_1' title='bbox 308 391 372 471; x_wconf 67' lang='lat'>..36</span> <span class='ocrx_word' id='word_1_2' title='bbox 606 393 857 451; x_wconf 81' lang='lat' dir='ltr'>ronronn</span> <span class='ocrx_word' id='word_1_3' title='bbox 896 393 1063 450; x_wconf 73' lang='lat' dir='ltr'>necao</span> 
     </span>
    </p>
   </div>
   <div class='ocr_carea' id='block_1_2' title="bbox 209 561 1373 3108">
    <p class='ocr_par' dir='ltr' id='par_1_2' title="bbox 209 561 1373 3108">
     <span class='ocr_line' id='line_1_2' title="bbox 308 561 1370 666; baseline 0.003 -31"><span class='ocrx_word' id='word_1_4' title='bbox 308 569 528 636; x_wconf 73' lang='lat' dir='ltr'>Alexandrian</span> <span class='ocrx_word' id='word_1_5' title='bbox 550 569 643 632; x_wconf 83' lang='lat' dir='ltr'>novis</span> <span class='ocrx_word' id='word_1_6' title='bbox 669 561 840 662; x_wconf 79' lang='lat' dir='ltr'><em>Dertosam</em></span> <span class='ocrx_word' id='word_1_7' title='bbox 861 571 989 650; x_wconf 77' lang='lat' dir='ltr'><em>appulit</em></span> <span class='ocrx_word' id='word_1_8' title='bbox 1012 571 1111 633; x_wconf 83' lang='lat' dir='ltr'>armis</span> <span class='ocrx_word' id='word_1_9' title='bbox 1130 569 1256 666; x_wconf 72' lang='lat' dir='ltr'>ornfia.</span> <span class='ocrx_word' id='word_1_10' title='bbox 1292 575 1370 639; x_wconf 79' lang='lat' dir='ltr'>Ex·</span> 
     </span>
     <span class='ocr_line' id='line_1_3' title="bbox 308 666 1368 764; baseline 0.003 -28"><span class='ocrx_word' id='word_1_11' title='bbox 308 677 368 736; x_wconf 86' lang='lat' dir='ltr'>cuii</span> <span class='ocrx_word' id='word_1_12' title='bbox 393 677 481 735; x_wconf 86' lang='lat' dir='ltr'>enim</span> <span class='ocrx_word' id='word_1_13' title='bbox 502 666 799 764; x_wconf 82' lang='lat' dir='ltr'>hactenuedetorsa</span> <span class='ocrx_word' id='word_1_14' title='bbox 820 672 941 734; x_wconf 80' lang='lat' dir='ltr'>vitiose.</span> <span class='ocrx_word' id='word_1_15' title='bbox 977 693 1152 738; x_wconf 78' lang='lat' dir='ltr'>tctro&#39;c‘rve.</span> <span class='ocrx_word' id='word_1_16' title='bbox 1208 679 1245 738; x_wconf 89' lang='lat' dir='ltr'>ln</span> <span class='ocrx_word' id='word_1_17' title='bbox 1267 699 1368 741; x_wconf 86' lang='lat' dir='ltr'>erro-</span> 
     </span>
     <span class='ocr_line' id='line_1_4' title="bbox 308 766 1369 867; baseline 0.006 -30"><span class='ocrx_word' id='word_1_18' title='bbox 308 799 375 838; x_wconf 88' lang='lat' dir='ltr'>rem</span> <span class='ocrx_word' id='word_1_19' title='bbox 399 777 565 836; x_wconf 76' lang='lat' dir='ltr'>induxerat</span> <span class='ocrx_word' id='word_1_20' title='bbox 587 775 730 836; x_wconf 80' lang='lat' dir='ltr'>librerioe</span> <span class='ocrx_word' id='word_1_21' title='bbox 751 777 939 856; x_wconf 79' lang='lat' dir='ltr'>praecedent</span> <span class='ocrx_word' id='word_1_22' title='bbox 954 766 1068 867; x_wconf 70' lang='lat' dir='ltr'>fitrrer.</span> <span class='ocrx_word' id='word_1_23' title='bbox 1096 781 1146 838; x_wconf 86' lang='lat' dir='ltr'>cui</span> <span class='ocrx_word' id='word_1_24' title='bbox 1169 793 1241 861; x_wconf 84' lang='lat' dir='ltr'>apte</span> <span class='ocrx_word' id='word_1_25' title='bbox 1261 796 1369 860; x_wconf 77' lang='lat' dir='ltr'>puta·</span> 
     </span>
     <span class='ocr_line' id='line_1_5' title="bbox 308 867 1367 966; baseline 0.005 -27"><span class='ocrx_word' id='word_1_26' title='bbox 308 892 380 942; x_wconf 86' lang='lat' dir='ltr'>rent</span> <span class='ocrx_word' id='word_1_27' title='bbox 395 877 584 960; x_wconf 80' lang='lat' dir='ltr'>respondere</span> <span class='ocrx_word' id='word_1_28' title='bbox 600 867 753 966; x_wconf 79' lang='lat' dir='ltr'>deorsum.</span> <span class='ocrx_word' id='word_1_29' title='bbox 775 879 822 936; x_wconf 86' lang='lat' dir='ltr'>uti</span> <span class='ocrx_word' id='word_1_30' title='bbox 843 897 915 938; x_wconf 85' lang='lat' dir='ltr'>vere</span> <span class='ocrx_word' id='word_1_31' title='bbox 934 877 986 938; x_wconf 83' lang='lat' dir='ltr'>iste</span> <span class='ocrx_word' id='word_1_32' title='bbox 1001 879 1212 960; x_wconf 85' lang='lat' dir='ltr'>obpouuntur</span> <span class='ocrx_word' id='word_1_33' title='bbox 1225 878 1367 962; x_wconf 86' lang='lat' dir='ltr'>paffim,</span> 
     </span>
     <span class='ocr_line' id='line_1_6' title="bbox 308 981 1371 1063; baseline 0.003 -21"><span class='ocrx_word' id='word_1_34' title='bbox 308 982 389 1063; x_wconf 85' lang='lat' dir='ltr'>apud</span> <span class='ocrx_word' id='word_1_35' title='bbox 416 981 542 1042; x_wconf 85' lang='lat' dir='ltr'>Gruter.</span> <span class='ocrx_word' id='word_1_36' title='bbox 566 981 597 1040; x_wconf 89' lang='lat' dir='ltr'>in</span> <span class='ocrx_word' id='word_1_37' title='bbox 622 999 717 1040; x_wconf 80' lang='lat' dir='ltr'>aenea</span> <span class='ocrx_word' id='word_1_38' title='bbox 742 981 845 1040; x_wconf 79' lang='lat' dir='ltr'>tabula</span> <span class='ocrx_word' id='word_1_39' title='bbox 877 1001 908 1060; x_wconf 87' lang='lat' dir='ltr'>p.</span> <span class='ocrx_word' id='word_1_40' title='bbox 934 991 1016 1058; x_wconf 74' lang='lat'>204.</span> <span class='ocrx_word' id='word_1_41' title='bbox 1055 1011 1095 1022; x_wconf 95' lang='lat'><em>-</em></span> <span class='ocrx_word' id='word_1_42' title='bbox 1151 983 1218 1043; x_wconf 87' lang='lat' dir='ltr'>Nec</span> <span class='ocrx_word' id='word_1_43' title='bbox 1240 984 1274 1043; x_wconf 90' lang='lat' dir='ltr'>id</span> <span class='ocrx_word' id='word_1_44' title='bbox 1304 986 1371 1047; x_wconf 87' lang='lat' dir='ltr'>ab·</span> 
     </span>
     <span class='ocr_line' id='line_1_7' title="bbox 309 1077 1369 1167; baseline 0.003 -24"><span class='ocrx_word' id='word_1_45' title='bbox 309 1084 416 1144; x_wconf 81' lang='lat' dir='ltr'>horret</span> <span class='ocrx_word' id='word_1_46' title='bbox 436 1083 473 1142; x_wconf 85' lang='lat' dir='ltr'>ab</span> <span class='ocrx_word' id='word_1_47' title='bbox 497 1083 625 1141; x_wconf 87' lang='lat' dir='ltr'>iiiorom</span> <span class='ocrx_word' id='word_1_48' title='bbox 648 1077 894 1150; x_wconf 84' lang='lat' dir='ltr'>cousuetudine,</span> <span class='ocrx_word' id='word_1_49' title='bbox 927 1102 986 1163; x_wconf 82' lang='lat' dir='ltr'>que</span> <span class='ocrx_word' id='word_1_50' title='bbox 1011 1080 1098 1164; x_wconf 79' lang='lat' dir='ltr'>saepe</span> <span class='ocrx_word' id='word_1_51' title='bbox 1121 1086 1252 1146; x_wconf 81' lang='lat' dir='ltr'>nomina</span> <span class='ocrx_word' id='word_1_52' title='bbox 1277 1107 1369 1167; x_wconf 84' lang='lat' dir='ltr'>pro-</span> 
     </span>
     <span class='ocr_line' id='line_1_8' title="bbox 307 1185 1369 1269; baseline 0.008 -26"><span class='ocrx_word' id='word_1_53' title='bbox 307 1187 373 1267; x_wconf 84' lang='lat' dir='ltr'>pria</span> <span class='ocrx_word' id='word_1_54' title='bbox 397 1186 430 1244; x_wconf 89' lang='lat' dir='ltr'>in</span> <span class='ocrx_word' id='word_1_55' title='bbox 451 1185 638 1266; x_wconf 80' lang='lat' dir='ltr'>adpeiiotira</span> <span class='ocrx_word' id='word_1_56' title='bbox 660 1196 713 1242; x_wconf 86' lang='lat' dir='ltr'>aut</span> <span class='ocrx_word' id='word_1_57' title='bbox 735 1185 898 1264; x_wconf 75' lang='lat' dir='ltr'>particulae</span> <span class='ocrx_word' id='word_1_58' title='bbox 921 1197 1061 1254; x_wconf 82' lang='lat' dir='ltr'>mutant.</span> <span class='ocrx_word' id='word_1_59' title='bbox 1089 1189 1180 1248; x_wconf 83' lang='lat' dir='ltr'>cuine</span> <span class='ocrx_word' id='word_1_60' title='bbox 1200 1192 1369 1269; x_wconf 75' lang='lat' dir='ltr'>exempla</span> 
     </span>
     <span class='ocr_line' id='line_1_9' title="bbox 307 1285 1372 1380; baseline 0.003 -32"><span class='ocrx_word' id='word_1_61' title='bbox 307 1287 437 1370; x_wconf 79' lang='lat' dir='ltr'>adposui</span> <span class='ocrx_word' id='word_1_62' title='bbox 459 1286 495 1345; x_wconf 86' lang='lat' dir='ltr'>ad</span> <span class='ocrx_word' id='word_1_63' title='bbox 523 1303 554 1354; x_wconf 81' lang='lat'>2.</span> <span class='ocrx_word' id='word_1_64' title='bbox 574 1299 606 1360; x_wconf 70' lang='lat'>3.</span> <span class='ocrx_word' id='word_1_65' title='bbox 631 1304 659 1346; x_wconf 85' lang='lat' dir='ltr'>t.</span> <span class='ocrx_word' id='word_1_66' title='bbox 683 1285 716 1344; x_wconf 90' lang='lat' dir='ltr'>in</span> <span class='ocrx_word' id='word_1_67' title='bbox 742 1305 821 1348; x_wconf 81' lang='lat' dir='ltr'>voce</span> <span class='ocrx_word' id='word_1_68' title='bbox 845 1287 972 1348; x_wconf 78' lang='lat' dir='ltr'><em>Peneus.</em></span> <span class='ocrx_word' id='word_1_69' title='bbox 1027 1289 1066 1347; x_wconf 78' lang='lat' dir='ltr'>At</span> <span class='ocrx_word' id='word_1_70' title='bbox 1089 1303 1175 1348; x_wconf 87' lang='lat' dir='ltr'>recte</span> <span class='ocrx_word' id='word_1_71' title='bbox 1196 1291 1372 1380; x_wconf 81' lang='lat' dir='ltr'>viderunt</span> 
     </span>
     <span class='ocr_line' id='line_1_10' title="bbox 306 1387 1368 1466; baseline 0.005 -18"><span class='ocrx_word' id='word_1_72' title='bbox 306 1389 393 1448; x_wconf 87' lang='lat' dir='ltr'>docti</span> <span class='ocrx_word' id='word_1_73' title='bbox 418 1389 496 1466; x_wconf 85' lang='lat' dir='ltr'>viri,</span> <span class='ocrx_word' id='word_1_74' title='bbox 523 1389 564 1447; x_wconf 85' lang='lat' dir='ltr'>ita</span> <span class='ocrx_word' id='word_1_75' title='bbox 583 1387 661 1448; x_wconf 91' lang='lat' dir='ltr'>mire</span> <span class='ocrx_word' id='word_1_76' title='bbox 684 1388 812 1448; x_wconf 89' lang='lat' dir='ltr'>urbium</span> <span class='ocrx_word' id='word_1_77' title='bbox 835 1389 928 1448; x_wconf 81' lang='lat' dir='ltr'>suum</span> <span class='ocrx_word' id='word_1_78' title='bbox 951 1389 1086 1457; x_wconf 85' lang='lat' dir='ltr'>turbari.</span> <span class='ocrx_word' id='word_1_79' title='bbox 1119 1409 1193 1450; x_wconf 87' lang='lat' dir='ltr'>curn</span> <span class='ocrx_word' id='word_1_80' title='bbox 1212 1392 1368 1456; x_wconf 85' lang='lat' dir='ltr'>Tarraco</span> 
     </span>
     <span class='ocr_line' id='line_1_11' title="bbox 306 1489 1370 1572; baseline 0.004 -20"><span class='ocrx_word' id='word_1_81' title='bbox 306 1491 345 1552; x_wconf 85' lang='lat' dir='ltr'>ab</span> <span class='ocrx_word' id='word_1_82' title='bbox 371 1491 461 1552; x_wconf 87' lang='lat' dir='ltr'>ibero</span> <span class='ocrx_word' id='word_1_83' title='bbox 486 1491 573 1553; x_wconf 84' lang='lat' dir='ltr'>diiiet</span> <span class='ocrx_word' id='word_1_84' title='bbox 593 1491 730 1571; x_wconf 75' lang='lat' dir='ltr'>arripiiue</span> <span class='ocrx_word' id='word_1_85' title='bbox 751 1492 810 1569; x_wconf 80' lang='lat'>36.</span> <span class='ocrx_word' id='word_1_86' title='bbox 840 1489 884 1550; x_wconf 81' lang='lat' dir='ltr'>M.</span> <span class='ocrx_word' id='word_1_87' title='bbox 912 1491 948 1552; x_wconf 91' lang='grc' dir='ltr'>Ρ.</span> <span class='ocrx_word' id='word_1_88' title='bbox 969 1505 1156 1572; x_wconf 84' lang='lat' dir='ltr'>tantumque</span> <span class='ocrx_word' id='word_1_89' title='bbox 1179 1491 1274 1562; x_wconf 78' lang='lat' dir='ltr'>abitt.</span> <span class='ocrx_word' id='word_1_90' title='bbox 1322 1509 1370 1556; x_wconf 92' lang='lat' dir='ltr'>ut</span> 
     </span>
     <span class='ocr_line' id='line_1_12' title="bbox 209 1586 1370 1676; baseline 0.002 -20"><span class='ocrx_word' id='word_1_91' title='bbox 209 1586 214 1595; x_wconf 52' lang='lat'><strong>¹</strong></span> <span class='ocrx_word' id='word_1_92' title='bbox 305 1593 344 1656; x_wconf 85' lang='lat' dir='ltr'>ab</span> <span class='ocrx_word' id='word_1_93' title='bbox 371 1595 426 1655; x_wconf 89' lang='lat' dir='ltr'>illo</span> <span class='ocrx_word' id='word_1_94' title='bbox 452 1595 573 1676; x_wconf 78' lang='lat' dir='ltr'>adtingi</span> <span class='ocrx_word' id='word_1_95' title='bbox 602 1588 707 1674; x_wconf 83' lang='lat' dir='ltr'>poffit.</span> <span class='ocrx_word' id='word_1_96' title='bbox 759 1591 950 1652; x_wconf 82' lang='lat' dir='ltr'>&#39;i&#39;urnebum</span> <span class='ocrx_word' id='word_1_97' title='bbox 983 1593 1080 1676; x_wconf 83' lang='lat' dir='ltr'>igitur</span> <span class='ocrx_word' id='word_1_98' title='bbox 1110 1593 1163 1654; x_wconf 86' lang='lat' dir='ltr'>etii</span> <span class='ocrx_word' id='word_1_99' title='bbox 1194 1592 1370 1676; x_wconf 78' lang='lat' dir='ltr'>subpressa</span> 
     </span>
     <span class='ocr_line' id='line_1_13' title="bbox 304 1693 1371 1778; baseline -0.002 -20"><span class='ocrx_word' id='word_1_100' title='bbox 304 1699 375 1758; x_wconf 82' lang='lat' dir='ltr'>eius</span> <span class='ocrx_word' id='word_1_101' title='bbox 401 1698 567 1757; x_wconf 76' lang='lat' dir='ltr'>mentione</span> <span class='ocrx_word' id='word_1_102' title='bbox 600 1695 773 1774; x_wconf 81' lang='lat' dir='ltr'>probarunt</span> <span class='ocrx_word' id='word_1_103' title='bbox 799 1693 998 1776; x_wconf 73' lang='lat' dir='ltr'>Stephanus,</span> <span class='ocrx_word' id='word_1_104' title='bbox 1032 1697 1175 1756; x_wconf 83' lang='lat' dir='ltr'>Sanctius</span> <span class='ocrx_word' id='word_1_105' title='bbox 1201 1697 1234 1755; x_wconf 88' lang='lat' dir='ltr'>in</span> <span class='ocrx_word' id='word_1_106' title='bbox 1263 1719 1371 1778; x_wconf 79' lang='lat' dir='ltr'>prae-</span> 
     </span>
     <span class='ocr_line' id='line_1_14' title="bbox 305 1794 1368 1878; baseline -0.002 -18"><span class='ocrx_word' id='word_1_107' title='bbox 305 1797 424 1860; x_wconf 81' lang='lat' dir='ltr'>fatione</span> <span class='ocrx_word' id='word_1_108' title='bbox 440 1799 477 1857; x_wconf 82' lang='lat' dir='ltr'>ad</span> <span class='ocrx_word' id='word_1_109' title='bbox 497 1797 632 1864; x_wconf 80' lang='lat' dir='ltr'>Melam.</span> <span class='ocrx_word' id='word_1_110' title='bbox 660 1795 697 1858; x_wconf 89' lang='lat' dir='ltr'>P.</span> <span class='ocrx_word' id='word_1_111' title='bbox 713 1797 752 1855; x_wconf 85' lang='lat' dir='ltr'>de</span> <span class='ocrx_word' id='word_1_112' title='bbox 769 1795 872 1855; x_wconf 80' lang='lat' dir='ltr'>Merca</span> <span class='ocrx_word' id='word_1_113' title='bbox 889 1797 922 1855; x_wconf 91' lang='lat' dir='ltr'>in</span> <span class='ocrx_word' id='word_1_114' title='bbox 942 1795 1045 1856; x_wconf 80' lang='lat' dir='ltr'>Merca</span> <span class='ocrx_word' id='word_1_115' title='bbox 1063 1794 1190 1878; x_wconf 82' lang='lat' dir='ltr'>Hispan.</span> <span class='ocrx_word' id='word_1_116' title='bbox 1210 1813 1241 1862; x_wconf 82' lang='lat'>2.</span> <span class='ocrx_word' id='word_1_117' title='bbox 1262 1811 1300 1876; x_wconf 78' lang='grc'>8,</span> <span class='ocrx_word' id='word_1_118' title='bbox 1327 1815 1368 1878; x_wconf 76' lang='lat'>3.</span> 
     </span>
     <span class='ocr_line' id='line_1_15' title="bbox 305 1899 1371 1984; baseline 0 -23"><span class='ocrx_word' id='word_1_119' title='bbox 305 1923 337 1984; x_wconf 89' lang='lat' dir='ltr'>p.</span> <span class='ocrx_word' id='word_1_120' title='bbox 360 1921 403 1961; x_wconf 89' lang='lat' dir='ltr'>m.</span> <span class='ocrx_word' id='word_1_121' title='bbox 432 1915 512 1969; x_wconf 65' lang='lat'>127.</span> <span class='ocrx_word' id='word_1_122' title='bbox 542 1913 573 1958; x_wconf 88' lang='lat' dir='ltr'>et</span> <span class='ocrx_word' id='word_1_123' title='bbox 596 1899 664 1956; x_wconf 87' lang='lat' dir='ltr'>iure</span> <span class='ocrx_word' id='word_1_124' title='bbox 685 1911 869 1978; x_wconf 86' lang='lat' dir='ltr'>receperunt</span> <span class='ocrx_word' id='word_1_125' title='bbox 891 1899 1045 1968; x_wconf 82' lang='lat' dir='ltr'>editores,</span> <span class='ocrx_word' id='word_1_126' title='bbox 1078 1899 1133 1958; x_wconf 75' lang='lat' dir='ltr'>etsi</span> <span class='ocrx_word' id='word_1_127' title='bbox 1157 1900 1371 1966; x_wconf 67' lang='lat' dir='ltr'>ciacconius</span> 
     </span>
     <span class='ocr_line' id='line_1_16' title="bbox 305 1989 1372 2089; baseline 0.004 -27"><span class='ocrx_word' id='word_1_128' title='bbox 305 2001 441 2062; x_wconf 83' lang='lat' dir='ltr'>malebat</span> <span class='ocrx_word' id='word_1_129' title='bbox 463 1989 602 2089; x_wconf 82' lang='lat' dir='ltr'>dorsum.</span> <span class='ocrx_word' id='word_1_130' title='bbox 641 2001 784 2058; x_wconf 81' lang='lat' dir='ltr'>Eandem</span> <span class='ocrx_word' id='word_1_131' title='bbox 805 1999 949 2060; x_wconf 75' lang='lat' dir='ltr'>&#39;stirnehi</span> <span class='ocrx_word' id='word_1_132' title='bbox 971 2001 1202 2061; x_wconf 79' lang='lat' dir='ltr'>correctionem</span> <span class='ocrx_word' id='word_1_133' title='bbox 1221 2002 1256 2060; x_wconf 89' lang='lat' dir='ltr'>in</span> <span class='ocrx_word' id='word_1_134' title='bbox 1273 2004 1372 2066; x_wconf 83' lang='lat' dir='ltr'>Sue·</span> 
     </span>
     <span class='ocr_line' id='line_1_17' title="bbox 305 2101 1368 2182; baseline -0.001 -18"><span class='ocrx_word' id='word_1_135' title='bbox 305 2105 397 2164; x_wconf 90' lang='lat' dir='ltr'>tonio</span> <span class='ocrx_word' id='word_1_136' title='bbox 431 2101 535 2182; x_wconf 87' lang='lat' dir='ltr'>postea</span> <span class='ocrx_word' id='word_1_137' title='bbox 568 2101 771 2160; x_wconf 85' lang='lat' dir='ltr'>confirmavit</span> <span class='ocrx_word' id='word_1_138' title='bbox 803 2103 945 2182; x_wconf 82' lang='lat' dir='ltr'>optimus</span> <span class='ocrx_word' id='word_1_139' title='bbox 978 2105 1079 2161; x_wconf 87' lang='lat' dir='ltr'>codex</span> <span class='ocrx_word' id='word_1_140' title='bbox 1115 2101 1368 2179; x_wconf 77' lang='lat' dir='ltr'>Memmianns,</span> 
     </span>
     <span class='ocr_line' id='line_1_18' title="bbox 306 2202 1370 2286; baseline 0 -21"><span class='ocrx_word' id='word_1_141' title='bbox 306 2225 381 2265; x_wconf 89' lang='lat' dir='ltr'>cum</span> <span class='ocrx_word' id='word_1_142' title='bbox 397 2205 495 2286; x_wconf 80' lang='lat' dir='ltr'>vulgo</span> <span class='ocrx_word' id='word_1_143' title='bbox 514 2203 556 2260; x_wconf 85' lang='lat' dir='ltr'>ibi</span> <span class='ocrx_word' id='word_1_144' title='bbox 578 2213 667 2260; x_wconf 85' lang='lat' dir='ltr'>autea</span> <span class='ocrx_word' id='word_1_145' title='bbox 691 2203 774 2260; x_wconf 85' lang='lat' dir='ltr'>varie</span> <span class='ocrx_word' id='word_1_146' title='bbox 793 2202 882 2263; x_wconf 79' lang='lat' dir='ltr'>locut</span> <span class='ocrx_word' id='word_1_147' title='bbox 903 2205 1084 2275; x_wconf 76' lang='lat' dir='ltr'>vitiaretur.</span> <span class='ocrx_word' id='word_1_148' title='bbox 1110 2205 1228 2284; x_wconf 89' lang='lat' dir='ltr'>dequo</span> <span class='ocrx_word' id='word_1_149' title='bbox 1251 2205 1370 2270; x_wconf 80' lang='lat' dir='ltr'>liero-</span> 
     </span>
     <span class='ocr_line' id='line_1_19' title="bbox 275 2301 1372 2384; baseline -0.007 -18"><span class='ocrx_word' id='word_1_150' title='bbox 275 2301 394 2366; x_wconf 57' lang='lat' dir='ltr'>*aldut</span> <span class='ocrx_word' id='word_1_151' title='bbox 414 2319 444 2365; x_wconf 91' lang='lat' dir='ltr'>et</span> <span class='ocrx_word' id='word_1_152' title='bbox 469 2303 729 2383; x_wconf 80' lang='lat' dir='ltr'>Omiendorpine.</span> <span class='ocrx_word' id='word_1_153' title='bbox 791 2303 904 2384; x_wconf 86' lang='lat' dir='ltr'>Neque</span> <span class='ocrx_word' id='word_1_154' title='bbox 925 2317 1048 2384; x_wconf 84' lang='lat' dir='ltr'>poterat</span> <span class='ocrx_word' id='word_1_155' title='bbox 1073 2305 1173 2375; x_wconf 79' lang='lat' dir='ltr'>Mela,</span> <span class='ocrx_word' id='word_1_156' title='bbox 1209 2307 1266 2384; x_wconf 89' lang='lat' dir='ltr'>qui</span> <span class='ocrx_word' id='word_1_157' title='bbox 1293 2311 1372 2369; x_wconf 80' lang='lat' dir='ltr'>mi.</span> 
     </span>
     <span class='ocr_line' id='line_1_20' title="bbox 305 2401 1371 2486; baseline 0.003 -20"><span class='ocrx_word' id='word_1_158' title='bbox 305 2429 380 2469; x_wconf 83' lang='lat' dir='ltr'>nore</span> <span class='ocrx_word' id='word_1_159' title='bbox 404 2421 435 2467; x_wconf 90' lang='lat' dir='ltr'>et</span> <span class='ocrx_word' id='word_1_160' title='bbox 459 2405 604 2464; x_wconf 85' lang='lat' dir='ltr'>tenuiora</span> <span class='ocrx_word' id='word_1_161' title='bbox 627 2403 825 2465; x_wconf 85' lang='lat' dir='ltr'>memoraffet</span> <span class='ocrx_word' id='word_1_162' title='bbox 849 2408 982 2486; x_wconf 87' lang='lat' dir='ltr'>oppida.</span> <span class='ocrx_word' id='word_1_163' title='bbox 1016 2401 1224 2466; x_wconf 80' lang='lat' dir='ltr'>nobiliiirmte</span> <span class='ocrx_word' id='word_1_164' title='bbox 1251 2408 1371 2474; x_wconf 79' lang='lat' dir='ltr'>huius</span> 
     </span>
     <span class='ocr_line' id='line_1_21' title="bbox 303 2505 1373 2590; baseline 0.002 -20"><span class='ocrx_word' id='word_1_165' title='bbox 303 2509 391 2571; x_wconf 80' lang='lat' dir='ltr'>urbis</span> <span class='ocrx_word' id='word_1_166' title='bbox 408 2510 609 2568; x_wconf 89' lang='lat' dir='ltr'>mentionem</span> <span class='ocrx_word' id='word_1_167' title='bbox 632 2520 715 2566; x_wconf 85' lang='lat' dir='ltr'>recte</span> <span class='ocrx_word' id='word_1_168' title='bbox 738 2507 895 2567; x_wconf 88' lang='lat' dir='ltr'>omittere.</span> <span class='ocrx_word' id='word_1_169' title='bbox 941 2507 1082 2590; x_wconf 75' lang='lat' dir='ltr'>-vedigia</span> <span class='ocrx_word' id='word_1_170' title='bbox 1103 2505 1216 2588; x_wconf 78' lang='lat' dir='ltr'>priscae</span> <span class='ocrx_word' id='word_1_171' title='bbox 1236 2507 1373 2573; x_wconf 84' lang='lat' dir='ltr'>iectio-</span> 
     </span>
     <span class='ocr_line' id='line_1_22' title="bbox 304 2605 1369 2677; baseline 0.001 -5"><span class='ocrx_word' id='word_1_172' title='bbox 304 2611 354 2672; x_wconf 85' lang='lat' dir='ltr'>nit</span> <span class='ocrx_word' id='word_1_173' title='bbox 377 2609 512 2671; x_wconf 80' lang='lat' dir='ltr'>servavit</span> <span class='ocrx_word' id='word_1_174' title='bbox 534 2609 615 2670; x_wconf 84' lang='lat' dir='ltr'>Cot.</span> <span class='ocrx_word' id='word_1_175' title='bbox 641 2606 748 2670; x_wconf 90' lang='lat' dir='ltr'>Cibin.</span> <span class='ocrx_word' id='word_1_176' title='bbox 780 2623 812 2668; x_wconf 84' lang='lat' dir='ltr'>et</span> <span class='ocrx_word' id='word_1_177' title='bbox 837 2609 1001 2669; x_wconf 77' lang='lat' dir='ltr'>lioccatiue</span> <span class='ocrx_word' id='word_1_178' title='bbox 1022 2605 1042 2669; x_wconf 87' lang='lat' dir='ltr'>i.</span> <span class='ocrx_word' id='word_1_179' title='bbox 1067 2629 1098 2668; x_wconf 80' lang='lat' dir='ltr'>v.</span> <span class='ocrx_word' id='word_1_180' title='bbox 1126 2605 1262 2677; x_wconf 77' lang='lat' dir='ltr'>iberus.</span> <span class='ocrx_word' id='word_1_181' title='bbox 1290 2615 1369 2674; x_wconf 83' lang='lat' dir='ltr'>ubi</span> 
     </span>
     <span class='ocr_line' id='line_1_23' title="bbox 304 2707 1368 2795; baseline -0.001 -22"><span class='ocrx_word' id='word_1_182' title='bbox 304 2713 392 2773; x_wconf 84' lang='lat' dir='ltr'>huuc</span> <span class='ocrx_word' id='word_1_183' title='bbox 429 2713 538 2772; x_wconf 86' lang='lat' dir='ltr'>locum</span> <span class='ocrx_word' id='word_1_184' title='bbox 571 2722 643 2768; x_wconf 87' lang='lat' dir='ltr'>ante</span> <span class='ocrx_word' id='word_1_185' title='bbox 676 2710 785 2770; x_wconf 80' lang='lat' dir='ltr'>oculos</span> <span class='ocrx_word' id='word_1_186' title='bbox 824 2709 982 2790; x_wconf 76' lang='lat' dir='ltr'>politum,</span> <span class='ocrx_word' id='word_1_187' title='bbox 1034 2707 1083 2768; x_wconf 84' lang='lat' dir='ltr'>sed</span> <span class='ocrx_word' id='word_1_188' title='bbox 1120 2708 1173 2771; x_wconf 86' lang='lat' dir='ltr'>iuo</span> <span class='ocrx_word' id='word_1_189' title='bbox 1211 2713 1368 2795; x_wconf 81' lang='lat' dir='ltr'>ingenio</span> 
     </span>
     <span class='ocr_line' id='line_1_24' title="bbox 304 2805 1368 2900; baseline -0.01 -25"><span class='ocrx_word' id='word_1_190' title='bbox 304 2812 463 2883; x_wconf 78' lang='lat' dir='ltr'>effictum,</span> <span class='ocrx_word' id='word_1_191' title='bbox 487 2811 627 2871; x_wconf 88' lang='lat' dir='ltr'>reddidit</span> <span class='ocrx_word' id='word_1_192' title='bbox 654 2809 707 2869; x_wconf 80' lang='lat' dir='ltr'>irc:</span> <span class='ocrx_word' id='word_1_193' title='bbox 746 2809 855 2870; x_wconf 75' lang='lat' dir='ltr'>Totam</span> <span class='ocrx_word' id='word_1_194' title='bbox 878 2805 1138 2900; x_wconf 82' lang='lat' dir='ltr'>opulentrffimnm</span> <span class='ocrx_word' id='word_1_195' title='bbox 1161 2813 1223 2870; x_wconf 74' lang='lat' dir='ltr'>etur</span> <span class='ocrx_word' id='word_1_196' title='bbox 1247 2819 1368 2892; x_wconf 81' lang='lat' dir='ltr'>regio.</span> 
     </span>
     <span class='ocr_line' id='line_1_25' title="bbox 303 2901 1371 3002; baseline 0.002 -26"><span class='ocrx_word' id='word_1_197' title='bbox 303 2919 354 2976; x_wconf 87' lang='lat' dir='ltr'>nis</span> <span class='ocrx_word' id='word_1_198' title='bbox 374 2917 534 2975; x_wconf 85' lang='lat' dir='ltr'>civitatem</span> <span class='ocrx_word' id='word_1_199' title='bbox 558 2931 597 2970; x_wconf 80' lang='lat' dir='ltr'>err·</span> <span class='ocrx_word' id='word_1_200' title='bbox 622 2901 767 2996; x_wconf 72' lang='lat' dir='ltr'>inferiori</span> <span class='ocrx_word' id='word_1_201' title='bbox 793 2926 886 2990; x_wconf 80' lang='lat' dir='ltr'>porte</span> <span class='ocrx_word' id='word_1_202' title='bbox 914 2911 1017 2980; x_wconf 82' lang='lat' dir='ltr'>rodit,</span> <span class='ocrx_word' id='word_1_203' title='bbox 1056 2911 1178 2972; x_wconf 60' lang='lat' dir='ltr'>&amp;rtrum</span> <span class='ocrx_word' id='word_1_204' title='bbox 1192 2903 1260 3002; x_wconf 83' lang='lat' dir='ltr'>sub</span> <span class='ocrx_word' id='word_1_205' title='bbox 1286 2927 1371 2978; x_wconf 87' lang='lat' dir='ltr'>tor·</span> 
     </span>
     <span class='ocr_line' id='line_1_26' title="bbox 303 3009 1059 3108; baseline -0.004 -30"><span class='ocrx_word' id='word_1_206' title='bbox 303 3009 377 3108; x_wconf 76' lang='lat' dir='ltr'>tosa</span> <span class='ocrx_word' id='word_1_207' title='bbox 396 3017 532 3076; x_wconf 83' lang='lat' dir='ltr'>civitate</span> <span class='ocrx_word' id='word_1_208' title='bbox 551 3009 744 3073; x_wconf 76' lang='lat' dir='ltr'>balearicum</span> <span class='ocrx_word' id='word_1_209' title='bbox 767 3013 944 3094; x_wconf 81' lang='lat' dir='ltr'>ingreditur</span> <span class='ocrx_word' id='word_1_210' title='bbox 964 3035 1059 3075; x_wconf 75' lang='lat' dir='ltr'>niort.</span> 
     </span>
    </p>
   </div>
   <div class='ocr_carea' id='block_1_3' title="bbox 302 3189 1370 3382">
    <p class='ocr_par' dir='ltr' id='par_1_3' title="bbox 302 3189 1370 3382">
     <span class='ocr_line' id='line_1_27' title="bbox 468 3189 1370 3302; baseline -0.002 -23"><span class='ocrx_word' id='word_1_211' title='bbox 468 3189 499 3296; x_wconf 58' lang='grc' dir='ltr'>ς.</span> <span class='ocrx_word' id='word_1_212' title='bbox 521 3216 568 3279; x_wconf 59' lang='grc' dir='ltr'>ι6.</span> <span class='ocrx_word' id='word_1_213' title='bbox 620 3216 645 3276; x_wconf 96' lang='lat' dir='ltr'><strong><em>I</em></strong></span> <span class='ocrx_word' id='word_1_214' title='bbox 657 3215 717 3277; x_wconf 83' lang='lat' dir='ltr'>nd</span> <span class='ocrx_word' id='word_1_215' title='bbox 729 3238 745 3276; x_wconf 85' lang='lat' dir='ltr'>e</span> <span class='ocrx_word' id='word_1_216' title='bbox 752 3213 772 3300; x_wconf 88' lang='lat'><em>)</em></span> <span class='ocrx_word' id='word_1_217' title='bbox 829 3218 915 3280; x_wconf 82' lang='lat' dir='ltr'>Hioc</span> <span class='ocrx_word' id='word_1_218' title='bbox 948 3237 1015 3302; x_wconf 80' lang='lat' dir='ltr'>cap.</span> <span class='ocrx_word' id='word_1_219' title='bbox 1042 3228 1103 3297; x_wconf 67' lang='lat'>47.</span> <span class='ocrx_word' id='word_1_220' title='bbox 1138 3216 1273 3278; x_wconf 87' lang='lat' dir='ltr'>initium</span> <span class='ocrx_word' id='word_1_221' title='bbox 1316 3239 1370 3284; x_wconf 77' lang='lat' dir='ltr'>ex</span> 
     </span>
     <span class='ocr_line' id='line_1_28' title="bbox 302 3319 563 3382; baseline -0.008 0"><span class='ocrx_word' id='word_1_222' title='bbox 302 3319 412 3382; x_wconf 78' lang='lat' dir='ltr'>Vineti</span> <span class='ocrx_word' id='word_1_223' title='bbox 439 3321 563 3380; x_wconf 84' lang='lat' dir='ltr'>ordine.</span> 
     </span>
    </p>
   </div>
   <div class='ocr_carea' id='block_1_4' title="bbox 301 3466 1369 3857">
    <p class='ocr_par' dir='ltr' id='par_1_4' title="bbox 301 3466 1369 3857">
     <span class='ocr_line' id='line_1_29' title="bbox 378 3466 1369 3552; baseline 0.003 -21"><span class='ocrx_word' id='word_1_224' title='bbox 378 3473 419 3532; x_wconf 82' lang='lat' dir='ltr'>itt</span> <span class='ocrx_word' id='word_1_225' title='bbox 454 3473 621 3550; x_wconf 82' lang='lat' dir='ltr'>terras)</span> <span class='ocrx_word' id='word_1_226' title='bbox 671 3466 754 3549; x_wconf 86' lang='lat' dir='ltr'>Lips.</span> <span class='ocrx_word' id='word_1_227' title='bbox 787 3469 820 3530; x_wconf 90' lang='lat' dir='ltr'>in</span> <span class='ocrx_word' id='word_1_228' title='bbox 854 3471 997 3552; x_wconf 76' lang='lat' dir='ltr'>mirgine</span> <span class='ocrx_word' id='word_1_229' title='bbox 1031 3470 1127 3531; x_wconf 84' lang='lat' dir='ltr'>habet</span> <span class='ocrx_word' id='word_1_230' title='bbox 1158 3469 1196 3530; x_wconf 91' lang='lat' dir='ltr'>ab</span> <span class='ocrx_word' id='word_1_231' title='bbox 1229 3471 1369 3538; x_wconf 84' lang='lat' dir='ltr'>eadem</span> 
     </span>
     <span class='ocr_line' id='line_1_30' title="bbox 302 3570 1369 3652; baseline 0.003 -19"><span class='ocrx_word' id='word_1_232' title='bbox 302 3591 418 3634; x_wconf 86' lang='lat' dir='ltr'>manu:</span> <span class='ocrx_word' id='word_1_233' title='bbox 451 3570 493 3633; x_wconf 82' lang='lat' dir='ltr'>al.</span> <span class='ocrx_word' id='word_1_234' title='bbox 517 3573 660 3638; x_wconf 84' lang='lat' dir='ltr'>intrans.</span> <span class='ocrx_word' id='word_1_235' title='bbox 695 3571 779 3652; x_wconf 87' lang='lat' dir='ltr'>qnod</span> <span class='ocrx_word' id='word_1_236' title='bbox 809 3573 842 3630; x_wconf 92' lang='lat' dir='ltr'>in</span> <span class='ocrx_word' id='word_1_237' title='bbox 872 3572 982 3633; x_wconf 84' lang='lat' dir='ltr'>nostris</span> <span class='ocrx_word' id='word_1_238' title='bbox 1003 3571 1163 3634; x_wconf 79' lang='lat' dir='ltr'>codicibus</span> <span class='ocrx_word' id='word_1_239' title='bbox 1187 3593 1253 3632; x_wconf 89' lang='lat' dir='ltr'>non</span> <span class='ocrx_word' id='word_1_240' title='bbox 1280 3581 1369 3636; x_wconf 76' lang='lat' dir='ltr'>ani·</span> 
     </span>
     <span class='ocr_line' id='line_1_31' title="bbox 301 3672 1364 3758; baseline 0.002 -24"><span class='ocrx_word' id='word_1_241' title='bbox 301 3673 471 3734; x_wconf 88' lang='lat' dir='ltr'>madverti.</span> <span class='ocrx_word' id='word_1_242' title='bbox 522 3673 595 3732; x_wconf 81' lang='lat' dir='ltr'>Post</span> <span class='ocrx_word' id='word_1_243' title='bbox 626 3672 763 3734; x_wconf 82' lang='lat' dir='ltr'>vindob.</span> <span class='ocrx_word' id='word_1_244' title='bbox 795 3673 969 3758; x_wconf 81' lang='lat' dir='ltr'>Rehdiger.</span> <span class='ocrx_word' id='word_1_245' title='bbox 991 3676 1114 3756; x_wconf 63' lang='lat' dir='ltr'>primm</span> <span class='ocrx_word' id='word_1_246' title='bbox 1146 3675 1180 3733; x_wconf 90' lang='lat' dir='ltr'>in</span> <span class='ocrx_word' id='word_1_247' title='bbox 1203 3673 1256 3736; x_wconf 86' lang='lat' dir='ltr'>ed.</span> <span class='ocrx_word' id='word_1_248' title='bbox 1284 3691 1364 3743; x_wconf 66' lang='grc' dir='ltr'>αι.</span> 
     </span>
     <span class='ocr_line' id='line_1_32' title="bbox 301 3768 649 3857; baseline -0.009 -18"><span class='ocrx_word' id='word_1_249' title='bbox 301 3768 341 3839; x_wconf 79' lang='grc' dir='ltr'>τὸ</span> <span class='ocrx_word' id='word_1_250' title='bbox 362 3779 500 3857; x_wconf 86' lang='lat' dir='ltr'>prinunn</span> <span class='ocrx_word' id='word_1_251' title='bbox 520 3775 649 3836; x_wconf 86' lang='lat' dir='ltr'>excidit.</span> 
     </span>
    </p>
   </div>
   <div class='ocr_carea' id='block_1_5' title="bbox 295 3919 1363 4219">
    <p class='ocr_par' dir='ltr' id='par_1_5' title="bbox 295 3919 1363 4219">
     <span class='ocr_line' id='line_1_33' title="bbox 380 3919 1363 4018; baseline 0.005 -31"><span class='ocrx_word' id='word_1_252' title='bbox 380 3925 634 4006; x_wconf 80' lang='lat' dir='ltr'>Ferrariam)</span> <span class='ocrx_word' id='word_1_253' title='bbox 684 3926 777 3987; x_wconf 83' lang='lat' dir='ltr'>Perii.</span> <span class='ocrx_word' id='word_1_254' title='bbox 798 3943 830 3989; x_wconf 75' lang='lat' dir='ltr'>c.</span> <span class='ocrx_word' id='word_1_255' title='bbox 847 3919 1011 4018; x_wconf 80' lang='lat' dir='ltr'>ferarium</span> <span class='ocrx_word' id='word_1_256' title='bbox 1030 3941 1062 3991; x_wconf 88' lang='lat' dir='ltr'>et</span> <span class='ocrx_word' id='word_1_257' title='bbox 1082 3943 1172 3990; x_wconf 81' lang='lat' dir='ltr'>antea</span> <span class='ocrx_word' id='word_1_258' title='bbox 1192 3947 1363 4004; x_wconf 85' lang='lat' dir='ltr'>promon-</span> 
     </span>
     <span class='ocr_line' id='line_1_34' title="bbox 303 4018 1361 4123; baseline 0.004 -33"><span class='ocrx_word' id='word_1_259' title='bbox 303 4027 638 4112; x_wconf 75' lang='lat' dir='ltr'>torirrm;·}ielediger.</span> <span class='ocrx_word' id='word_1_260' title='bbox 656 4018 848 4115; x_wconf 81' lang='lat' dir='ltr'>ferrariam.</span> <span class='ocrx_word' id='word_1_261' title='bbox 889 4033 950 4092; x_wconf 88' lang='lat' dir='ltr'>Pro</span> <span class='ocrx_word' id='word_1_262' title='bbox 963 4029 1103 4123; x_wconf 77' lang='lat' dir='ltr'>firtditur</span> <span class='ocrx_word' id='word_1_263' title='bbox 1130 4033 1207 4094; x_wconf 86' lang='lat' dir='ltr'>Ven.</span> <span class='ocrx_word' id='word_1_264' title='bbox 1232 4031 1361 4100; x_wconf 76' lang='lat' dir='ltr'>Harn.</span> 
     </span>
     <span class='ocr_line' id='line_1_35' title="bbox 295 4122 903 4219; baseline 0.005 -29"><span class='ocrx_word' id='word_1_265' title='bbox 295 4122 463 4219; x_wconf 83' lang='lat' dir='ltr'>funditur.</span> <span class='ocrx_word' id='word_1_266' title='bbox 507 4126 558 4193; x_wconf 84' lang='lat' dir='ltr'>cf.</span> <span class='ocrx_word' id='word_1_267' title='bbox 582 4129 671 4214; x_wconf 81' lang='lat' dir='ltr'>[upra</span> <span class='ocrx_word' id='word_1_268' title='bbox 692 4132 729 4192; x_wconf 79' lang='lat' dir='ltr'>etl</span> <span class='ocrx_word' id='word_1_269' title='bbox 757 4150 787 4202; x_wconf 79' lang='lat' dir='ltr'>c,</span> <span class='ocrx_word' id='word_1_270' title='bbox 810 4143 844 4212; x_wconf 80' lang='grc'>4,</span> <span class='ocrx_word' id='word_1_271' title='bbox 874 4153 903 4198; x_wconf 85' lang='grc' dir='ltr'>ι.</span> 
     </span>
    </p>
   </div>
   <div class='ocr_carea' id='block_1_6' title="bbox 0 0 1410 4944">
    <p class='ocr_par' dir='ltr' id='par_1_6' title="bbox 0 0 1410 4944">
     <span class='ocr_line' id='line_1_36' title="bbox 0 0 1410 4944; baseline 0 2"><span class='ocrx_word' id='word_1_272' title='bbox 0 0 1410 4944; x_wconf 95' lang='lat' dir='ltr'> </span> 
     </span>
    </p>
   </div>
  </div>
 </body>
</html>
