2810 4944
330 429 392 510 406
632 431 873 492 roueouu
912 435 1074 492 urere

331 609 498 693 configunt
517 607 633 678 rustici,
658 625 742 671 recte
763 611 910 690 capulum
933 609 1059 670 dixerit.
1111 605 1195 668 Hine
1216 603 1352 684 capulare

331 725 364 772 et
393 713 574 788 copulator,
610 714 664 793 qui
690 713 808 792 capulio
838 713 957 792 aliquid
990 705 1168 793 prehendit.
1225 711 1352 768 Vtuntur

331 813 391 874 hac
415 833 495 874 voce
509 814 590 874 Cato
616 807 740 898 [107.
760 810 824 900 im]
847 829 876 874 et
903 814 1078 874 Columella
1108 807 1183 892 lta.
1209 822 1260 885 52.
1283 801 1351 894 ro]

331 933 390 996 pro
411 933 469 982 eo,
505 917 559 996 qui
584 917 702 998 capulis
723 915 829 976 oleum
851 917 967 994 deplet.
1023 913 1132 973 Manlit
1150 916 1208 972 hoc
1229 911 1353 970 vocabu·

330 1016 398 1076 lum
415 1018 509 1076 etiarn
525 1017 606 1096 apud
625 1015 771 1098 sequioris
786 1019 893 1077 aeratis
913 1017 1070 1080 homines.
1096 1029 1139 1098 pt.
1166 1035 1234 1074 curu
1253 1013 1353 1072 dieunt

330 1117 497 1179 hominem
515 1119 674 1200 capulare,
702 1120 754 1180 vel
777 1121 891 1199 pedem
910 1119 1039 1178 alieuius
1061 1119 1201 1196 capulare
1217 1133 1271 1194 pru
1288 1133 1353 1170 cou-

330 1215 440 1280 fodere
457 1233 488 1280 et
504 1223 677 1284 vulnerare.
731 1223 811 1282 Saue
827 1222 859 1279 in
879 1221 934 1280 lrac
951 1219 1176 1302 fignificatiune
1196 1210 1353 1296 laepiffirue

331 1319 409 1382 haec
430 1341 493 1382 vox
519 1325 652 1383 occurrit
675 1324 707 1382 in
731 1342 861 1404 corpore
881 1323 988 1404 legnrn
1015 1321 1248 1378 barbaricarum.
1289 1335 1353 1375 roe·

331 1441 412 1484 arva.
464 1427 565 1485 deute
588 1425 670 1482 vidit
692 1419 835 1490 Voffiue.
865 1423 958 1482 latere
978 1423 1030 1480 hic
1056 1421 1189 1482 verbum
1216 1417 1352 1494 copulau-

330 1525 427 1593 tium‚
470 1545 534 1606 quo
562 1528 656 1585 etiam
686 1527 786 1584 mitur
807 1525 887 1586 Cato
916 1543 941 1582 c.
972 1525 1030 1600 61,
1064 1543 1091 1584 t.
1123 1539 1156 1583 et
1186 1517 1352 1584 Columella

332 1626 365 1696 6,
390 1641 421 1696 2,
443 1637 478 1705 4.
530 1627 569 1686 Et
594 1627 631 1686 lic
649 1629 768 1708 optime
793 1625 946 1686 consentit
963 1625 1084 1692 Strabo,
1112 1626 1214 1684 irnmo
1235 1623 1353 1682 adiurat

331 1745 358 1788 c.
380 1725 401 1788 l.
438 1728 490 1808 qui
523 1723 692 1814 τριόδοντα
728 1729 868 1787 adhilreri
893 1742 1009 1796 narrat,
1044 1727 1091 1785 uti
1120 1725 1293 1786 Aristotelea
1319 1721 1352 1780 de

328 1828 497 1890 utinense.
521 1848 547 1888 c.
567 1847 626 1906 91.
655 1850 749 1910 quern
767 1831 848 1888 inter
866 1829 1069 1888 iustrumenta
1091 1827 1252 1908 piscatoria
1268 1821 1353 1882 refert

327 1928 442 1989 Pollux
464 1949 516 1996 ro.
541 1943 598 2002 30.
624 1949 656 2010 p.
685 1943 788 2008 1514.
841 1909 890 1992 cf'.
908 1933 1000 1988 etiarn
1024 1931 1060 1987 ad
1085 1931 1231 1989 strabun.
1255 1923 1355 1986 Calau-

326 2027 444 2092 bouua.
498 2030 681 2091 I’erturbata
701 2033 850 2092 codicum
871 2035 1002 2090 varietas
1020 2029 1088 2090 latis
1107 2035 1204 2090 etiam
1222 2031 1357 2094 declarat.

326 2132 456 2211 gravius
492 2131 529 2190 ab
564 2132 683 2212 usuque
713 2135 865 2194 remotius
898 2133 1030 2192 verbum
1060 2131 1112 2192 hic
1141 2134 1218 2192 olim
1243 2126 1353 2192 [letitie.

325 2229 445 2290 Probat
466 2253 560 2312 porro
579 2231 681 2295 Voffii
706 2235 963 2294 emendationem
984 2231 1140 2294 (ielnerus
1166 2235 1198 2292 in
1221 2229 1352 2290 thesauro

325 2331 364 2392 L.
384 2333 421 2394 L.
443 2331 497 2392 lulr
519 2333 550 2396 h.
571 2357 602 2395 v.
639 2335 693 2394 etlr
711 2357 727 2395 a
749 2337 847 2416 capio,
880 2355 944 2394 non
962 2355 977 2394 a
994 2335 1121 2416 capulus
1139 2334 1262 2395 mavult
1283 2329 1353 2392 deti·

325 2451 416 2502 uare,
448 2436 495 2493 uti
519 2437 662 2506 iaculari,
697 2435 842 2517 speculari
866 2433 1053 2498 formantur.
1105 2437 1198 2497 Plura
1221 2439 1301 2494 idem
1324 2434 1352 2489 iu

324 2532 407 2596 hanc
428 2557 494 2595 rem
515 2537 654 2618 disputat
673 2539 709 2598 ad
729 2535 941 2600 Columellam
962 2540 993 2604 6.
1016 2553 1046 2605 a.
1068 2551 1103 2616 4.
1130 2551 1161 2598 et
1185 2539 1221 2597 acl
1245 2535 1350 2598 Calon.

326 2653 353 2696 c.
378 2636 398 2697 l.
427 2637 461 2696 ed
484 2639 621 2718 priorem
638 2641 744 2701 locum
763 2643 856 2700 etiarn
873 2639 1095 2700 Schneiderue.
1133 2636 1185 2701 Cf.
1205 2651 1351 2719 praeterea

325 2735 444 2818 Cuper.
469 2737 590 2800 oltlerv.
617 2757 647 2808 Ω,
672 2765 706 2824 t).
729 2741 773 2801 in.
798 2761 836 2800 ex
855 2740 1014 2800 veteribus
1030 2741 1262 2800 Grammaticis.
1311 2739 1352 2796 lta

325 2857 404 2900 veru
420 2842 516 2901 etiam
533 2843 709 2920 copulatorer
726 2843 758 2900 iu
777 2840 864 2901 inter.
878 2843 962 2920 apud
976 2841 1147 2901 Gruterum
1164 2861 1194 2922 p.
1214 2851 1311 2916 1038,
1323 2849 1351 2912 5.

324 2941 439 3000 eodem
460 2959 625 3005 monente.
678 2945 703 3004 l.
725 2943 909 3002 Gronovius
925 2943 957 3000 in
974 2955 1047 3002 uota
1066 2943 1134 3004 tls.
1154 2963 1257 3022 *qtrem
1277 2939 1351 2998 dabo

223 3051 230 3066 '
322 3036 400 3102 vot.
425 3035 453 3104 r.
473 3043 642 3103 reluctatur
665 3043 794 3124 quidem
816 3039 936 3110 volun.
964 3059 1110 3102 nontam
1134 3045 1166 3102 in
1189 3040 1251 3124 ipsa
1271 3057 1351 3104 voce,

321 3159 414 3218 quant
433 3145 500 3203 eiua
516 3145 724 3224 explicatione
742 3145 781 3204 tle
798 3145 944 3212 tridente,
973 3142 1028 3204 seu
1041 3141 1170 3212 fuscina,
1198 3143 1249 3204 lert
1267 3143 1351 3202 vidu-

320 3240 388 3300 lum
412 3263 450 3302 ex
471 3245 583 3305 Plauto
609 3247 641 3304 in
665 3245 760 3326 Epid.
791 3265 818 3316 t,
848 3265 875 3314 1,
902 3261 958 3306 20.
993 3246 1149 3304 atrtaliud
1176 3235 1351 3324 simpliciffi·

318 3361 409 3401 mum
427 3343 689 3437 instrumentum,
716 3364 780 3426 quo
797 3345 894 3428 pisces
913 3345 1174 3412 extrahebantur,
1209 3344 1351 3404 barbaris-

318 3463 379 3524 que
396 3445 457 3506 illia
480 3449 579 3530 magis
600 3450 796 3510 conveniens
816 3448 976 3532 intelligit.
1029 3449 1069 3508 At
1084 3447 1250 3510 Strabonis
1268 3447 1350 3506 loeus

316 3563 385 3606 rem
407 3549 538 3610 evroult.

481 3751 510 3830 §-
540 3763 574 3829 8.
628 3749 882 3832 Sordonum)
930 3749 1349 3813 Vatic.Cibin.Gurl.Sor·

316 3847 451 3923 donum
477 3851 622 3914 Viratlob.
646 3852 848 3924 Sordoru'mu3
874 3853 984 3932 reliqui
1005 3854 1067 3912 mei
1086 3867 1118 3912 et
1140 3850 1256 3934 priscae
1278 3847 1346 3909 edd.

317 3949 511 4025 Sordonuru3
543 3953 612 4036 post
635 3954 708 4015 edd.
726 3955 759 4016 6.
784 3967 816 4028 7.
835 3965 868 4031 8.
897 3973 951 4016 10.
976 3971 1027 4014 re.
1053 3968 1106 4031 13.
1131 3965 1184 4032 ¹4·
1216 3965 1269 4030 ¹5·
1296 3951 1346 4013 16.

320 4069 377 4128 17.
400 4066 454 4129 18.
478 4073 532 4134 19.
553 4071 610 4117 20.
635 4073 692 4119 ct.
713 4067 832 4115 ceterae
851 4055 1036 4122 Sordonum.
1064 4055 1140 4114 dum
1164 4049 1291 4116 tfnffins
1307 4069 1349 4110 re·

315 4151 423 4234 poluit
454 4155 640 4220 Sordoumn.
683 4175 885 4220 reseravere.
950 4157 1074 4219 Plinius
1107 4152 1160 4244 [5.
1189 4169 1222 4232 5.
1250 4155 1269 4217 l.
1294 4143 1347 4234 4.]
