2810 4944
363 403 452 460 Lm.
483 403 521 458 Π.
564 400 670 464 GV]-
713 401 792 474 Η·
1039 411 1100 482 45ι

82 569 171 634 deinde
183 565 255 666 sese
275 569 522 666 angrfiiffirnnm
549 575 698 656 pelagus.
732 589 770 636 ut
793 577 827 636 in
847 573 1017 654 Bithynia:
1041 575 1099 655 [1.

85 672 197 762 19,6.]
233 675 299 736 Hic
315 677 378 734 iam
392 669 463 766 sese
480 679 590 758 ingens
606 677 731 738 Pontus
752 679 865 755 aperit.
895 697 1096 744 etu'rrartvt.

82 774 172 836 Forte:
197 777 254 836 fir
272 775 392 846 deinde,
420 779 472 839 vel
493 779 597 858 aperit
612 777 724 837 deinde
739 779 938 840 Atlanticum
954 779 1097 858 pelagus.

81 875 161 956 Sapra
183 898 210 947 ι.
236 896 290 956 ¹9·
312 893 343 942 2.
380 878 457 938 Tum
479 871 584 969 rursus
596 875 644 968 fit
659 879 801 956 apertius
820 901 914 942 mare.
967 877 1097 946 Cnrtiua

83 969 238 1062 [pepp]
274 977 445 1069 Angustias
466 979 584 1050 aditus,
610 982 663 1062 qui
683 979 826 1040 Cilicium
848 981 961 1060 aperit.
1002 983 1097 1044 Forte
1203 979 1208 992 ⁸

81 1080 155 1138 etiam
183 1081 328 1140 addenda
361 1081 510 1161 particula
536 1094 582 1150 et,
622 1093 655 1142 et
684 1079 876 1164 legendnm:
923 1081 969 1142 Et
992 1085 1097 1160 aperit

81 1175 177 1241 deiide.
210 1201 421 1242 erecconrvs.
482 1183 537 1244 Fit
559 1179 672 1241 deinde
694 1181 865 1264 legendum
890 1185 986 1244 etiarn
1015 1185 1097 1244 indi·

82 1295 180 1340 urerat
200 1283 294 1344 docta
311 1303 423 1344 manue
438 1284 475 1342 ad
492 1285 668 1366 marginem
697 1283 748 1344 ed.
768 1293 827 1364 4ο.
881 1285 975 1366 Quod
994 1297 1097 1346 terras

82 1382 120 1438 rel
132 1373 194 1472 sese
210 1383 264 1444 hic
282 1383 389 1444 inierit
405 1385 584 1454 Pindarum,
611 1402 774 1466 perperam
791 1405 866 1444 eum
883 1385 974 1468 egiffe
991 1385 1097 1448 censet

81 1479 179 1544 i'offiue
192 1487 228 1544 ad
248 1486 349 1548 vater.
369 1485 468 1546 Flacc.
489 1501 521 1564 3.
549 1505 629 1565 ¹9⁰·
683 1487 729 1546 ita
751 1505 867 1567 nempe
883 1489 981 1546 multa
999 1489 1095 1550 verba

82 1585 160 1644 activa
180 1590 340 1668 reciproca
364 1587 398 1647 vi
423 1588 485 1647 dici
512 1585 631 1657 soient,
662 1587 701 1646 de
725 1587 846 1666 quoad
872 1608 898 1658 r,
922 1609 948 1656 ι,
967 1600 998 1664 5.
1028 1589 1095 1662 ortt,

81 1701 135 1743 uun
159 1687 195 1746 tc
218 1689 257 1749 ad
283 1707 367 1750 mare
397 1686 500 1770 ipsum
532 1687 642 1750 referri
665 1687 796 1754 debeat.
839 1691 924 1768 qnod
957 1687 1096 1752 clunium

82 1801 150 1846 antea
167 1809 229 1850 non
252 1787 330 1860 fuit,
358 1789 489 1852 duritiei
510 1791 630 1852 residet.
684 1789 752 1848 Nec
767 1808 836 1849 earn
858 1791 959 1850 mollit
975 1791 1095 1854 adiecta

83 1903 130 1944 ror
146 1903 257 1963 terrear,
289 1891 406 1972 quippe
424 1912 503 1972 qnae
523 1912 558 1952 ex
580 1885 727 1952 latiffimo
751 1889 919 1951 intervallo
942 1895 975 1951 in
997 1913 1095 1976 angu-

83 1983 138 2048 stus
165 1993 407 2054 contrahuntur.
468 1993 588 2056 Contra
622 1993 741 2068 aperire
774 1989 876 2050 noster
908 1993 969 2052 hoc
1005 1991 1095 2054 sensu

82 2091 168 2164 ponit,
192 2108 246 2164 nt,
273 2093 358 2174 qnod
381 2113 418 2154 ex
441 2093 570 2178 angusto
588 2093 621 2154 in
644 2092 736 2154 latina
763 2091 895 2173 ipatinrn
917 2093 1095 2166 diducatur,

84 2187 201 2258 declaret.
253 2192 308 2258 Sic
337 2215 365 2265 r,
393 2213 447 2274 ¹9·
471 2197 505 2258 6.
540 2193 606 2255 Hic
640 2195 705 2252 ium
730 2185 801 2285 sesa
834 2193 944 2274 urgens
970 2195 1095 2256 Pontus

84 2296 178 2366 “imit
216 2317 245 2368 r,
277 2315 332 2374 19,
366 2295 417 2360 16.
453 2297 492 2357 de
525 2295 704 2356 Maeotide:
738 2293 826 2355 lacrrs
853 2295 944 2374 louge
972 2295 1096 2378 lateque

85 2387 197 2482 &diresin
224 2431 274 2446 -
305 2399 365 2458 nir
389 2395 441 2456 ubi
465 2399 617 2476 aperitur.
669 2397 722 2456 Sic
748 2416 776 2465 r,
804 2413 858 2474 ¹9·
882 2411 915 2458 α.
953 2399 1110 2476 apertius¹

85 2511 146 2552 nare
165 2497 337 2578 obponitur
359 2499 480 2568 artiori,
505 2499 590 2580 quod
613 2509 703 2558 antea
730 2517 756 2558 c.
779 2507 832 2574 ¹8·
860 2497 991 2558 dixerat.
1030 2497 1095 2560 Ne·

85 2609 128 2668 que
147 2599 230 2660 aliter
253 2587 320 2680 capi
343 2599 443 2680 potest
465 2601 504 2661 de
526 2597 678 2666 fontibus.
706 2597 843 2666 iinnbus,
872 2595 1032 2680 specubus.
1060 2599 1096 2659 in

85 2695 172 2770 quibus
190 2697 302 2780 paffim
320 2699 431 2762 Noster
447 2701 510 2762 hoc
525 2701 661 2762 verbnm
677 2697 815 2782 usurpat.
855 2699 999 2778 Aptiores
1018 2699 1096 2760 hinc

85 2795 224 2860 videamur
244 2802 407 2864 Ciacconii
430 2803 642 2870 coniecturae.
670 2799 849 2860 dnmmodo
867 2801 899 2858 in
923 2801 1020 2880 priori
1047 2803 1095 2860 in·

86 2895 231 2982 telligatur,
257 2903 344 2964 unde
366 2921 389 2994 p
411 2899 507 2986 (per)
529 2923 568 2964 ex
584 2901 648 2992 fit.
675 2900 773 2962 verbo
798 2897 979 2978 notiffiruo.‚
1005 2901 1095 2962 exiii·

85 2999 153 3068 terit,
181 3017 211 3062 et
234 3007 292 3066 alia
317 3005 487 3064 verborum
511 3005 656 3064 inanium
681 3001 816 3064 monstra
839 3013 947 3069 enata,
981 2999 1095 3080 irrupit

88 3105 233 3182 exceperis,
266 3105 352 3188 qnod
374 3126 412 3166 ex
435 3105 619 3186 compendii
640 3105 726 3188 tigno
743 3103 889 3186 neglecto
910 3121 968 3182 pro
991 3105 1096 3182 aperit

87 3193 155 3261 facile
173 3202 273 3270 subiit.
309 3207 403 3268 Forte
423 3205 508 3266 urbis
524 3225 642 3268 nomen
661 3207 711 3264 hic
728 3205 813 3273 latet,
840 3201 890 3264 sed
906 3204 996 3284 quale
1013 3204 1095 3266 illud

89 3295 128 3366 fit,
149 3309 288 3384 equidem
311 3327 377 3368 non
397 3307 542 3370 dixerim.
596 3307 686 3367 idem
705 3303 835 3366 asterisci
858 3317 932 3366 nota
954 3305 1095 3386 aripotita

87 3399 190 3464 videtur
215 3409 346 3469 innniffe
369 3409 514 3470 Vinetnc.
581 3409 670 3468 Tum
694 3425 771 3468 vero
794 3405 916 3466 adridet
941 3403 1095 3486 aptiffirua

90 3505 210 3568 omnium
227 3511 393 3572 Ciacconia
414 3509 611 3571 emendatio:
647 3509 703 3568 Fit
719 3505 845 3575 deiide,
872 3507 926 3567 etsi
950 3521 982 3568 et
1004 3509 1036 3566 in
1060 3527 1097 3570 ea

90 3595 196 3680 sequena
210 3603 355 3704 efficiant,
382 3609 560 3672 duriuscule
579 3609 739 3672 conlidere
759 3607 835 3670 sono
853 3621 885 3669 et
905 3608 1097 3693 cognatione

91 3701 205 3774 ridetur.

151 3907 312 3998 deiude)
363 3914 554 3980 Heniichiua
577 3915 679 3996 (54.)
703 3911 792 3982 dein,
826 3927 863 3974 ut
892 3911 967 3973 aiibi
992 3911 1100 3994 piures

93 3995 147 4063 libri
166 4016 345 4092 promiscue.
396 4017 580 4080 Vindobon.
608 4011 741 4104 affrim
777 4013 887 4076 Cibin.
918 4013 1100 4091 colrunpner

94 4101 173 4174 etit.
193 4117 335 4182 columne.
386 4119 460 4184 Post
485 4119 594 4184 Cibin.
627 4115 763 4180 Vindob.
787 4128 820 4176 et
844 4115 920 4178 edd.
946 4114 1102 4196 quaedam

665 4214 763 4282 Fta
