2880 4940
314 395 377 474 με
612 395 863 458 rouromr
902 397 1065 456 unam

319 591 441 638 vocum
466 573 721 636 commutatione
744 587 944 636 monuerunt
970 573 1218 638 Drakenborch.
1246 575 1288 639 rrl
1311 577 1359 642 so

322 677 392 742 lut.
414 689 468 754 ²5,
490 691 569 752 127·
605 675 770 738 Bentleiua
789 675 827 738 ιι1
843 677 954 739 Ηοιιι.
975 693 1008 740 2.
1030 679 1083 741 od.
1108 693 1163 747 ru.
1191 691 1253 756 25.
1290 680 1359 740 Bur·

320 799 430 844 mann.
446 779 482 840 rrl
500 775 656 862 Quinctil.
676 777 806 841 declam.
826 789 908 857 298.
923 797 967 838 m.
994 791 1028 839 ot
1047 780 1086 840 ad
1105 779 1221 864 virgil.
1246 779 1359 866 Georg.

321 893 358 962 4,
383 879 462 962 ι69.
490 879 606 959 llayne
625 879 663 940 acl
686 881 765 943 Aru.
788 897 817 950 ι,
837 880 923 958 436.
945 879 1073 961 aliique.
1124 881 1218 942 idem
1245 885 1359 944 vitium

321 985 362 1046 dr
383 981 541 1066 phoenice
557 1001 595 1044 ex
618 979 728 1043 codice
745 977 890 1044 Ambms.
907 979 1028 1044 suiiulit
1049 979 1092 1046 Ν.
1108 982 1265 1046 Heinsius
1284 985 1360 1070 apul

321 1085 488 1150 claudian.
508 1083 549 1146 dr
567 1081 724 1168 phoenioo
743 1101 776 1147 r.
797 1095 857 1161 80.

396 1287 536 1350 arcirio
567 1283 717 1378 iussis)
765 1285 813 1348 lta
834 1285 960 1349 codicer
983 1281 1143 1356 Vossrani,
1170 1289 1244 1350 mei
1271 1303 1357 1351 etex

320 1390 518 1455 editionibus
541 1409 569 1450 r.
589 1403 621 1452 2.
638 1405 673 1468 9.
694 1401 749 1467 13.
787 1387 861 1450 1³0st
879 1401 911 1468 3.
929 1399 965 1466 4.
983 1402 1018 1466 5.
1039 1401 1073 1451 rt
1085 1389 1245 1471 deinceps
1260 1389 1356 1451 nardo

318 1491 417 1588 brfiir
443 1493 482 1552 ari
515 1486 674 1560 Voll'mm.
711 1489 768 1572 qui
798 1487 1044 1572 obsequentibus
1072 1491 1187 1552 cetaria
1218 1491 1356 1574 reposuit

318 1596 428 1658 rrrclu'o
444 1591 552 1688 brfiin
574 1593 626 1653 cui
640 1611 699 1653 nec
716 1611 754 1653 ex
771 1589 832 1653 suia
848 1591 1012 1654 codicibur
1024 1587 1216 1676 refragatur
1232 1593 1273 1656 Δ.
1283 1593 1354 1654 Gro-

319 1699 455 1768 noviuaa
492 1707 614 1754 tantum
636 1691 734 1754 Vatic.
759 1705 791 1772 3.
816 1693 925 1756 archo.
965 1711 1173 1758 rzrcnvcrm.
1239 1697 1284 1756 Et
1309 1695 1355 1756 hic

320 1817 448 1884 quoque
465 1809 655 1858 correctores
672 1795 858 1875 loquuntur,
884 1815 949 1857 non
965 1795 1062 1856 Mela.
1105 1795 1202 1858 Priua
1220 1797 1261 1858 iic
1278 1799 1354 1881 lege·

318 1901 427 1964 batur:
456 1903 559 1979 Atque
577 1897 611 1956 in
630 1891 717 1964 urbe.
742 1915 836 1977 quam
860 1895 942 1958 Solio
961 1895 1144 1976 appellant.
1162 1889 1354 1986 fragranti·

318 1999 376 2064 bus
398 1995 606 2090 arrhiobrfiir
628 1987 783 2086 irrfereru.
801 1986 883 2086 saſsa.
937 1998 1056 2059 Divitia
1078 1999 1299 2071 vocabulum,
1323 2020 1354 2062 at

317 2103 404 2188 lege:
422 2097 530 2160 arctato
544 2095 651 2192 bustis,
666 2109 699 2160 et
715 2115 823 2158 veram
840 2097 971 2160 babebis
986 2097 1173 2163 lectionem.
1207 2105 1352 2164 Arabium

315 2205 359 2268 eli
384 2199 527 2290 ἀρχεῖον.
579 2200 754 2280 Vtrumque
776 2199 866 2260 enim
888 2213 1010 2261 rectum
1034 2202 1181 2262 arclairrm
1201 2219 1234 2266 et
1256 2205 1352 2263 archi·

314 2327 407 2376 vum,
439 2303 487 2364 uli
511 2301 623 2364 orlium
642 2313 675 2362 et
695 2301 848 2370 odinum,
883 2299 1028 2362 museum
1051 2303 1233 2376 musivum,
1262 2303 1347 2363 dium

316 2421 350 2472 et
368 2407 491 2468 divum.
542 2403 695 2466 Arubium
719 2415 826 2463 autem
850 2401 903 2463 hic
926 2403 994 2463 noli
1019 2407 1162 2485 accipere
1186 2405 1238 2488 pr'o
1259 2405 1343 2463 tabu·

314 2511 411 2579 lario,
436 2521 473 2568 ut
491 2503 555 2568 sere
575 2505 657 2588 apurl
681 2505 809 2565 Latinos
831 2503 1033 2566 archivorum
1055 2523 1120 2566 rox
1143 2507 1241 2588 accipi
1261 2503 1343 2575 solet,

229 2693 233 2702 ¹
318 2611 368 2675 sed
389 2629 447 2695 pro
470 2605 534 2692 ipso
555 2607 694 2690 templo,
728 2608 775 2667 uti
797 2604 925 2675 Graeci,
957 2607 1010 2668 vel
1033 2609 1145 2689 potius
1168 2627 1229 2689 pro
1252 2609 1345 2686 adyto

314 2713 440 2798 templi,
459 2709 516 2772 ubi
531 2707 779 2794 congregabatur
795 2707 990 2791 magistratus
1006 2705 1220 2773 sacerdotum.
1264 2711 1348 2772 Dicit

314 2815 507 2902 phoenicem
528 2809 589 2873 offa
609 2812 745 2894 parentia
763 2807 815 2878 sui,
842 2809 894 2870 vel
910 2810 1017 2890 potius
1035 2809 1080 2870 sui
1098 2811 1207 2892 ipsius.
1234 2811 1349 2872 inclusa

312 2917 439 2998 myrrha
454 2915 488 2975 in
503 2913 682 2997 Aegyptum
698 2911 871 2992 deportare,
893 2927 986 2992 atque
1003 2913 1035 2972 iu
1051 2913 1165 2973 arclieo
1182 2911 1237 2974 seu
1253 2923 1348 2991 adyto

179 3076 182 3082 .
312 3017 425 3100 templi
444 3013 671 3096 Heliopolitani
693 3012 787 3074 bullio
803 3030 838 3072 ea
860 3009 1067 3096 fragrantibus
1089 3011 1226 3083 inserte.
1254 3033 1291 3076 ac
1313 3013 1350 3076 fir

311 3119 410 3183 semet
432 3115 531 3198 ipsum
555 3116 761 3176 irremorando
775 3111 885 3174 funere
900 3111 1088 3176 consecrare.
1141 3115 1197 3177 Sic
1220 3136 1348 3199 quoque

309 3223 378 3294 alii,
406 3219 463 3281 nili
478 3217 564 3300 quod
580 3217 614 3277 iu
631 3217 729 3279 modo
744 3215 924 3300 gestationis
944 3215 1108 3296 paululum
1124 3235 1140 3275 a
1158 3215 1188 3276 se
1205 3220 1347 3280 iuvioem

309 3323 432 3388 abeant.
456 3351 501 3364 ·-
529 3337 670 3381 voratur.
720 3319 831 3379 Servat
852 3313 953 3376 nardo
972 3313 1086 3408 buflis,
1112 3331 1200 3380 certo
1223 3339 1265 3382 ex
1286 3319 1346 3380 boe

308 3427 380 3491 loco
396 3423 519 3506 repetit,
538 3421 692 3482 Graevius
705 3421 739 3479 in
757 3418 930 3479 Burmanni
948 3414 1064 3502 sylloge
1080 3418 1239 3500 epistolar.
1251 3423 1295 3482 T.
1310 3429 1343 3498 4.

309 3527 396 3614 epist,
417 3537 503 3607 441.
529 3543 560 3606 p.
579 3535 662 3600 515.
694 3519 866 3604 probatque
895 3517 1007 3580 diserte
1033 3517 1192 3583 Gesnerus
1216 3523 1254 3584 in
1281 3523 1345 3584 tbo·

310 3629 398 3694 sauro
421 3629 458 3691 L.
483 3627 519 3688 L.
554 3637 587 3687 et
608 3622 675 3706 post
696 3623 871 3684 Sabellarua
893 3623 925 3681 in
949 3621 1066 3681 Lexico
1089 3619 1144 3683 sub
1165 3623 1199 3686 h.
1224 3645 1259 3686 v.
1311 3623 1344 3685 Si

308 3733 416 3795 arcirio
436 3727 535 3822 buflis
550 3747 589 3789 ex
606 3723 768 3787 codicibus
789 3722 941 3784 omnibus
957 3727 1031 3783 dum
1050 3718 1157 3786 Voffio
1176 3723 1343 3808 praesens.

307 3855 346 3899 ex
362 3835 472 3896 Latina
489 3831 593 3916 lingua
609 3827 755 3910 explicari
774 3825 811 3885 ad
831 3825 927 3885 huma
943 3823 1003 3884 loci
1021 3821 1145 3886 sanium
1167 3829 1343 3890 commode

307 3939 434 4020 nequit.
466 3933 584 4016 quippe
602 3931 635 3990 in
656 3949 716 4010 qua
736 3927 885 4012 significat
906 3925 1269 4010 grammatophylacium
1289 3929 1343 3990 val

307 4039 512 4105 tabularium,
534 4033 618 4113 quod
638 4032 763 4112 proprie
784 4029 888 4088 Latini
910 4028 1030 4090 dicunt.
1069 4029 1140 4089 Viri.
1163 4025 1286 4092 Vollrua
1304 4033 1340 4089 in

305 4139 447 4221 Etymol.
466 4139 534 4198 Lat.
552 4135 588 4197 L.
608 4133 639 4196 b.
655 4151 688 4195 v.
722 4131 785 4194 Serl
805 4133 848 4192 ita
865 4131 960 4192 etiam
981 4129 1015 4190 in
1034 4127 1161 4194 Graecia
1181 4131 1340 4214 expliuant
