2788 4942
317 423 406 478 ero.
438 423 475 476 n.
521 423 553 476 c.
583 421 648 480 vn.
690 417 716 488 t·
742 435 790 492 ¹9·
1013 433 1076 500 595

28 595 206 664 Carbonia
221 595 361 666 videtur,
387 594 475 676 qnod
496 613 595 657 uerno
618 593 722 655 travit.
760 593 853 674 ilputl
869 589 1013 658 Plinium
1041 611 1074 672 5.

31 721 86 764 ra.
107 699 129 763 i.
150 699 188 765 6.
225 699 396 760 Hermolao
430 696 567 758 Barbara
594 709 626 758 et
656 694 821 756 Harduino
855 710 986 778 putatur
1017 697 1077 763 elle

23 805 208 880 Barpana.
246 802 294 860 uti
317 799 435 860 halrent
456 817 570 860 ornnea
592 799 737 868 codices.
768 817 863 877 quam
888 799 1077 879 opinionem

25 907 165 966 adiurat
187 904 349 964 literarum
366 901 521 963 adfinitas.
562 899 711 981 Alioquin
728 896 822 980 polilt
836 899 896 962 elle
913 897 1078 988 Planafia.

25 1026 131 1089 qnam
147 1009 182 1066 in
201 1005 265 1064 hoc
284 1017 385 1064 tractu
400 1003 544 1064 conlocat
561 1001 763 1064 Ptolemaeo·
781 1015 813 1078 3.
834 1021 863 1065 1.
881 999 902 1064 i.
929 1015 961 1062 et
977 1007 1080 1086 magia

27 1108 153 1170 diserte
184 1107 367 1166 Antoniana
397 1105 430 1164 in
457 1105 562 1167 itiner.
589 1125 621 1186 p.
645 1113 730 1180 5²4·
760 1104 879 1184 qnippe
908 1105 963 1182 qui
995 1109 1078 1168 inter

26 1211 141 1272 ilvam
161 1221 197 1270 et
219 1205 389 1268 Planasiam
410 1205 505 1266 habet
525 1205 666 1290 Igilium.
701 1207 738 1266 ln
757 1203 864 1266 Plinio
884 1218 990 1266 tamen
1007 1207 1080 1269 Pla·

30 1314 136 1372 naria
157 1323 354 1370 memoratur
370 1321 543 1390 praeterera
558 1320 590 1368 et
605 1302 768 1396 Planasia.
809 1305 982 1368 Cluverine
1002 1329 1081 1372 vero

29 1415 66 1474 in
93 1413 189 1473 ltalia
211 1425 276 1474 ant.
302 1425 334 1478 a.
363 1427 392 1470 e.
414 1423 493 1471 extr.
519 1429 550 1491 p.
572 1421 656 1488 505.
685 1410 834 1468 vitiatum
856 1427 976 1470 nomen
1004 1413 1082 1472 Car·

29 1514 140 1574 banio
162 1525 257 1594 putat
271 1532 310 1573 ex
333 1507 548 1572 Columbaria.
590 1508 641 1572 Ci.
658 1509 695 1570 arl
712 1529 789 1572 eum
807 1509 951 1574 Holllen.
974 1533 1005 1596 p.
1024 1525 1082 1594 38.

30 1617 176 1685 Dubito.
207 1633 246 1674 an
263 1614 340 1674 certi
355 1613 475 1694 aliquid
491 1611 583 1674 [latui
604 1605 709 1696 polilt.

117 1763 157 1830 V
163 1786 235 1846 rgo
242 1763 261 1847 )
312 1763 422 1826 Codex
448 1763 482 1827 ll.
499 1763 645 1826 Gronov.
669 1764 768 1826 Vatic.
786 1777 818 1842 3.
841 1763 934 1847 Prag.
956 1778 988 1824 et
1011 1765 1084 1830 edd.

38 1892 51 1932 t
61 1883 97 1948 5.
121 1883 181 1938 17.
205 1883 262 1929 ao.
281 1879 337 1944 23.
362 1867 531 1946 Gorgona3
558 1863 652 1928 Parii.
676 1881 709 1928 2.
736 1865 912 1946 Gangem,-
937 1867 989 1926 alii
1009 1865 1085 1930 libri

33 1989 157 2034 amaea
180 1983 216 2030 et
237 1965 340 2049 scripti
361 1981 393 2028 et
416 1969 493 2028 editi
513 1965 620 2048 Vrgo‚
644 1981 767 2026 tantum
783 1969 833 2030 ed.
853 1969 955 2050 Lugii.
980 1980 1085 2046 1538.

37 2075 171 2151 Vargo.
209 2089 409 2131 rzecnvcrrr..
463 2071 511 2130 lta
529 2067 654 2132 Pliniua
671 2081 702 2144 3.
719 2065 751 2132 G.
773 2061 817 2154 [i.
842 2064 917 2156 aa]
941 2084 971 2129 et
991 2069 1083 2136 MSS.

35 2177 170 2238 eodicea
190 2171 302 2240 Melae.
328 2185 460 2252 excepto
477 2190 562 2238 meo,
589 2173 623 2230 in
640 2190 703 2252 quo
720 2184 812 2250 atque
829 2171 924 2231 etiarn
942 2169 1086 2234 editione

35 2277 172 2338 Iuntina
199 2273 315 2356 legitur
341 2273 499 2351 Gorgona,
525 2273 700 2352 eademque
727 2271 854 2350 Gorgon
878 2267 1087 2352 appellatura

37 2377 168 2442 Rutilio
191 2375 250 2434 lib.
272 2395 301 2436 ι.
325 2375 431 2436 itiner.
458 2395 490 2435 r.
510 2375 594 2450 516.
629 2363 782 2464 Acisnrgit
803 2376 896 2452 panti
912 2371 1013 2434 raalio
1029 2375 1088 2434 cir·

43 2473 188 2565 cnrnjlna
235 2475 363 2556 Gorgon
396 2477 486 2536 Inter
520 2467 674 2566 Pisanum
706 2471 957 2558 Cyr'niaanrnqne
989 2475 1086 2538 latret.

46 2601 76 2642 a.
103 2577 317 2640 oaon‘ortve.
371 2577 510 2647 Eadem,
541 2597 620 2658 quae
642 2577 713 2646 hic,
741 2576 872 2636 variatio
893 2577 1032 2636 cernitur
1054 2577 1088 2638 in
1129 2647 1133 2654 ¹

44 2683 172 2748 Plinio.
200 2680 257 2738 ubi
281 2677 388 2758 Orgon
411 2679 488 2738 olim
510 2692 543 2738 et
562 2677 711 2757 Gorgona
730 2677 907 2760 legebatur,
939 2677 1028 2758 Vrgo
1047 2691 1089 2740 ta·

45 2807 134 2850 men.
161 2781 239 2842 teste
257 2781 433 2848 Hardnin0.
456 2779 494 2838 ab
511 2779 662 2840 omnibus
680 2779 801 2840 ttssrie
822 2779 984 2858 probatur.
1020 2777 1089 2840 Nec

44 2889 208 2964 discrepat
231 2882 407 2943 Martianus
426 2881 480 2943 lib.
503 2881 536 2943 6.
564 2901 596 2962 p.
620 2895 703 2954 207.
743 2881 906 2960 Stephano
928 2881 1025 2940 etiam
1047 2879 1090 2942 en

42 2981 189 3074 Ὀργῶν.
248 2983 280 3045 V
281 3003 336 3063 rgo
358 2983 467 3063 ntique
491 2981 620 3043 videtur
642 3001 762 3044 rionren
786 2983 969 3062 antiquum.
1002 2981 1090 3062 quod

42 3089 207 3173 posterior
226 3099 308 3146 aetat
330 3085 468 3144 mutavit
490 3084 522 3142 in
542 3083 669 3162 Gorgon
692 3097 723 3144 et
747 3083 906 3164 Gorgona.
936 3101 1000 3164 quo
1021 3084 1090 3168 qni·

45 3195 123 3253 dem
145 3188 314 3268 Caprarioe
336 3186 522 3268 adiungitur
540 3187 574 3246 in
592 3185 708 3266 Geogr.
731 3187 876 3246 llareno.
899 3197 928 3260 5.
948 3199 1004 3256 27.
1048 3185 1091 3246 Et

45 3295 85 3354 fic
99 3291 208 3353 hodie
227 3277 357 3348 rodatur
375 3287 534 3366 Gorgona.
571 3285 730 3366 Gorgonis
745 3278 848 3376 insola
863 3285 904 3348 el't
920 3287 953 3346 in
971 3289 1092 3352 tatone

44 3391 232 3456 Ptolemaei
249 3402 282 3464 3,
311 3385 377 3452 r.l'.
414 3389 602 3448 Hermolaus
627 3389 658 3448 in
680 3387 827 3470 castigant.
860 3390 894 3449 io
917 3389 999 3450 Plin.
1022 3409 1048 3452 c.
1071 3389 1094 3454 l.

46 3496 134 3578 apud
168 3511 284 3552 omnes
312 3489 517 3572 Geographoa
549 3503 672 3551 veterae
705 3491 833 3571 reponit
865 3491 962 3576 igitur
991 3489 1026 3554 V
1026 3511 1091 3570 rgo.

46 3597 306 3660 liminianam
328 3589 487 3652 servarunt
507 3591 590 3655 liltri.
635 3591 696 3654 Pro
720 3591 883 3670 Capraria
904 3593 994 3676 Prag.
1016 3593 1095 3654 Car·

48 3701 145 3778 pria,·
173 3695 282 3756 Harn.
305 3713 378 3754 eum
398 3693 470 3756 edd.
489 3705 521 3774 5.
541 3705 574 3776 sp.
593 3703 626 3772 5.
645 3693 677 3756 6.
698 3710 731 3778 7.
752 3705 785 3772 8.
806 3713 862 3760 ιο.
882 3713 938 3760 tt.
962 3711 1014 3762 t2.
1037 3703 1094 3778 14.

57 3819 113 3886 ¹9·
140 3796 298 3876 Ceparia.

130 3937 299 4039 divisae
328 3936 497 4038 Corsica
518 3945 596 4030 —)
646 3947 830 4010 Turbarunt
864 3949 951 4012 ltnnc
987 3947 1096 4010 locum

53 4051 192 4124 librarii,
219 4049 372 4134 impliciti
396 4051 587 4134 repetitione
610 4051 699 4114 vocir
721 4049 860 4124 Corsica,
893 4049 1096 4138 neglectaque

654 4153 713 4236 Pp
744 4167 764 4216 a
