<?xml version="1.0" encoding="UTF-8"?>
<!DOCTYPE html PUBLIC "-//W3C//DTD XHTML 1.0 Transitional//EN"
    "http://www.w3.org/TR/xhtml1/DTD/xhtml1-transitional.dtd">
<html xmlns="http://www.w3.org/1999/xhtml" xml:lang="en" lang="en">
 <head>
  <title>
</title>
<meta http-equiv="Content-Type" content="text/html;charset=utf-8" />
  <meta name='ocr-system' content='tesseract 3.04.00' />
  <meta name='ocr-capabilities' content='ocr_page ocr_carea ocr_par ocr_line ocrx_word'/>
</head>
<body>
  <div class='ocr_page' id='page_1' title='image "./pomponiimelaede05melagoog_0827.png"; bbox 0 0 2836 4940; ppageno 0'>
   <div class='ocr_carea' id='block_1_1' title="bbox 374 377 1125 456">
    <p class='ocr_par' dir='ltr' id='par_1_1' title="bbox 374 377 1125 456">
     <span class='ocr_line' id='line_1_1' title="bbox 374 377 1125 456; baseline -0.005 -18"><span class='ocrx_word' id='word_1_1' title='bbox 374 379 464 438; x_wconf 75' lang='grc' dir='ltr'><strong>ΗΒ.</strong></span> <span class='ocrx_word' id='word_1_2' title='bbox 491 381 544 436; x_wconf 89' lang='lat' dir='ltr'><strong>m.</strong></span> <span class='ocrx_word' id='word_1_3' title='bbox 589 379 623 438; x_wconf 74' lang='lat'><strong>0.</strong></span> <span class='ocrx_word' id='word_1_4' title='bbox 653 381 704 442; x_wconf 77' lang='lat' dir='ltr'><strong>Vl.</strong></span> <span class='ocrx_word' id='word_1_5' title='bbox 747 377 826 450; x_wconf 71' lang='grc' dir='ltr'><strong>Μ.</strong></span> <span class='ocrx_word' id='word_1_6' title='bbox 1066 392 1125 456; x_wconf 76' lang='lat'><strong>¹99</strong></span> 
     </span>
    </p>
   </div>
   <div class='ocr_carea' id='block_1_2' title="bbox 77 549 1213 4183">
    <p class='ocr_par' dir='ltr' id='par_1_2' title="bbox 77 549 1213 4183">
     <span class='ocr_line' id='line_1_2' title="bbox 77 549 1125 635; baseline 0 -21"><span class='ocrx_word' id='word_1_7' title='bbox 77 571 149 616; x_wconf 86' lang='lat' dir='ltr'><strong>nou</strong></span> <span class='ocrx_word' id='word_1_8' title='bbox 171 569 302 635; x_wconf 79' lang='lat' dir='ltr'><strong>magnae</strong></span> <span class='ocrx_word' id='word_1_9' title='bbox 318 565 352 615; x_wconf 89' lang='lat' dir='ltr'><strong>et</strong></span> <span class='ocrx_word' id='word_1_10' title='bbox 371 553 509 634; x_wconf 86' lang='lat' dir='ltr'><strong>patulae,</strong></span> <span class='ocrx_word' id='word_1_11' title='bbox 536 549 587 615; x_wconf 85' lang='lat' dir='ltr'><strong>ietl</strong></span> <span class='ocrx_word' id='word_1_12' title='bbox 606 553 711 614; x_wconf 82' lang='lat' dir='ltr'><strong>laneae</strong></span> <span class='ocrx_word' id='word_1_13' title='bbox 725 553 778 614; x_wconf 88' lang='lat' dir='ltr'><strong>vel</strong></span> <span class='ocrx_word' id='word_1_14' title='bbox 793 555 918 614; x_wconf 81' lang='lat' dir='ltr'><strong>cirratas</strong></span> <span class='ocrx_word' id='word_1_15' title='bbox 934 550 1125 614; x_wconf 71' lang='lat' dir='ltr'><strong>habebimus</strong></span> 
     </span>
     <span class='ocr_line' id='line_1_3' title="bbox 79 653 1213 736; baseline 0.003 -22"><span class='ocrx_word' id='word_1_16' title='bbox 79 673 191 724; x_wconf 83' lang='lat' dir='ltr'><strong>aureo,</strong></span> <span class='ocrx_word' id='word_1_17' title='bbox 222 655 309 735; x_wconf 90' lang='lat' dir='ltr'><strong>quod</strong></span> <span class='ocrx_word' id='word_1_18' title='bbox 333 655 410 736; x_wconf 87' lang='lat' dir='ltr'><strong>quid</strong></span> <span class='ocrx_word' id='word_1_19' title='bbox 434 655 489 714; x_wconf 83' lang='lat' dir='ltr'><strong>irbi</strong></span> <span class='ocrx_word' id='word_1_20' title='bbox 511 655 608 725; x_wconf 84' lang='lat' dir='ltr'><strong>volit.</strong></span> <span class='ocrx_word' id='word_1_21' title='bbox 643 669 699 716; x_wconf 87' lang='lat' dir='ltr'><strong>aut</strong></span> <span class='ocrx_word' id='word_1_22' title='bbox 722 655 886 736; x_wconf 88' lang='lat' dir='ltr'><strong>quomodo</strong></span> <span class='ocrx_word' id='word_1_23' title='bbox 908 655 947 715; x_wconf 87' lang='lat' dir='ltr'><strong>ad</strong></span> <span class='ocrx_word' id='word_1_24' title='bbox 968 653 1125 717; x_wconf 70' lang='lat' dir='ltr'><strong>Panotios</strong></span> <span class='ocrx_word' id='word_1_25' title='bbox 1208 723 1213 728; x_wconf 61' lang='grc'><strong>,</strong></span> 
     </span>
     <span class='ocr_line' id='line_1_4' title="bbox 80 753 1124 838; baseline 0 -22"><span class='ocrx_word' id='word_1_26' title='bbox 80 757 258 838; x_wconf 84' lang='lat' dir='ltr'><strong>pertineat,</strong></span> <span class='ocrx_word' id='word_1_27' title='bbox 286 777 383 817; x_wconf 91' lang='lat' dir='ltr'><strong>nemo</strong></span> <span class='ocrx_word' id='word_1_28' title='bbox 406 757 571 836; x_wconf 85' lang='lat' dir='ltr'><strong>expediat.</strong></span> <span class='ocrx_word' id='word_1_29' title='bbox 598 775 672 818; x_wconf 86' lang='lat' dir='ltr'><strong>cum</strong></span> <span class='ocrx_word' id='word_1_30' title='bbox 686 775 754 818; x_wconf 90' lang='lat' dir='ltr'><strong>non</strong></span> <span class='ocrx_word' id='word_1_31' title='bbox 777 753 834 816; x_wconf 79' lang='lat' dir='ltr'><strong>uili</strong></span> <span class='ocrx_word' id='word_1_32' title='bbox 855 773 955 836; x_wconf 85' lang='lat' dir='ltr'><strong>aeque</strong></span> <span class='ocrx_word' id='word_1_33' title='bbox 970 756 1124 836; x_wconf 86' lang='lat' dir='ltr'><strong>ineptam,</strong></span> 
     </span>
     <span class='ocr_line' id='line_1_5' title="bbox 82 855 1124 939; baseline 0.002 -23"><span class='ocrx_word' id='word_1_34' title='bbox 82 877 120 916; x_wconf 88' lang='lat' dir='ltr'><strong>ac</strong></span> <span class='ocrx_word' id='word_1_35' title='bbox 143 857 179 916; x_wconf 82' lang='lat' dir='ltr'><strong>sn</strong></span> <span class='ocrx_word' id='word_1_36' title='bbox 202 855 265 937; x_wconf 86' lang='lat' dir='ltr'><strong>ipia</strong></span> <span class='ocrx_word' id='word_1_37' title='bbox 288 857 494 939; x_wconf 84' lang='lat' dir='ltr'><strong>compofitio‚</strong></span> <span class='ocrx_word' id='word_1_38' title='bbox 529 857 606 918; x_wconf 85' lang='lat' dir='ltr'><strong>haec</strong></span> <span class='ocrx_word' id='word_1_39' title='bbox 628 879 692 920; x_wconf 87' lang='lat' dir='ltr'><strong>vox</strong></span> <span class='ocrx_word' id='word_1_40' title='bbox 713 857 861 918; x_wconf 80' lang='lat' dir='ltr'><strong>admittat</strong></span> <span class='ocrx_word' id='word_1_41' title='bbox 884 857 1124 939; x_wconf 69' lang='lat' dir='ltr'><strong>expositionem.</strong></span> 
     </span>
     <span class='ocr_line' id='line_1_6' title="bbox 83 957 1125 1041; baseline 0.001 -24"><span class='ocrx_word' id='word_1_42' title='bbox 83 975 218 1019; x_wconf 70' lang='lat' dir='ltr'><strong>rotetur</strong></span> <span class='ocrx_word' id='word_1_43' title='bbox 238 960 271 1019; x_wconf 86' lang='lat' dir='ltr'><strong>in</strong></span> <span class='ocrx_word' id='word_1_44' title='bbox 291 957 467 1038; x_wconf 76' lang='lat' dir='ltr'><strong><em>appendice</em></strong></span> <span class='ocrx_word' id='word_1_45' title='bbox 486 957 530 1018; x_wconf 84' lang='lat' dir='ltr'><strong>ad</strong></span> <span class='ocrx_word' id='word_1_46' title='bbox 552 961 585 1022; x_wconf 77' lang='grc' dir='ltr'><strong>ὴ.</strong></span> <span class='ocrx_word' id='word_1_47' title='bbox 607 958 629 1021; x_wconf 85' lang='grc' dir='ltr'><strong>ί.</strong></span> <span class='ocrx_word' id='word_1_48' title='bbox 682 959 897 1021; x_wconf 82' lang='lat' dir='ltr'><strong>Vehementer</strong></span> <span class='ocrx_word' id='word_1_49' title='bbox 918 959 968 1018; x_wconf 87' lang='lat' dir='ltr'><strong>illa</strong></span> <span class='ocrx_word' id='word_1_50' title='bbox 986 957 1125 1041; x_wconf 83' lang='lat' dir='ltr'><strong>exagitat</strong></span> 
     </span>
     <span class='ocr_line' id='line_1_7' title="bbox 83 1055 1125 1141; baseline 0.001 -21"><span class='ocrx_word' id='word_1_51' title='bbox 83 1055 219 1121; x_wconf 86' lang='lat' dir='ltr'><strong>Voffiue.</strong></span> <span class='ocrx_word' id='word_1_52' title='bbox 245 1089 295 1102; x_wconf 94' lang='lat'><strong>·-</strong></span> <span class='ocrx_word' id='word_1_53' title='bbox 333 1059 527 1141; x_wconf 79' lang='lat' dir='ltr'><strong>Respondeo</strong></span> <span class='ocrx_word' id='word_1_54' title='bbox 545 1061 584 1120; x_wconf 90' lang='lat' dir='ltr'><strong>ad</strong></span> <span class='ocrx_word' id='word_1_55' title='bbox 603 1061 701 1141; x_wconf 80' lang='lat' dir='ltr'><strong>priua.</strong></span> <span class='ocrx_word' id='word_1_56' title='bbox 740 1061 865 1122; x_wconf 84' lang='lat' dir='ltr'><strong>Omnea</strong></span> <span class='ocrx_word' id='word_1_57' title='bbox 887 1061 921 1120; x_wconf 93' lang='lat' dir='ltr'><strong>id</strong></span> <span class='ocrx_word' id='word_1_58' title='bbox 944 1077 1011 1120; x_wconf 89' lang='lat' dir='ltr'><strong>non</strong></span> <span class='ocrx_word' id='word_1_59' title='bbox 1034 1060 1125 1121; x_wconf 81' lang='lat' dir='ltr'><strong>vide·</strong></span> 
     </span>
     <span class='ocr_line' id='line_1_8' title="bbox 80 1159 1123 1242; baseline 0.003 -23"><span class='ocrx_word' id='word_1_60' title='bbox 80 1173 171 1230; x_wconf 78' lang='lat' dir='ltr'><strong>runt.</strong></span> <span class='ocrx_word' id='word_1_61' title='bbox 194 1161 249 1241; x_wconf 89' lang='lat' dir='ltr'><strong>qui</strong></span> <span class='ocrx_word' id='word_1_62' title='bbox 265 1161 497 1242; x_wconf 74' lang='lat' dir='ltr'><strong>Apollodorum</strong></span> <span class='ocrx_word' id='word_1_63' title='bbox 517 1160 707 1234; x_wconf 86' lang='lat' dir='ltr'><strong>ediderunt;</strong></span> <span class='ocrx_word' id='word_1_64' title='bbox 732 1175 785 1222; x_wconf 88' lang='lat' dir='ltr'><strong>aut</strong></span> <span class='ocrx_word' id='word_1_65' title='bbox 801 1159 821 1220; x_wconf 82' lang='lat' dir='ltr'><strong>st</strong></span> <span class='ocrx_word' id='word_1_66' title='bbox 836 1163 871 1222; x_wconf 90' lang='lat' dir='ltr'><strong>in</strong></span> <span class='ocrx_word' id='word_1_67' title='bbox 888 1175 1033 1222; x_wconf 88' lang='lat' dir='ltr'><strong>mentem</strong></span> <span class='ocrx_word' id='word_1_68' title='bbox 1049 1159 1123 1242; x_wconf 81' lang='lat' dir='ltr'><strong>iptir</strong></span> 
     </span>
     <span class='ocr_line' id='line_1_9' title="bbox 82 1259 1123 1348; baseline 0.002 -26"><span class='ocrx_word' id='word_1_69' title='bbox 82 1262 187 1329; x_wconf 80' lang='lat' dir='ltr'><strong>venit,</strong></span> <span class='ocrx_word' id='word_1_70' title='bbox 213 1280 280 1323; x_wconf 89' lang='lat' dir='ltr'><strong>nou</strong></span> <span class='ocrx_word' id='word_1_71' title='bbox 299 1275 447 1343; x_wconf 82' lang='lat' dir='ltr'><strong>putarent</strong></span> <span class='ocrx_word' id='word_1_72' title='bbox 464 1265 555 1332; x_wconf 88' lang='lat' dir='ltr'><strong>tanti,</strong></span> <span class='ocrx_word' id='word_1_73' title='bbox 580 1275 617 1324; x_wconf 88' lang='lat' dir='ltr'><strong>ut</strong></span> <span class='ocrx_word' id='word_1_74' title='bbox 632 1263 810 1348; x_wconf 77' lang='lat' dir='ltr'><strong>vulgarent.</strong></span> <span class='ocrx_word' id='word_1_75' title='bbox 862 1261 932 1324; x_wconf 88' lang='lat' dir='ltr'><strong>Nec</strong></span> <span class='ocrx_word' id='word_1_76' title='bbox 951 1263 1042 1323; x_wconf 90' lang='lat' dir='ltr'><strong>aliter</strong></span> <span class='ocrx_word' id='word_1_77' title='bbox 1057 1259 1123 1342; x_wconf 81' lang='lat' dir='ltr'><strong>ipse</strong></span> 
     </span>
     <span class='ocr_line' id='line_1_10' title="bbox 86 1360 1123 1446; baseline 0.002 -24"><span class='ocrx_word' id='word_1_78' title='bbox 86 1381 225 1445; x_wconf 88' lang='lat' dir='ltr'><strong>agerem.</strong></span> <span class='ocrx_word' id='word_1_79' title='bbox 273 1360 400 1425; x_wconf 83' lang='lat' dir='ltr'><strong>Voffiue</strong></span> <span class='ocrx_word' id='word_1_80' title='bbox 423 1385 526 1446; x_wconf 87' lang='lat' dir='ltr'><strong>quum</strong></span> <span class='ocrx_word' id='word_1_81' title='bbox 548 1363 715 1446; x_wconf 81' lang='lat' dir='ltr'><strong>inspiceret</strong></span> <span class='ocrx_word' id='word_1_82' title='bbox 737 1365 836 1426; x_wconf 87' lang='lat' dir='ltr'><strong>Henr.</strong></span> <span class='ocrx_word' id='word_1_83' title='bbox 860 1363 1015 1446; x_wconf 74' lang='lat' dir='ltr'><strong>Stephani</strong></span> <span class='ocrx_word' id='word_1_84' title='bbox 1037 1363 1123 1424; x_wconf 83' lang='lat' dir='ltr'><strong>The·</strong></span> 
     </span>
     <span class='ocr_line' id='line_1_11' title="bbox 83 1459 1123 1546; baseline 0.002 -24"><span class='ocrx_word' id='word_1_85' title='bbox 83 1461 210 1524; x_wconf 76' lang='lat' dir='ltr'><strong>faurum</strong></span> <span class='ocrx_word' id='word_1_86' title='bbox 231 1465 265 1524; x_wconf 91' lang='lat' dir='ltr'><strong>iu</strong></span> <span class='ocrx_word' id='word_1_87' title='bbox 286 1483 367 1526; x_wconf 85' lang='lat' dir='ltr'><strong>voce</strong></span> <span class='ocrx_word' id='word_1_88' title='bbox 390 1459 550 1539; x_wconf 79' lang='grc' dir='ltr'><strong><em>Μολλός,</em></strong></span> <span class='ocrx_word' id='word_1_89' title='bbox 576 1479 609 1526; x_wconf 88' lang='lat' dir='ltr'><strong>et</strong></span> <span class='ocrx_word' id='word_1_90' title='bbox 626 1465 751 1528; x_wconf 85' lang='lat' dir='ltr'><strong>videret</strong></span> <span class='ocrx_word' id='word_1_91' title='bbox 772 1467 837 1526; x_wconf 89' lang='lat' dir='ltr'><strong>illic</strong></span> <span class='ocrx_word' id='word_1_92' title='bbox 858 1465 1030 1546; x_wconf 85' lang='lat' dir='ltr'><strong>comparari</strong></span> <span class='ocrx_word' id='word_1_93' title='bbox 1047 1481 1123 1525; x_wconf 86' lang='lat' dir='ltr'><strong>cum</strong></span> 
     </span>
     <span class='ocr_line' id='line_1_12' title="bbox 81 1559 1123 1650; baseline 0.001 -26"><span class='ocrx_word' id='word_1_94' title='bbox 81 1583 118 1625; x_wconf 85' lang='lat' dir='ltr'><strong>ea</strong></span> <span class='ocrx_word' id='word_1_95' title='bbox 143 1559 305 1636; x_wconf 81' lang='grc' dir='ltr'>σκόλλυν,</span> <span class='ocrx_word' id='word_1_96' title='bbox 332 1565 499 1650; x_wconf 79' lang='lat' dir='ltr'><strong>evestigio</strong></span> <span class='ocrx_word' id='word_1_97' title='bbox 520 1567 553 1628; x_wconf 86' lang='lat' dir='ltr'><strong>id</strong></span> <span class='ocrx_word' id='word_1_98' title='bbox 573 1569 723 1650; x_wconf 81' lang='lat' dir='ltr'><strong>arripuit.</strong></span> <span class='ocrx_word' id='word_1_99' title='bbox 750 1580 782 1628; x_wconf 93' lang='lat' dir='ltr'><strong>et</strong></span> <span class='ocrx_word' id='word_1_100' title='bbox 800 1567 1000 1647; x_wconf 83' lang='lat' dir='ltr'><strong>repentinam</strong></span> <span class='ocrx_word' id='word_1_101' title='bbox 1016 1567 1123 1648; x_wconf 84' lang='lat' dir='ltr'><strong>captu·</strong></span> 
     </span>
     <span class='ocr_line' id='line_1_13' title="bbox 81 1665 1122 1748; baseline 0.002 -22"><span class='ocrx_word' id='word_1_102' title='bbox 81 1685 150 1726; x_wconf 79' lang='lat' dir='ltr'><strong>ram</strong></span> <span class='ocrx_word' id='word_1_103' title='bbox 174 1667 371 1748; x_wconf 79' lang='lat' dir='ltr'><strong>Apollodoro</strong></span> <span class='ocrx_word' id='word_1_104' title='bbox 387 1682 495 1728; x_wconf 88' lang='lat' dir='ltr'><strong>contra</strong></span> <span class='ocrx_word' id='word_1_105' title='bbox 517 1681 641 1730; x_wconf 82' lang='lat' dir='ltr'><strong>veterea</strong></span> <span class='ocrx_word' id='word_1_106' title='bbox 661 1667 759 1730; x_wconf 81' lang='lat' dir='ltr'><strong>libror</strong></span> <span class='ocrx_word' id='word_1_107' title='bbox 775 1681 808 1730; x_wconf 91' lang='lat' dir='ltr'><strong>et</strong></span> <span class='ocrx_word' id='word_1_108' title='bbox 824 1665 927 1728; x_wconf 82' lang='lat' dir='ltr'><strong>lanum</strong></span> <span class='ocrx_word' id='word_1_109' title='bbox 946 1667 1122 1728; x_wconf 85' lang='lat' dir='ltr'><strong>lectionem</strong></span> 
     </span>
     <span class='ocr_line' id='line_1_14' title="bbox 81 1763 1123 1852; baseline -0.001 -24"><span class='ocrx_word' id='word_1_110' title='bbox 81 1765 233 1828; x_wconf 81' lang='lat' dir='ltr'><strong>infulcirc</strong></span> <span class='ocrx_word' id='word_1_111' title='bbox 251 1765 341 1828; x_wconf 83' lang='lat' dir='ltr'><strong>auiue</strong></span> <span class='ocrx_word' id='word_1_112' title='bbox 359 1765 431 1832; x_wconf 82' lang='lat' dir='ltr'><strong>fuit.</strong></span> <span class='ocrx_word' id='word_1_113' title='bbox 481 1763 639 1844; x_wconf 82' lang='grc' dir='ltr'>Σκόλλυς</span> <span class='ocrx_word' id='word_1_114' title='bbox 654 1789 754 1850; x_wconf 89' lang='lat' dir='ltr'><strong>quum</strong></span> <span class='ocrx_word' id='word_1_115' title='bbox 772 1787 838 1830; x_wconf 91' lang='lat' dir='ltr'><strong>nou</strong></span> <span class='ocrx_word' id='word_1_116' title='bbox 856 1769 988 1852; x_wconf 80' lang='lat' dir='ltr'><strong>legatur,</strong></span> <span class='ocrx_word' id='word_1_117' title='bbox 1014 1769 1071 1828; x_wconf 89' lang='lat' dir='ltr'><strong>nili</strong></span> <span class='ocrx_word' id='word_1_118' title='bbox 1086 1779 1123 1827; x_wconf 87' lang='lat' dir='ltr'><strong>ut</strong></span> 
     </span>
     <span class='ocr_line' id='line_1_15' title="bbox 80 1869 1122 1950; baseline 0.002 -22"><span class='ocrx_word' id='word_1_119' title='bbox 80 1869 211 1950; x_wconf 86' lang='lat' dir='ltr'><strong>propria</strong></span> <span class='ocrx_word' id='word_1_120' title='bbox 226 1869 260 1928; x_wconf 89' lang='lat' dir='ltr'><strong>in</strong></span> <span class='ocrx_word' id='word_1_121' title='bbox 276 1870 396 1950; x_wconf 86' lang='lat' dir='ltr'><strong>capillie</strong></span> <span class='ocrx_word' id='word_1_122' title='bbox 409 1882 442 1930; x_wconf 90' lang='lat' dir='ltr'><strong>et</strong></span> <span class='ocrx_word' id='word_1_123' title='bbox 455 1869 495 1932; x_wconf 79' lang='lat' dir='ltr'><strong>ti·</strong></span> <span class='ocrx_word' id='word_1_124' title='bbox 509 1869 650 1932; x_wconf 82' lang='lat' dir='ltr'><strong>adstricta</strong></span> <span class='ocrx_word' id='word_1_125' title='bbox 665 1891 747 1942; x_wconf 84' lang='lat' dir='ltr'><strong>vox,</strong></span> <span class='ocrx_word' id='word_1_126' title='bbox 775 1869 891 1930; x_wconf 81' lang='lat' dir='ltr'><strong>scilicet</strong></span> <span class='ocrx_word' id='word_1_127' title='bbox 906 1869 1122 1950; x_wconf 75' lang='lat' dir='ltr'><strong>Apollodorus</strong></span> 
     </span>
     <span class='ocr_line' id='line_1_16' title="bbox 83 1969 1123 2056; baseline 0.001 -27"><span class='ocrx_word' id='word_1_128' title='bbox 83 1981 220 2052; x_wconf 85' lang='lat' dir='ltr'><strong>repente</strong></span> <span class='ocrx_word' id='word_1_129' title='bbox 249 1989 320 2031; x_wconf 88' lang='lat' dir='ltr'><strong>eam</strong></span> <span class='ocrx_word' id='word_1_130' title='bbox 352 1969 441 2031; x_wconf 84' lang='lat' dir='ltr'><strong>dedit</strong></span> <span class='ocrx_word' id='word_1_131' title='bbox 473 1969 680 2056; x_wconf 81' lang='lat' dir='ltr'><strong>serpentibue.</strong></span> <span class='ocrx_word' id='word_1_132' title='bbox 732 1972 859 2035; x_wconf 84' lang='lat' dir='ltr'><strong>Scilicet</strong></span> <span class='ocrx_word' id='word_1_133' title='bbox 883 1989 983 2052; x_wconf 89' lang='lat' dir='ltr'><strong>quum</strong></span> <span class='ocrx_word' id='word_1_134' title='bbox 1005 1969 1123 2032; x_wconf 88' lang='lat' dir='ltr'><strong>dicitur</strong></span> 
     </span>
     <span class='ocr_line' id='line_1_17' title="bbox 79 2065 1122 2160; baseline 0.002 -28"><span class='ocrx_word' id='word_1_135' title='bbox 79 2071 168 2153; x_wconf 86' lang='lat' dir='ltr'><strong>apud</strong></span> <span class='ocrx_word' id='word_1_136' title='bbox 200 2070 402 2133; x_wconf 76' lang='lat' dir='ltr'><strong>Athenaeum</strong></span> <span class='ocrx_word' id='word_1_137' title='bbox 438 2065 520 2159; x_wconf 86' lang='lat' dir='ltr'><strong>[rr,</strong></span> <span class='ocrx_word' id='word_1_138' title='bbox 556 2087 611 2153; x_wconf 78' lang='lat'><strong>13.</strong></span> <span class='ocrx_word' id='word_1_139' title='bbox 641 2093 674 2155; x_wconf 93' lang='lat' dir='ltr'><strong>p.</strong></span> <span class='ocrx_word' id='word_1_140' title='bbox 699 2065 806 2158; x_wconf 61' lang='lat'><strong>494]</strong></span> <span class='ocrx_word' id='word_1_141' title='bbox 845 2067 1029 2160; x_wconf 70' lang='grc' dir='ltr'><strong><em>ἀποκείρειν</em></strong></span> <span class='ocrx_word' id='word_1_142' title='bbox 1061 2065 1122 2134; x_wconf 75' lang='lat' dir='ltr'><strong>riu</strong></span> 
     </span>
     <span class='ocr_line' id='line_1_18' title="bbox 81 2165 1123 2258; baseline 0.001 -24"><span class='ocrx_word' id='word_1_143' title='bbox 81 2165 244 2244; x_wconf 78' lang='grc' dir='ltr'>σκόλλυν,</span> <span class='ocrx_word' id='word_1_144' title='bbox 279 2174 307 2235; x_wconf 84' lang='grc' dir='ltr'><strong>ἰε</strong></span> <span class='ocrx_word' id='word_1_145' title='bbox 331 2173 486 2258; x_wconf 83' lang='lat' dir='ltr'><strong>cogitavit</strong></span> <span class='ocrx_word' id='word_1_146' title='bbox 512 2175 552 2236; x_wconf 83' lang='lat' dir='ltr'><strong>tle</strong></span> <span class='ocrx_word' id='word_1_147' title='bbox 577 2175 664 2236; x_wconf 88' lang='lat' dir='ltr'><strong>cirrle</strong></span> <span class='ocrx_word' id='word_1_148' title='bbox 689 2175 844 2258; x_wconf 89' lang='lat' dir='ltr'><strong>anguium</strong></span> <span class='ocrx_word' id='word_1_149' title='bbox 868 2171 920 2234; x_wconf 89' lang='lat' dir='ltr'><strong>leu</strong></span> <span class='ocrx_word' id='word_1_150' title='bbox 947 2173 1123 2235; x_wconf 79' lang='lat' dir='ltr'><strong>draconum</strong></span> 
     </span>
     <span class='ocr_line' id='line_1_19' title="bbox 79 2273 1122 2359; baseline 0.001 -26"><span class='ocrx_word' id='word_1_151' title='bbox 79 2273 176 2334; x_wconf 84' lang='lat' dir='ltr'><strong>inllar</strong></span> <span class='ocrx_word' id='word_1_152' title='bbox 191 2275 363 2346; x_wconf 86' lang='lat' dir='ltr'><strong>contortie;</strong></span> <span class='ocrx_word' id='word_1_153' title='bbox 390 2293 457 2336; x_wconf 91' lang='lat' dir='ltr'><strong>nou</strong></span> <span class='ocrx_word' id='word_1_154' title='bbox 472 2277 573 2359; x_wconf 78' lang='lat' dir='ltr'><strong>magio</strong></span> <span class='ocrx_word' id='word_1_155' title='bbox 588 2289 682 2346; x_wconf 87' lang='lat' dir='ltr'><strong>certe,</strong></span> <span class='ocrx_word' id='word_1_156' title='bbox 699 2296 794 2357; x_wconf 88' lang='lat' dir='ltr'><strong>quam</strong></span> <span class='ocrx_word' id='word_1_157' title='bbox 812 2273 998 2354; x_wconf 80' lang='lat' dir='ltr'><strong>Hesychius.</strong></span> <span class='ocrx_word' id='word_1_158' title='bbox 1017 2293 1122 2356; x_wconf 89' lang='lat' dir='ltr'><strong>quum</strong></span> 
     </span>
     <span class='ocr_line' id='line_1_20' title="bbox 81 2371 1122 2466; baseline 0.001 -32"><span class='ocrx_word' id='word_1_159' title='bbox 81 2372 200 2456; x_wconf 85' lang='lat' dir='ltr'><strong>icriplit</strong></span> <span class='ocrx_word' id='word_1_160' title='bbox 215 2371 448 2462; x_wconf 71' lang='grc' dir='ltr'><strong>ἀποκείρεσθαι</strong></span> <span class='ocrx_word' id='word_1_161' title='bbox 462 2372 521 2438; x_wconf 81' lang='lat' dir='ltr'><strong>rdv</strong></span> <span class='ocrx_word' id='word_1_162' title='bbox 542 2371 675 2466; x_wconf 74' lang='grc' dir='ltr'><strong><em>μαλλον</em></strong></span> <span class='ocrx_word' id='word_1_163' title='bbox 692 2380 725 2437; x_wconf 89' lang='lat' dir='ltr'><strong>ln</strong></span> <span class='ocrx_word' id='word_1_164' title='bbox 744 2398 775 2438; x_wconf 84' lang='lat' dir='ltr'><strong>v.</strong></span> <span class='ocrx_word' id='word_1_165' title='bbox 793 2371 990 2462; x_wconf 71' lang='grc' dir='ltr'><strong><em>Οίνιστήριο.</em></strong></span> <span class='ocrx_word' id='word_1_166' title='bbox 1026 2375 1122 2458; x_wconf 85' lang='lat' dir='ltr'><strong>Quali</strong></span> 
     </span>
     <span class='ocr_line' id='line_1_21' title="bbox 79 2471 1124 2562; baseline 0 -26"><span class='ocrx_word' id='word_1_167' title='bbox 79 2497 149 2536; x_wconf 91' lang='lat' dir='ltr'><strong>uon</strong></span> <span class='ocrx_word' id='word_1_168' title='bbox 170 2495 240 2556; x_wconf 90' lang='lat' dir='ltr'><strong>pare</strong></span> <span class='ocrx_word' id='word_1_169' title='bbox 261 2497 317 2558; x_wconf 92' lang='lat' dir='ltr'><strong>pro</strong></span> <span class='ocrx_word' id='word_1_170' title='bbox 341 2489 411 2538; x_wconf 86' lang='lat' dir='ltr'><strong>toto</strong></span> <span class='ocrx_word' id='word_1_171' title='bbox 433 2472 647 2562; x_wconf 82' lang='lat' dir='ltr'><strong>vulgetlffime</strong></span> <span class='ocrx_word' id='word_1_172' title='bbox 670 2479 808 2547; x_wconf 84' lang='lat' dir='ltr'><strong>dicatur,</strong></span> <span class='ocrx_word' id='word_1_173' title='bbox 843 2490 875 2538; x_wconf 88' lang='lat' dir='ltr'><strong>et</strong></span> <span class='ocrx_word' id='word_1_174' title='bbox 901 2471 1029 2550; x_wconf 78' lang='grc' dir='ltr'><strong><em>λεπίδες</em></strong></span> <span class='ocrx_word' id='word_1_175' title='bbox 1051 2471 1124 2562; x_wconf 79' lang='grc' dir='ltr'>δρα·</span> 
     </span>
     <span class='ocr_line' id='line_1_22' title="bbox 82 2571 1121 2661; baseline -0.005 -23"><span class='ocrx_word' id='word_1_176' title='bbox 82 2571 209 2639; x_wconf 83' lang='grc' dir='ltr'><strong><em>κόνπωι</em></strong></span> <span class='ocrx_word' id='word_1_177' title='bbox 239 2577 297 2638; x_wconf 87' lang='lat' dir='ltr'><strong>smt</strong></span> <span class='ocrx_word' id='word_1_178' title='bbox 325 2575 538 2658; x_wconf 84' lang='lat' dir='ltr'><strong>squammolae</strong></span> <span class='ocrx_word' id='word_1_179' title='bbox 562 2595 650 2641; x_wconf 89' lang='lat' dir='ltr'><strong>cutee</strong></span> <span class='ocrx_word' id='word_1_180' title='bbox 678 2578 873 2661; x_wconf 75' lang='lat' dir='ltr'><strong>serpentum,</strong></span> <span class='ocrx_word' id='word_1_181' title='bbox 906 2589 939 2638; x_wconf 86' lang='lat' dir='ltr'><strong>et</strong></span> <span class='ocrx_word' id='word_1_182' title='bbox 965 2575 1042 2638; x_wconf 88' lang='lat' dir='ltr'><strong>hinc</strong></span> <span class='ocrx_word' id='word_1_183' title='bbox 1062 2573 1121 2658; x_wconf 80' lang='lat' dir='ltr'><strong>ipli</strong></span> 
     </span>
     <span class='ocr_line' id='line_1_23' title="bbox 81 2671 1168 2768; baseline -0.001 -30"><span class='ocrx_word' id='word_1_184' title='bbox 81 2677 254 2758; x_wconf 73' lang='lat' dir='ltr'><strong>serpentes.</strong></span> <span class='ocrx_word' id='word_1_185' title='bbox 304 2680 351 2739; x_wconf 83' lang='lat' dir='ltr'><strong>lta</strong></span> <span class='ocrx_word' id='word_1_186' title='bbox 365 2692 471 2741; x_wconf 86' lang='lat' dir='ltr'><strong>autem</strong></span> <span class='ocrx_word' id='word_1_187' title='bbox 484 2679 542 2749; x_wconf 83' lang='lat' dir='ltr'><strong>eil.</strong></span> <span class='ocrx_word' id='word_1_188' title='bbox 569 2694 605 2740; x_wconf 88' lang='lat' dir='ltr'><strong>m</strong></span> <span class='ocrx_word' id='word_1_189' title='bbox 620 2683 654 2740; x_wconf 89' lang='lat' dir='ltr'><strong>in</strong></span> <span class='ocrx_word' id='word_1_190' title='bbox 671 2680 853 2763; x_wconf 80' lang='lat' dir='ltr'><strong>composuit</strong></span> <span class='ocrx_word' id='word_1_191' title='bbox 869 2671 1000 2768; x_wconf 81' lang='grc' dir='ltr'><strong><em>μολλός</em></strong></span> <span class='ocrx_word' id='word_1_192' title='bbox 1020 2677 1120 2738; x_wconf 90' lang='lat' dir='ltr'><strong>modo</strong></span> <span class='ocrx_word' id='word_1_193' title='bbox 1160 2695 1168 2710; x_wconf 93' lang='lat'><strong>·</strong></span> 
     </span>
     <span class='ocr_line' id='line_1_24' title="bbox 81 2773 1121 2862; baseline 0.001 -24"><span class='ocrx_word' id='word_1_194' title='bbox 81 2782 322 2862; x_wconf 86' lang='lat' dir='ltr'><strong>praemittatur,</strong></span> <span class='ocrx_word' id='word_1_195' title='bbox 356 2780 517 2842; x_wconf 86' lang='lat' dir='ltr'><strong>interdum</strong></span> <span class='ocrx_word' id='word_1_196' title='bbox 547 2779 702 2862; x_wconf 80' lang='lat' dir='ltr'><strong>sequatur.</strong></span> <span class='ocrx_word' id='word_1_197' title='bbox 754 2783 862 2862; x_wconf 87' lang='lat' dir='ltr'><strong>ltaque</strong></span> <span class='ocrx_word' id='word_1_198' title='bbox 884 2798 966 2860; x_wconf 82' lang='lat' dir='ltr'><strong>quoe</strong></span> <span class='ocrx_word' id='word_1_199' title='bbox 996 2773 1121 2840; x_wconf 84' lang='lat' dir='ltr'><strong>Volliur</strong></span> 
     </span>
     <span class='ocr_line' id='line_1_25' title="bbox 80 2880 1119 2965; baseline -0.002 -23"><span class='ocrx_word' id='word_1_200' title='bbox 80 2881 178 2963; x_wconf 89' lang='lat' dir='ltr'><strong>ponit</strong></span> <span class='ocrx_word' id='word_1_201' title='bbox 201 2880 392 2943; x_wconf 84' lang='lat' dir='ltr'><strong>Mallouatoe</strong></span> <span class='ocrx_word' id='word_1_202' title='bbox 416 2895 470 2942; x_wconf 90' lang='lat' dir='ltr'><strong>aut</strong></span> <span class='ocrx_word' id='word_1_203' title='bbox 496 2882 658 2944; x_wconf 83' lang='lat' dir='ltr'><strong>Mallotioe</strong></span> <span class='ocrx_word' id='word_1_204' title='bbox 684 2881 840 2965; x_wconf 87' lang='lat' dir='ltr'><strong>potuillet‚</strong></span> <span class='ocrx_word' id='word_1_205' title='bbox 875 2881 945 2962; x_wconf 86' lang='lat' dir='ltr'><strong>quie</strong></span> <span class='ocrx_word' id='word_1_206' title='bbox 968 2881 1119 2964; x_wconf 79' lang='lat' dir='ltr'><strong>cogitare.</strong></span> 
     </span>
     <span class='ocr_line' id='line_1_26' title="bbox 81 2977 1121 3064; baseline -0.004 -22"><span class='ocrx_word' id='word_1_207' title='bbox 81 2980 134 3043; x_wconf 87' lang='lat' dir='ltr'><strong>ied</strong></span> <span class='ocrx_word' id='word_1_208' title='bbox 158 2980 299 3052; x_wconf 73' lang='lat' dir='ltr'><strong>insanus,</strong></span> <span class='ocrx_word' id='word_1_209' title='bbox 326 3002 427 3064; x_wconf 90' lang='lat' dir='ltr'><strong>quum</strong></span> <span class='ocrx_word' id='word_1_210' title='bbox 448 2983 530 3044; x_wconf 89' lang='lat' dir='ltr'><strong>nihil</strong></span> <span class='ocrx_word' id='word_1_211' title='bbox 552 2987 586 3044; x_wconf 89' lang='lat' dir='ltr'><strong>iu</strong></span> <span class='ocrx_word' id='word_1_212' title='bbox 601 2987 647 3046; x_wconf 87' lang='lat' dir='ltr'><strong>eie</strong></span> <span class='ocrx_word' id='word_1_213' title='bbox 665 2985 797 3046; x_wconf 72' lang='lat' dir='ltr'><strong>vocibus</strong></span> <span class='ocrx_word' id='word_1_214' title='bbox 814 2983 860 3050; x_wconf 85' lang='lat' dir='ltr'><strong>lit,</strong></span> <span class='ocrx_word' id='word_1_215' title='bbox 885 2981 970 3062; x_wconf 92' lang='lat' dir='ltr'><strong>quod</strong></span> <span class='ocrx_word' id='word_1_216' title='bbox 990 2981 1028 3041; x_wconf 86' lang='lat' dir='ltr'><strong>ad</strong></span> <span class='ocrx_word' id='word_1_217' title='bbox 1053 2977 1121 3040; x_wconf 84' lang='lat' dir='ltr'><strong>scri·</strong></span> 
     </span>
     <span class='ocr_line' id='line_1_27' title="bbox 80 3071 1122 3168; baseline -0.001 -24"><span class='ocrx_word' id='word_1_218' title='bbox 80 3098 172 3166; x_wconf 85' lang='lat' dir='ltr'><strong>ptam</strong></span> <span class='ocrx_word' id='word_1_219' title='bbox 198 3084 368 3145; x_wconf 88' lang='lat' dir='ltr'><strong>lectionem</strong></span> <span class='ocrx_word' id='word_1_220' title='bbox 391 3086 527 3146; x_wconf 86' lang='lat' dir='ltr'><strong>accedat.</strong></span> <span class='ocrx_word' id='word_1_221' title='bbox 585 3087 652 3146; x_wconf 92' lang='lat' dir='ltr'><strong>lam</strong></span> <span class='ocrx_word' id='word_1_222' title='bbox 674 3105 752 3148; x_wconf 88' lang='lat' dir='ltr'><strong>vero</strong></span> <span class='ocrx_word' id='word_1_223' title='bbox 776 3083 838 3166; x_wconf 77' lang='lat' dir='ltr'><strong>ipsa</strong></span> <span class='ocrx_word' id='word_1_224' title='bbox 859 3103 923 3144; x_wconf 89' lang='lat' dir='ltr'><strong>vox</strong></span> <span class='ocrx_word' id='word_1_225' title='bbox 948 3071 1122 3168; x_wconf 77' lang='grc' dir='ltr'><strong><em>δρακοντό-</em></strong></span> 
     </span>
     <span class='ocr_line' id='line_1_28' title="bbox 79 3181 1122 3273; baseline -0.002 -27"><span class='ocrx_word' id='word_1_226' title='bbox 79 3181 212 3273; x_wconf 67' lang='grc' dir='ltr'><strong><em>μαλλοι</em></strong></span> <span class='ocrx_word' id='word_1_227' title='bbox 230 3183 413 3268; x_wconf 78' lang='lat' dir='ltr'><strong>suggerebat</strong></span> <span class='ocrx_word' id='word_1_228' title='bbox 431 3189 522 3248; x_wconf 89' lang='lat' dir='ltr'><strong>aliam</strong></span> <span class='ocrx_word' id='word_1_229' title='bbox 539 3199 571 3248; x_wconf 92' lang='lat' dir='ltr'><strong>et</strong></span> <span class='ocrx_word' id='word_1_230' title='bbox 588 3207 696 3248; x_wconf 86' lang='lat' dir='ltr'><strong>veram</strong></span> <span class='ocrx_word' id='word_1_231' title='bbox 713 3187 903 3268; x_wconf 85' lang='lat' dir='ltr'><strong>posrtionem</strong></span> <span class='ocrx_word' id='word_1_232' title='bbox 922 3183 1017 3246; x_wconf 76' lang='lat' dir='ltr'><strong>huius</strong></span> <span class='ocrx_word' id='word_1_233' title='bbox 1031 3181 1122 3246; x_wconf 83' lang='lat' dir='ltr'><strong>vocit</strong></span> 
     </span>
     <span class='ocr_line' id='line_1_29' title="bbox 82 3279 1124 3376; baseline -0.002 -30"><span class='ocrx_word' id='word_1_234' title='bbox 82 3289 118 3346; x_wconf 90' lang='lat' dir='ltr'><strong>in</strong></span> <span class='ocrx_word' id='word_1_235' title='bbox 142 3285 329 3367; x_wconf 84' lang='lat' dir='ltr'><strong>compolrto.</strong></span> <span class='ocrx_word' id='word_1_236' title='bbox 381 3287 460 3349; x_wconf 91' lang='lat' dir='ltr'><strong>Tale</strong></span> <span class='ocrx_word' id='word_1_237' title='bbox 484 3285 545 3348; x_wconf 82' lang='lat' dir='ltr'><strong>tuit</strong></span> <span class='ocrx_word' id='word_1_238' title='bbox 568 3307 696 3368; x_wconf 84' lang='lat' dir='ltr'><strong>quoquc</strong></span> <span class='ocrx_word' id='word_1_239' title='bbox 717 3281 985 3376; x_wconf 73' lang='grc' dir='ltr'><strong><em>στρεψίμολλος,</em></strong></span> <span class='ocrx_word' id='word_1_240' title='bbox 1019 3279 1124 3374; x_wconf 67' lang='grc' dir='ltr'><strong><em>ἀμφί-</em></strong></span> 
     </span>
     <span class='ocr_line' id='line_1_30' title="bbox 81 3379 1122 3476; baseline 0.002 -30"><span class='ocrx_word' id='word_1_241' title='bbox 81 3383 229 3474; x_wconf 81' lang='grc' dir='ltr'><strong><em>μολλος,</em></strong></span> <span class='ocrx_word' id='word_1_242' title='bbox 260 3381 490 3474; x_wconf 77' lang='grc' dir='ltr'><strong>ἂκρίμολλος,</strong></span> <span class='ocrx_word' id='word_1_243' title='bbox 521 3379 766 3475; x_wconf 74' lang='grc' dir='ltr'><strong>βαθύμαλλος,</strong></span> <span class='ocrx_word' id='word_1_244' title='bbox 796 3379 1025 3476; x_wconf 71' lang='grc' dir='ltr'><strong>δασύμαλλοι,</strong></span> <span class='ocrx_word' id='word_1_245' title='bbox 1057 3381 1122 3448; x_wconf 80' lang='grc' dir='ltr'><strong><em>ἕπε-</em></strong></span> 
     </span>
     <span class='ocr_line' id='line_1_31' title="bbox 83 3483 1121 3576; baseline -0.004 -26"><span class='ocrx_word' id='word_1_246' title='bbox 83 3483 270 3576; x_wconf 48' lang='lat' dir='ltr'><strong>&amp;paitru</strong></span> <span class='ocrx_word' id='word_1_247' title='bbox 305 3483 479 3574; x_wconf 80' lang='grc' dir='ltr'><strong><em>ὁίμαλλος,</em></strong></span> <span class='ocrx_word' id='word_1_248' title='bbox 513 3505 547 3552; x_wconf 90' lang='lat' dir='ltr'><strong>et</strong></span> <span class='ocrx_word' id='word_1_249' title='bbox 568 3491 644 3551; x_wconf 88' lang='lat' dir='ltr'><strong>hinc</strong></span> <span class='ocrx_word' id='word_1_250' title='bbox 663 3489 775 3552; x_wconf 81' lang='lat' dir='ltr'><strong>seriore</strong></span> <span class='ocrx_word' id='word_1_251' title='bbox 796 3505 940 3570; x_wconf 86' lang='lat' dir='ltr'><strong>tempore</strong></span> <span class='ocrx_word' id='word_1_252' title='bbox 963 3487 1121 3568; x_wconf 86' lang='lat' dir='ltr'><strong>pantomi-</strong></span> 
     </span>
     <span class='ocr_line' id='line_1_32' title="bbox 80 3585 1121 3654; baseline -0.002 -4"><span class='ocrx_word' id='word_1_253' title='bbox 80 3610 157 3650; x_wconf 90' lang='lat' dir='ltr'><strong>mue</strong></span> <span class='ocrx_word' id='word_1_254' title='bbox 182 3590 387 3654; x_wconf 76' lang='lat' dir='ltr'><strong>Caramallus.</strong></span> <span class='ocrx_word' id='word_1_255' title='bbox 438 3591 525 3652; x_wconf 88' lang='lat' dir='ltr'><strong>Haec</strong></span> <span class='ocrx_word' id='word_1_256' title='bbox 551 3595 733 3654; x_wconf 87' lang='lat' dir='ltr'><strong>terminatio</strong></span> <span class='ocrx_word' id='word_1_257' title='bbox 759 3613 799 3653; x_wconf 89' lang='lat' dir='ltr'><strong>au</strong></span> <span class='ocrx_word' id='word_1_258' title='bbox 825 3610 892 3652; x_wconf 91' lang='lat' dir='ltr'><strong>non</strong></span> <span class='ocrx_word' id='word_1_259' title='bbox 925 3601 991 3648; x_wconf 84' lang='lat' dir='ltr'><strong>tota</strong></span> <span class='ocrx_word' id='word_1_260' title='bbox 1016 3585 1059 3648; x_wconf 82' lang='lat' dir='ltr'><strong>elt</strong></span> <span class='ocrx_word' id='word_1_261' title='bbox 1085 3588 1121 3648; x_wconf 89' lang='lat' dir='ltr'><strong>in</strong></span> 
     </span>
     <span class='ocr_line' id='line_1_33' title="bbox 80 3679 1120 3774; baseline -0.004 -20"><span class='ocrx_word' id='word_1_262' title='bbox 80 3691 178 3754; x_wconf 86' lang='lat' dir='ltr'><strong>MSS.</strong></span> <span class='ocrx_word' id='word_1_263' title='bbox 195 3691 382 3754; x_wconf 84' lang='lat' dir='ltr'><strong>codicihue‘l</strong></span> <span class='ocrx_word' id='word_1_264' title='bbox 421 3693 508 3753; x_wconf 84' lang='lat' dir='ltr'><strong>Hinc</strong></span> <span class='ocrx_word' id='word_1_265' title='bbox 529 3713 630 3774; x_wconf 63' lang='lat' dir='ltr'><strong>«tuum</strong></span> <span class='ocrx_word' id='word_1_266' title='bbox 652 3707 726 3756; x_wconf 90' lang='lat' dir='ltr'><strong>nota</strong></span> <span class='ocrx_word' id='word_1_267' title='bbox 744 3691 841 3754; x_wconf 86' lang='lat' dir='ltr'><strong>ellent</strong></span> <span class='ocrx_word' id='word_1_268' title='bbox 864 3679 1020 3752; x_wconf 70' lang='lat' dir='ltr'><strong>odoraret</strong></span> <span class='ocrx_word' id='word_1_269' title='bbox 1042 3686 1120 3750; x_wconf 82' lang='lat' dir='ltr'><strong>inde</strong></span> 
     </span>
     <span class='ocr_line' id='line_1_34' title="bbox 81 3781 1121 3879; baseline -0.005 -27"><span class='ocrx_word' id='word_1_270' title='bbox 81 3791 167 3873; x_wconf 83' lang='lat' dir='ltr'><strong>apud</strong></span> <span class='ocrx_word' id='word_1_271' title='bbox 191 3791 423 3855; x_wconf 72' lang='lat' dir='ltr'><strong>Callimachum</strong></span> <span class='ocrx_word' id='word_1_272' title='bbox 445 3795 479 3854; x_wconf 83' lang='lat' dir='ltr'><strong>iu</strong></span> <span class='ocrx_word' id='word_1_273' title='bbox 504 3791 616 3879; x_wconf 83' lang='lat' dir='ltr'><strong>fragm.</strong></span> <span class='ocrx_word' id='word_1_274' title='bbox 644 3815 677 3876; x_wconf 90' lang='lat' dir='ltr'><strong>p.</strong></span> <span class='ocrx_word' id='word_1_275' title='bbox 704 3796 787 3871; x_wconf 83' lang='lat'><strong>265.</strong></span> <span class='ocrx_word' id='word_1_276' title='bbox 813 3781 979 3862; x_wconf 78' lang='grc' dir='ltr'><strong><em>οὗοπόεις,</em></strong></span> <span class='ocrx_word' id='word_1_277' title='bbox 1014 3785 1121 3850; x_wconf 84' lang='lat' dir='ltr'><strong>ceniui</strong></span> 
     </span>
     <span class='ocr_line' id='line_1_35' title="bbox 80 3879 1123 3978; baseline -0.002 -24"><span class='ocrx_word' id='word_1_278' title='bbox 80 3891 201 3955; x_wconf 84' lang='lat' dir='ltr'><strong>iactum</strong></span> <span class='ocrx_word' id='word_1_279' title='bbox 217 3893 255 3954; x_wconf 86' lang='lat' dir='ltr'><strong>ab</strong></span> <span class='ocrx_word' id='word_1_280' title='bbox 278 3895 371 3956; x_wconf 81' lang='lat' dir='ltr'><strong>certio</strong></span> <span class='ocrx_word' id='word_1_281' title='bbox 391 3895 578 3958; x_wconf 87' lang='lat' dir='ltr'><strong>homiuibue</strong></span> <span class='ocrx_word' id='word_1_282' title='bbox 598 3895 792 3958; x_wconf 83' lang='lat' dir='ltr'><strong>vocabulum</strong></span> <span class='ocrx_word' id='word_1_283' title='bbox 814 3893 918 3976; x_wconf 81' lang='lat' dir='ltr'><strong>gentle</strong></span> <span class='ocrx_word' id='word_1_284' title='bbox 939 3879 1123 3978; x_wconf 76' lang='lat' dir='ltr'><strong>Ot&#39;ra‘rpnlt·</strong></span> 
     </span>
     <span class='ocr_line' id='line_1_36' title="bbox 81 3989 1122 4080; baseline -0.003 -24"><span class='ocrx_word' id='word_1_285' title='bbox 81 3990 144 4058; x_wconf 89' lang='grc' dir='ltr'><strong><em>λοι.</em></strong></span> <span class='ocrx_word' id='word_1_286' title='bbox 179 3993 241 4058; x_wconf 87' lang='lat' dir='ltr'><strong>Sed</strong></span> <span class='ocrx_word' id='word_1_287' title='bbox 258 3997 301 4056; x_wconf 92' lang='lat' dir='ltr'><strong>ait</strong></span> <span class='ocrx_word' id='word_1_288' title='bbox 318 3991 452 4066; x_wconf 79' lang='lat' dir='ltr'><strong>Voffiue.</strong></span> <span class='ocrx_word' id='word_1_289' title='bbox 474 3996 513 4058; x_wconf 81' lang='lat' dir='ltr'><strong>stc</strong></span> <span class='ocrx_word' id='word_1_290' title='bbox 526 4017 592 4059; x_wconf 86' lang='lat' dir='ltr'><strong>nou</strong></span> <span class='ocrx_word' id='word_1_291' title='bbox 605 4015 735 4080; x_wconf 83' lang='lat' dir='ltr'><strong>maguae</strong></span> <span class='ocrx_word' id='word_1_292' title='bbox 751 4009 783 4057; x_wconf 91' lang='lat' dir='ltr'><strong>et</strong></span> <span class='ocrx_word' id='word_1_293' title='bbox 799 3995 929 4078; x_wconf 83' lang='lat' dir='ltr'><strong>patulae.</strong></span> <span class='ocrx_word' id='word_1_294' title='bbox 951 3989 1001 4054; x_wconf 87' lang='lat' dir='ltr'><strong>ied</strong></span> <span class='ocrx_word' id='word_1_295' title='bbox 1017 3991 1122 4053; x_wconf 76' lang='lat' dir='ltr'><strong>laneae</strong></span> 
     </span>
     <span class='ocr_line' id='line_1_37' title="bbox 81 4087 1123 4183; baseline -0.002 -26"><span class='ocrx_word' id='word_1_296' title='bbox 81 4097 132 4158; x_wconf 84' lang='lat' dir='ltr'><strong>vel</strong></span> <span class='ocrx_word' id='word_1_297' title='bbox 156 4097 281 4160; x_wconf 73' lang='lat' dir='ltr'><strong>cirtam</strong></span> <span class='ocrx_word' id='word_1_298' title='bbox 297 4097 488 4162; x_wconf 84' lang='lat' dir='ltr'><strong>habehlmut</strong></span> <span class='ocrx_word' id='word_1_299' title='bbox 508 4117 606 4163; x_wconf 80' lang='lat' dir='ltr'><strong>auree.</strong></span> <span class='ocrx_word' id='word_1_300' title='bbox 647 4099 697 4162; x_wconf 85' lang='grc' dir='ltr'><strong>Διι</strong></span> <span class='ocrx_word' id='word_1_301' title='bbox 720 4097 817 4182; x_wconf 84' lang='lat' dir='ltr'><strong>igitur</strong></span> <span class='ocrx_word' id='word_1_302' title='bbox 836 4097 870 4156; x_wconf 87' lang='lat' dir='ltr'><strong>in</strong></span> <span class='ocrx_word' id='word_1_303' title='bbox 890 4113 970 4158; x_wconf 83' lang='lat' dir='ltr'><strong>voce</strong></span> <span class='ocrx_word' id='word_1_304' title='bbox 991 4087 1123 4183; x_wconf 77' lang='grc' dir='ltr'><strong><em>ὁρακοο·</em></strong></span> 
     </span>
    </p>
   </div>
   <div class='ocr_carea' id='block_1_3' title="bbox 0 0 1422 4940">
    <p class='ocr_par' dir='ltr' id='par_1_3' title="bbox 0 0 1422 4940">
     <span class='ocr_line' id='line_1_38' title="bbox 0 0 1422 4940; baseline 0 1"><span class='ocrx_word' id='word_1_305' title='bbox 0 0 1422 4940; x_wconf 95' lang='lat' dir='ltr'><strong> </strong></span> 
     </span>
    </p>
   </div>
  </div>
 </body>
</html>
