2810 4944
309 417 370 484 430
610 407 849 466 rottrotttr
885 405 1052 464 matta

307 581 393 666 posse
417 577 589 644 absurdius.
641 583 729 666 Quid
752 581 864 644 enimi
890 603 929 644 an
945 583 1031 647 Mela
1045 582 1233 647 describeret
1250 583 1356 644 situm

313 685 503 768 Tarraconis
523 683 623 744 tribus
639 684 747 746 fluviis
768 686 918 754 cinctum.
946 685 1030 756 subt,
1062 685 1166 748 Telobt'
1178 699 1212 747 et
1232 685 1355 746 Tulei?

307 787 339 846 id
362 787 383 846 sr
407 787 469 846 iam
491 786 682 846 concedatur
703 785 844 856 voluisse.
875 807 931 848 cur
945 808 1012 848 non
1027 789 1140 850 ordine
1155 801 1187 848 et
1207 789 1353 847 iunctim

307 901 339 950 et
361 889 476 950 eodem
499 889 685 948 narrationis
707 887 852 970 processu
872 909 928 952 eos
947 887 1128 974 descripsit?
1161 889 1243 969 quast
1266 907 1352 948 vern

305 1011 405 1072 quum
427 1009 495 1050 earn
518 991 602 1050 inter
620 987 718 1050 Sabin
744 1003 776 1050 et
801 987 924 1051 Telobin
944 1009 1053 1054 amnes
1075 991 1239 1074 potuiffet.
1268 1003 1353 1048 tnnc

305 1093 408 1153 adhuc
430 1091 503 1152 addi
527 1091 691 1162 debuerit,
731 1111 747 1152 a
776 1091 864 1152 Tulei
891 1094 1019 1158 modico
1043 1111 1137 1154 amne
1160 1113 1230 1154 eam
1254 1089 1354 1172 snper

305 1195 431 1276 attingi.
491 1193 533 1252 Et
556 1191 594 1252 stc
614 1195 709 1252 atulet
730 1195 887 1276 corrigere
910 1195 944 1268 in
971 1195 1155 1276 Pomponio
1182 1195 1252 1260 ille,
1289 1195 1352 1272 qni

305 1295 539 1376 transcriptores
556 1295 658 1356 Melae
675 1307 746 1355 ante
762 1295 884 1375 aliquot
902 1293 998 1356 secula
1013 1295 1218 1378 reprehendit
1240 1295 1296 1356 lib.
1312 1311 1347 1357 2.

305 1418 332 1460 c.
358 1419 384 1459 t.
407 1411 439 1458 et
461 1395 503 1476 sq.
537 1397 633 1476 idque
657 1397 698 1454 ob
721 1397 801 1456 hauc
828 1417 953 1478 quoqne
981 1397 1121 1468 cartalam,
1155 1398 1241 1480 qnod
1266 1416 1349 1454 eunt

305 1500 483 1560 offenderet
506 1497 726 1578 intempestiva
748 1500 894 1579 repetitio
918 1501 1006 1560 vocis
1032 1511 1128 1561 terra.
1194 1500 1349 1577 Denique

305 1595 517 1661 ntoleslilsuna
548 1597 673 1678 prorsus
706 1599 749 1659 ett
780 1620 843 1660 vox
875 1621 996 1670 amnes,
1033 1621 1112 1681 qnae
1142 1620 1209 1661 non
1241 1601 1350 1682 magis

304 1703 423 1786 apponi
446 1701 556 1760 debuit
578 1701 626 1760 his
651 1700 793 1770 duolms,
827 1722 920 1782 quant
945 1703 1205 1782 praecedentibus
1227 1699 1350 1760 Rubri·

304 1819 378 1864 catu
402 1817 433 1863 et
449 1801 651 1872 Baetnlloni;
686 1803 804 1882 etquis
826 1803 906 1864 ultra
927 1825 992 1863 non
1015 1805 1120 1872 videt,
1147 1803 1207 1864 esse
1229 1823 1264 1862 ea
1285 1823 1349 1862 uo·

301 1907 388 1964 mina
407 1905 598 1971 fluminum,
624 1904 709 1982 quocl
727 1904 806 1962 clare
821 1903 1043 1984 praemiserat?
1095 1905 1179 1964 Mihi
1203 1903 1349 1964 dttbinnr

301 2007 428 2066 nullum
453 2003 511 2073 ett.
545 2005 623 2084 quin
641 1997 680 2066 τὸ
705 2007 805 2063 mains
830 2005 865 2064 stt
893 2007 1061 2088 appellatio
1086 2007 1177 2066 lluvii
1205 2006 1345 2072 ibidem,

300 2108 375 2166 licet
400 2107 503 2188 ignoti
529 2103 741 2186 scripseritque
765 2121 891 2168 auctort
933 2109 1044 2167 Patara
1062 2101 1221 2194 stannum,
1256 2108 1345 2166 Bac·

301 2209 380 2268 tullo
414 2211 508 2266 iuxta
537 2207 626 2266 Iovis
653 2218 804 2276 aruntem.
841 2205 1049 2269 Rubricatum
1079 2210 1112 2268 in
1148 2209 1346 2270 Barcinnnt's

299 2309 403 2378 litore,
440 2310 520 2368 inter
540 2305 641 2367 Subur
661 2321 691 2368 et
719 2306 841 2369 Telobin
871 2309 984 2392 (urbes
1005 2329 1122 2392 nempe
1149 2330 1224 2390 quas
1247 2308 1343 2390 supra

298 2413 480 2472 nominatas
502 2429 588 2468 nunc
610 2411 741 2489 repetit,
773 2423 808 2468 ttt
829 2413 958 2493 repetiit
981 2411 1204 2480 Barcinonam,
1231 2431 1342 2491 quum

298 2529 399 2594 prope
416 2515 480 2572 illas
503 2511 593 2570 litora
610 2529 665 2590 per
682 2511 740 2572 bos
761 2533 869 2573 amnes
892 2511 1054 2594 secentur)
1080 2514 1195 2573 Ilsains
1215 2531 1341 2592 nempe

299 2605 382 2675 ter'tii
404 2615 546 2674 lluminis
568 2632 705 2681 nornen,
738 2613 823 2693 quod
851 2613 916 2694 post
943 2611 1079 2694 sequitur
1099 2615 1207 2673 Tulcis
1233 2633 1339 2695 prope

298 2717 521 2776 Tarraconem.
574 2716 665 2774 Litus
686 2714 765 2773 illud
787 2718 818 2774 iu
844 2717 1014 2776 hodiernae
1030 2713 1196 2795 Hispaniae
1219 2715 1340 2778 tabulis

297 2819 449 2898 impletur
469 2819 680 2896 tenuaturque
700 2813 917 2895 frequentibus
937 2817 1061 2889 liuvils;
1087 2829 1117 2876 at
1132 2819 1165 2875 in
1182 2817 1337 2896 antiquae

297 2918 422 3002 prorsus
457 2917 495 2977 ab
522 2915 688 2980 Samsonio
711 2918 790 2976 nulli
823 2931 1004 2997 ponuntur,
1037 2919 1095 2977 nist
1125 2914 1337 2988 Rubricatus,

297 3019 399 3088 Sabis.
431 3017 557 3088 Telobis,
589 3018 701 3086 Tulcis,
728 3037 794 3078 non
813 3017 897 3080 secus
919 3039 953 3078 ac
976 3039 1077 3099 nuper
1096 3019 1142 3078 illi
1165 3019 1257 3078 fluvii
1279 3021 1336 3080 tle·

295 3141 386 3182 naum
405 3120 545 3181 exsistere
568 3119 748 3200 coepissent.
802 3119 876 3180 Non
895 3135 983 3180 vacat
1005 3121 1135 3180 ulterius
1157 3121 1335 3199 inquirere.

296 3243 319 3284 r.
339 3241 546 3282 cnonovtrs.
588 3221 630 3280 Et
644 3221 719 3280 baec
733 3239 860 3300 quoqne
876 3219 1004 3281 absurda
1022 3235 1114 3282 vocat
1131 3221 1334 3284 Gronovius.

298 3321 386 3416 Quid
407 3325 504 3390 errius,
532 3323 651 3402 inquit.
685 3342 728 3380 an
749 3321 839 3381 Mela
863 3319 963 3382 tribur
978 3317 1095 3408 sinaiis
1120 3323 1332 3382 Tarraconem

294 3427 379 3504 cingi
403 3415 563 3514 scripsit?
613 3419 760 3482 Profecto
795 3443 860 3482 non
898 3424 1054 3484 intellexit
1087 3423 1217 3486 lllelam.
1271 3425 1331 3486 llle

293 3539 330 3584 ut
345 3526 536 3609 ignobilium
553 3523 625 3585 alias
644 3525 726 3582 inter
740 3523 938 3601 Pyrenaeum
956 3539 988 3584 et
1005 3525 1132 3584 lberum
1154 3523 1331 3584 lluminum

295 3625 387 3686 suum
412 3627 569 3698 osternlat;
608 3623 771 3685 illustriora
800 3626 863 3685 ianr
885 3628 1018 3706 apponit
1046 3627 1195 3693 nomina,
1228 3627 1329 3692 unde.

293 3747 357 3808 quo
377 3730 409 3788 in
427 3729 498 3788 loco
519 3727 577 3787 lint
593 3727 644 3787 isla
662 3725 811 3795 flumina,
833 3725 1068 3810 cognoscamus.
1107 3729 1214 3806 ltaque
1231 3729 1331 3788 Ticer

293 3829 348 3910 ipsi
366 3829 408 3890 est
425 3832 463 3889 ad
478 3829 637 3898 Rhodam,
665 3826 858 3888 Clodianum
876 3829 912 3886 atl
923 3829 1102 3908 Emporias,
1124 3828 1269 3889 Baetullo
1287 3831 1327 3888 etl

293 3928 383 3991 scalas
400 3931 573 4000 Annibalis,
597 3929 786 3989 Rubricatus
804 3931 837 3988 in
858 3929 951 3990 litore
966 3929 1160 3996 Barcinonis.
1184 3929 1327 4009 denique

292 4032 393 4092 Subin
420 4045 452 4092 et
485 4031 629 4092 Tolobin
654 4048 718 4110 qno
747 4030 817 4090 loco
847 4029 906 4090 smt
934 4031 1084 4100 declarat,
1117 4049 1217 4111 quum
1247 4033 1329 4090 dicit

292 4133 376 4194 inter
397 4133 472 4192 baec
502 4132 565 4193 cluo
598 4131 727 4191 slumina
754 4129 840 4190 snam
864 4131 922 4192 else
951 4135 1173 4194 Tarraconem.
1225 4130 1329 4214 ipsam
