2814 4946
312 396 377 476 536
613 403 863 462 nonrorur
902 403 1068 460 nonen

396 573 535 658 Syme)
584 577 685 639 Vario.
708 597 738 640 r.
760 567 912 668 Asparem·
949 573 1045 640 Paris.
1067 593 1097 638 r.
1120 588 1153 654 5.
1177 574 1343 656 Rehriiger.

319 671 442 768 Aſsum
482 675 573 740 Paris.
604 701 632 740 r.
666 679 751 742 Gud.
783 677 894 769 afiarta
942 675 1026 760 Lips.
1058 678 1171 739 Vener.
1206 676 1345 740 Ciaccon.

319 776 476 866 Hnfime‚·
508 781 600 862 Prag.
621 771 766 871 Ashime‚·
800 779 937 840 vindob.
955 775 1080 868 Astnie‚·
1110 779 1223 859 reliqui
1243 781 1346 838 viden·

320 893 372 940 tur
394 881 532 942 habuisse
552 883 603 942 vel
628 880 748 972 Aflme,
774 885 857 962 quod
880 897 911 940 et
929 878 1054 942 Vnffins
1073 901 1111 942 ex
1131 879 1191 942 suia
1214 882 1345 960 promsit,

318 983 371 1042 vei
395 979 510 1073 Afinae
532 997 562 1042 et
586 981 689 1071 Afine.
750 985 792 1044 Et
814 985 852 1044 [ic
875 985 1032 1044 editiones
1059 977 1288 1063 antiquissimae
1312 981 1346 1040 ad

317 1078 462 1144 Voffiunr
487 1077 602 1174 Asinae
624 1087 676 1146 vei
700 1083 810 1176 Astrre,
841 1105 920 1166 quae
942 1085 1072 1166 quidem
1100 1085 1208 1145 iocum
1232 1084 1281 1143 hic
1301 1083 1347 1142 ha·

318 1181 394 1246 bere
419 1205 486 1246 non
509 1185 647 1270 possunt.
701 1185 824 1248 Vossius
847 1207 919 1248 cum
948 1189 1059 1246 ceteris
1085 1184 1229 1266 reposuit
1253 1184 1345 1265 Syme.

320 1305 524 1348 rzecnvcnr.
576 1287 640 1349 Pro
655 1283 749 1376 Afine
769 1287 851 1350 sorte
869 1291 1090 1366 reponendum
1110 1282 1234 1370 (lofine.
1271 1286 1346 1344 Nam

320 1382 463 1480 acesi»,
501 1409 562 1450 una
589 1390 785 1471 Sporadum,
822 1391 1003 1469 complures
1028 1389 1208 1448 adiacentee
1238 1386 1344 1448 insulae

320 1489 423 1550 dictae
444 1489 513 1550 sunt
538 1488 654 1578 Castae
679 1490 844 1560 Straboni.
876 1486 953 1576 [sib.
976 1510 1031 1553 ιο.
1053 1488 1156 1577 exin]
1193 1488 1343 1569 Stephano

321 1585 398 1677 [qui
415 1607 520 1652 tamen
538 1587 650 1656 Κάσον
664 1605 790 1652 tarnum
808 1585 984 1678 memorat]
1011 1606 1043 1653 et
1060 1592 1215 1652 Homero.
1243 1586 1299 1677 [ΙΙ.
1316 1605 1342 1654 2.

321 1691 406 1765 676.
431 1695 486 1774 qui
505 1695 599 1754 etiarn
617 1713 713 1754 unam
733 1707 855 1754 santum
879 1685 1001 1778 haber]
1038 1712 1239 1753 murmure.
1291 1689 1343 1750 Ne·

317 1809 374 1854 nro
391 1795 472 1856 hano
487 1795 747 1856 emendationem
764 1794 941 1856 adsensione
958 1795 1007 1854 sua
1021 1795 1189 1875 probavir3
1215 1807 1246 1853 et
1260 1807 1342 1852 recte.

318 1893 406 1955 Nam
422 1909 454 1957 et
470 1897 565 1957 nimie
579 1911 611 1958 et
626 1898 690 1958 sine
705 1895 790 1958 causa
808 1898 926 1958 recedit
941 1917 956 1956 a
974 1897 1133 1962 Codicum
1155 1895 1341 1960 lectionibus,

317 2015 379 2056 nec
395 2017 526 2078 uuquam
543 1997 647 2060 Casiae
663 2015 889 2060 memorantur.
926 2000 1036 2058 Immo
1052 2017 1130 2078 qnas
1149 1996 1229 2058 solus
1244 1995 1341 2058 Strabo

317 2096 385 2160 'triv
407 2097 537 2162 Karr'wv
556 2095 669 2184 νήσους
689 2100 833 2181 adponat,
860 2097 932 2159 sunt
953 2101 1116 2167 finitimae,
1145 2115 1179 2159 et
1200 2117 1275 2178 qnae
1296 2093 1340 2154 sub

316 2197 443 2260 ditione
468 2199 632 2262 Caliorum
665 2199 804 2262 suerunt.
863 2201 969 2261 Prima
995 2201 1084 2261 litera
1109 2221 1132 2260 a
1159 2199 1287 2260 adhaesit
1309 2215 1341 2256 ex

316 2301 464 2382 proxima
484 2321 578 2370 voce,
615 2323 676 2382 que
697 2301 817 2363 abiecta
845 2315 987 2363 remanet
1009 2303 1115 2384 Syme,
1152 2300 1249 2361 insula
1270 2303 1340 2359 inter

316 2401 473 2463 Rhodum
494 2416 525 2461 et
541 2403 696 2464 Gnidum.
733 2405 785 2465 Sic
800 2405 896 2487 igitur
916 2418 1000 2464 recte
1019 2401 1124 2484 posuit
1145 2399 1266 2464 Vossius
1285 2398 1340 2458 aliis

317 2502 471 2565 omnibns
491 2503 542 2566 hic
564 2504 846 2588 comprobantibus
869 2517 902 2567 et
925 2507 963 2566 ad
984 2505 1103 2568 Lucan.
1122 2515 1157 2581 8,
1188 2513 1264 2583 ¹95·
1286 2499 1340 2562 Ou-

315 2603 506 2687 dendorpi0.

393 2807 481 2870 Hae
505 2810 602 2892 quia
622 2807 705 2892 ·-)
748 2809 832 2872 Gud.
850 2809 1005 2892 heqnod3
1030 2809 1081 2872 eri.
1102 2816 1159 2890 ¹4·
1180 2794 1338 2899 dispersae.

316 2905 399 2970 Mox
419 2931 477 2992 pro
498 2909 547 2972 Ab
568 2913 630 2982 eis,
667 2931 746 2992 quae
767 2933 862 2973 voces
882 2933 898 2972 a
915 2911 1007 2974 Paris.
1024 2928 1057 2973 Ω.
1075 2927 1107 2972 er
1124 2911 1215 2992 Prag.
1232 2905 1337 2971 absint,

316 3009 460 3072 Vaticani
482 3011 600 3072 habent
618 3010 737 3086 Abram
759 3013 867 3075 Cibin.
886 3011 1001 3083 bacon
1027 3011 1110 3092 Lips.
1129 3012 1217 3072 Gud.
1233 3007 1337 3068 Venet·

315 3111 489 3195 Rehdiger.
512 3111 644 3186 habeon
669 3113 813 3176 Vindob.
837 3116 1018 3190 canapinam
1044 3114 1193 3175 Ciaccon.
1211 3106 1337 3171 Nobeos.

315 3211 575 3293 Edd.1.2?9.
604 3229 659 3294 13.
681 3213 793 3287 obeos,·
820 3230 853 3294 5.
874 3225 908 3293 4.
928 3228 961 3292 5.
980 3213 1011 3278 6.
1034 3230 1067 3288 7.
1087 3226 1198 3292 8.10.
1221 3223 1337 3272 rma.

319 3323 375 3391 ¹4·
392 3313 528 3394 reliquae
542 3311 591 3376 Ab
606 3317 660 3386 eis,
685 3318 734 3376 uti
750 3329 833 3378 certe
850 3314 911 3376 suit
927 3318 960 3376 in
978 3314 1071 3377 Paris.
1094 3335 1123 3378 r.
1143 3329 1175 3394 5.
1200 3326 1241 3380 et.
1262 3305 1336 3390 quod

314 3415 452 3484 videtur,
479 3415 512 3474 in
531 3417 637 3480 Havn.
671 3419 781 3480 Recte.
825 3417 908 3478 Nam
922 3436 990 3478 non
1006 3417 1089 3478 adest
1108 3435 1238 3484 nomen,
1261 3405 1336 3492 quod

314 3513 371 3575 sub
388 3513 583 3596 superiorum
602 3519 749 3578 codicum
769 3519 902 3580 vocibus
919 3519 1021 3587 lateat,
1049 3531 1081 3580 et
1096 3517 1137 3576 ab
1154 3518 1238 3576 idern
1253 3511 1334 3576 valet.

248 3659 266 3690 „
313 3615 402 3696 quod
418 3617 503 3698 posi.
530 3631 562 3677 et
585 3619 618 3678 in
641 3615 856 3702 progressione
870 3621 922 3681 vel
942 3618 1070 3679 transitu
1086 3620 1123 3678 ad
1141 3619 1200 3678 alia
1215 3637 1230 3676 a
1244 3611 1335 3674 nostro

312 3713 621 3798 paffimarihibetur.
674 3719 723 3782 cf.
747 3741 774 3790 1,
794 3737 825 3790 Ω,
842 3733 877 3800 lp.
912 3734 965 3798 ιδ,
983 3733 1016 3795 5.
1045 3737 1078 3798 3.
1097 3735 1129 3787 o,
1149 3737 1182 3791 7.
1202 3733 1233 3778 et
1249 3730 1276 3788 7.
1296 3713 1334 3769 in·

314 3817 402 3878 Tum
424 3820 543 3881 librarii
566 3822 699 3882 nomina
721 3825 817 3883 eiiam
847 3823 1036 3902 adpellativa
1061 3820 1149 3902 saepe
1172 3820 1205 3879 in
1221 3813 1335 3899 ‘propri2

314 3935 536 4002 corrumpunt.
588 3923 640 3983 Sic
663 3938 695 3998 ᾗ,
718 3937 749 3999 7,
772 3936 804 4000 5.
826 3920 923 4012 Nyfii
944 3941 1002 4002 pro
1021 3919 1099 4012 ursa,-
1136 3937 1167 4000 5.
1190 3941 1217 3988 ι,
1237 3935 1268 3997 9.
1288 3915 1333 3972 Ja-

313 4012 425 4108 nasum
448 4041 505 4104 pro
531 4023 723 4096 etiamnum
763 4045 791 4092 ι,
815 4039 848 4094 2,
873 4038 905 4103 5.
934 4024 1025 4106 Prag.
1049 4045 1118 4082 cnm
1140 4021 1266 4080 Tsmnris
1285 4029 1333 4095 pro

312 4123 493 4196 cautinum
526 4137 558 4184 et
574 4124 637 4188 hoc
657 4123 725 4208 ipso
750 4127 852 4208 capite
876 4127 1022 4208 proxime
1044 4124 1114 4208 post
1133 4123 1235 4186 Cibiu.
1248 4107 1334 4210 super
