2814 4946
343 459 432 515 ΗΒ.
460 461 497 514 Π.
540 457 572 514 0.
594 459 659 516 Vll.
701 457 727 528 s.
754 467 801 528 ¹8·
1029 469 1091 534 585

68 619 277 718 Phoenicnffn,
306 623 452 721 Erintffa
473 633 560 710 (vid.
579 645 670 694 antea
693 631 880 713 deprimis)
901 631 1004 694 Aetna
1024 655 1091 714 per·
1165 655 1171 664 ·

68 745 151 806 pesato
171 725 306 821 jlogrnt
331 735 418 814 igne,
456 734 558 796 Hiero
587 747 617 796 et
642 733 809 814 Strongyle
832 745 863 794 et
891 727 1091 823 Pithecuffa;

69 830 233 902 vadianus,
253 855 347 914 quem
365 835 403 896 ad
419 833 565 898 Vosfium
583 833 678 897 secuti
694 833 765 895 sunt
779 837 886 906 ceteri,
904 834 960 896 fic:
994 837 1092 898 Phoe·

70 925 175 1022 nioeso,
200 927 351 1027 Ericusa,
374 937 476 998 Hiero
496 950 528 1000 et
549 937 725 1020 Strongyle,
749 949 786 998 ut
802 939 915 1006 Aetna,
940 952 1091 1017 perpetuo

62 1027 196 1118 flagrent
222 1039 305 1117 igne.
346 1041 392 1101 Ae
421 1030 590 1129 Pithecusa
616 1069 666 1082 -
719 1039 897 1119 Receptum
931 1039 1090 1112 ordinem,

70 1151 183 1217 excepta
200 1137 395 1222 singulorum
411 1141 598 1212 variatione,
615 1154 652 1200 ut
668 1143 701 1202 in
719 1139 990 1221 praecedentibus,
1007 1141 1092 1203 insti·

71 1241 122 1296 tuit
143 1235 278 1312 Vossius,
302 1241 459 1303 librorum
482 1243 666 1304 sonoritate
690 1241 853 1304 subnixos.
884 1261 1090 1306 azscnvcu.

69 1337 194 1416 Lipara,
228 1341 266 1404 V
264 1345 385 1415 eratin,
419 1337 543 1430 [immo
566 1339 730 1430 Ileratea]
763 1341 926 1424 Didymo,
959 1345 1092 1404 Pliones·

70 1433 153 1528 suffio
176 1435 338 1533 Ericnffa.
376 1447 480 1507 Aetna
502 1457 653 1526 perpetuo
672 1440 797 1530 flagrat
818 1445 899 1525 igne.
939 1445 1040 1504 Iliera
1060 1457 1091 1508 et

70 1541 253 1626 Strongyle.)
309 1547 361 1609 ste
388 1547 460 1609 ttdi
486 1545 605 1608 habent
630 1547 829 1628 exemplaria.
862 1545 1090 1608 ‘scribendum

70 1643 186 1706 arbitror
212 1645 357 1726 liparo,
386 1645 535 1739 Hicefio,
564 1647 723 1730 Didyme,
758 1639 984 1736 Phoenicnffo,
1014 1648 1091 1709 Eri·

71 1737 154 1832 taffo,
175 1759 216 1818 et,
248 1769 331 1830 quae
354 1761 506 1831 perpetuo
517 1743 671 1834 flagrent
690 1751 775 1831 igne,
810 1749 910 1810 Hiera
930 1761 961 1810 et
982 1749 1091 1810 Stron-
1214 1761 1218 1772 ‘

70 1849 140 1924 giles
170 1869 208 1911 ex
230 1851 398 1920 Strabone,
426 1845 503 1938 [lib.
521 1852 556 1914 6.
578 1871 610 1932 p.
632 1871 677 1914 m.
705 1869 786 1930 191.
804 1848 825 1911 s.
844 1842 949 1935 277.]
985 1849 1092 1912 Ptole·

72 1965 158 2018 maso,
181 1947 236 2038 [3,
256 1947 312 2038 4.]
339 1952 458 2022 Plinio,
482 1949 536 2040 [3,
557 1962 613 2035 alp.
630 1951 650 2014 s.
668 1945 723 2039 9.]
752 1953 904 2022 Mariano,
929 1945 1090 2038 [Scymno

74 2047 144 2110 ctio
160 2071 190 2118 v.
208 2065 284 2132 254
301 2045 385 2138 sqq.]
409 2054 522 2116 Solino
544 2053 586 2132 [c.
609 2069 664 2116 ια.
684 2053 705 2116 s.
723 2055 773 2135 6.]
794 2067 825 2114 et
840 2055 973 2114 Homeri
994 2054 1090 2115 inter·

73 2163 146 2226 prete
166 2154 198 2213 in
222 2157 349 2216 decimo
371 2154 536 2234 Odysseae,
569 2155 624 2236 qui
643 2147 822 2246 Isrscefinm
839 2175 896 2237 pro
915 2157 1089 2233 Evonymo
1137 2177 1143 2190 ·

73 2254 150 2327 ponit
164 2256 247 2318 inter
264 2257 396 2318 Aeolias.
426 2251 500 2344 [Οἱ.
519 2257 697 2319 Eullathius
713 2261 749 2318 ad
767 2256 874 2336 Odyss.
895 2273 947 2320 to.
963 2257 1007 2318 in.
1032 2255 1091 2316 ubi

75 2347 205 2418 καλεῖται
226 2353 263 2418 δὲ
276 2354 336 2444 plo
351 2347 479 2421 τούτων
501 2351 588 2421 narsi
610 2379 699 2434 τινας
713 2351 768 2420 καὶ
789 2351 950 2444 Ἱκέσιον.]
984 2357 1091 2420 Ptole·

74 2469 163 2516 naeus
188 2471 357 2541 utramque
383 2460 464 2520 locat
496 2479 596 2542 prope
621 2461 771 2524 Siciliam.
834 2460 908 2527 Vel,
945 2457 1091 2542 simagis

76 2553 166 2629 placet,
189 2560 280 2644 lege:
307 2574 347 2632 et,
370 2581 460 2642 quae,
479 2573 516 2622 ut
535 2563 648 2634 Aetna,
671 2573 821 2642 perpetuo
834 2555 986 2646 flagrent
1009 2559 1091 2640 igne,

75 2653 157 2716 Hiera
177 2675 207 2722 et
234 2663 416 2744 Strongyle,
449 2681 489 2724 ex
514 2662 672 2726 Diodoro.
707 2657 761 2750 [5,
787 2657 842 2749 7.]
889 2677 1089 2722 asseresve.

77 2751 150 2842 llatae
168 2775 203 2822 nt
223 2762 348 2844 Aetna)
399 2763 510 2834 Forte,
538 2785 573 2824 ea
593 2759 817 2852 ficutAetoa,
850 2763 918 2832 vol,
950 2783 989 2822 ac
1000 2757 1092 2852 ficut

75 2861 168 2922 Aetate.
203 2883 411 2927 ciacconsve.
463 2865 504 2925 Et
520 2865 597 2926 haec
614 2885 738 2946 quoque
761 2861 891 2946 pessime
908 2875 996 2924 erant
1018 2881 1093 2924 con·

76 2961 216 3026 ominata.
269 2963 422 3028 Veterem
443 2965 629 3028 reduximus
645 2967 826 3035 lectionem,
850 2985 944 3046 qnam
960 2963 1091 3024 mirifice

76 3075 258 3144 conoperant
284 3069 406 3149 priores
432 3067 629 3149 interpretes.
682 3067 745 3129 Pro
764 3061 918 3152 flagrant
941 3063 1092 3148 rescripsi·

75 3159 336 3248 mutflagrnntes,
372 3171 407 3229 in
431 3171 560 3232 caeteris
588 3167 684 3231 secuti
708 3167 815 3229 snmus
837 3181 961 3230 veteres
983 3167 1091 3228 libros.

75 3257 159 3324 Recte
177 3287 254 3329 vero
272 3269 401 3330 Hieram
423 3283 455 3332 et
469 3271 663 3354 Strongylen
684 3283 809 3330 tantum
830 3270 986 3338 nominat,
1013 3287 1092 3350 quae

74 3369 202 3440 ²r‹leant;
227 3369 369 3432 similiter
387 3389 513 3452 quoque
531 3369 604 3432 facit
619 3371 781 3434 Diodorus
801 3371 934 3433 Siculus.
960 3365 1015 3457 [5‚
1033 3359 1090 3452 7.]

75 3456 126 3521 set
148 3481 177 3526 et
198 3469 296 3532 hodie
318 3493 444 3554 quoqne
464 3473 497 3533 id
518 3491 632 3535 verum
649 3473 701 3536 ett.
765 3473 912 3535 Caetetas
933 3485 1039 3532 tamen
1060 3483 1094 3530 et

76 3559 130 3624 illas
149 3587 271 3652 qnoque
296 3573 464 3655 aliqnando
486 3573 600 3645 arsisse,
626 3571 788 3636 manifeste
808 3593 847 3636 ex
867 3571 1038 3634 crateribus
1061 3581 1094 3631 et

76 3663 205 3732 ambustis
230 3677 427 3754 quarundam
453 3675 626 3738 verticibus
651 3677 759 3760 colligi
785 3675 898 3756 potesl.
950 3690 1093 3735 vossins.

76 3761 161 3838 Ordo,
186 3793 278 3852 qoem
298 3774 424 3839 Voffius
443 3777 581 3847 reduxit,
607 3790 750 3839 auctores
771 3775 866 3836 habet
887 3775 985 3837 libros
1006 3785 1093 3835 vete·

76 3881 125 3928 ¹²³-
158 3873 205 3934 De
228 3875 354 3960 singulis
377 3877 485 3940 insulis
513 3879 591 3940 haec
613 3879 748 3940 tenenda
771 3877 932 3938 videntur.
975 3873 1095 3940 Pintia·

78 3983 137 4036 11115,
161 3977 211 4054 qni
227 3997 284 4058 pro
299 3977 454 4040 Heraclea
468 3981 581 4040 maluit
595 3976 734 4066 Hieefio,
755 3979 885 4040 videtur
900 3977 1035 4038 omnino
1054 3975 1094 4036 ad

79 4081 175 4136 omines
197 4081 329 4145 omnino
352 4081 473 4144 vicinas
491 4083 614 4145 Siciliae
632 4079 746 4144 insulas
764 4077 936 4162 respexisse,
964 4077 1004 4140 de
1027 4077 1095 4159 qui·
