2752 4944
369 403 458 460 ΗΒ.
489 406 526 458 11.
570 404 603 462 C.
631 405 682 458 m.
725 401 803 478 59.
1049 408 1109 480 249

72 591 99 638 et
118 575 208 638 veittt
229 565 328 666 freto
349 587 382 638 at
408 574 545 656 denique
567 573 620 638 ista
642 574 725 636 inter
750 573 877 638 Aetolos
899 585 932 636 et
957 573 1111 654 Pelopon·

72 675 212 766 nesnrcos
242 675 481 758 parenthesibur
512 675 564 738 seu
598 679 783 748 cornmatia,
823 677 872 738 uti
903 679 937 737 in
965 678 1109 738 editione

72 781 188 846 i‘ineti,
215 775 347 840 fuissent
367 777 597 860 distinguenda.
650 779 768 840 Vemm
789 797 860 848 noe,
884 779 1038 862 neglectis
1060 777 1109 848 iit,

71 898 145 960 quae
177 877 249 962 ipse
280 881 378 940 etiarn
408 879 548 962 neglexit
573 877 674 949 Mela,
711 879 865 942 maiorem
895 877 985 961 prisci
1011 877 1111 940 moria

71 980 253 1042 habendam
285 977 448 1043 censemur
475 981 649 1050 rationem,
688 999 783 1061 quam
822 979 1110 1042 Grammaticorum

71 1101 182 1164 parum
215 1083 303 1142 inte'r
332 1079 361 1142 se
385 1077 652 1141 consentientium
683 1083 891 1152 commentia,
928 1079 1110 1162 praesertim

73 1204 141 1242 mm
161 1183 265 1244 etiam
285 1181 401 1262 abeque
424 1181 486 1244 illie
510 1183 600 1263 plana
621 1181 681 1242 snit
708 1181 803 1244 huiot
826 1181 980 1264 scriptoris
1002 1181 1108 1244 rerba.

74 1285 152 1344 Nam
174 1284 267 1364 quod
284 1284 360 1344 dicit
382 1283 523 1344 novitius
545 1295 723 1354 annotator,
748 1281 858 1344 salsum
875 1283 945 1352 esse,
978 1283 1110 1346 Aetolae

73 1389 255 1468 pertingere
282 1385 321 1445 ad
344 1383 514 1454 Isthmum,
556 1383 588 1443 id
614 1383 693 1444 nihil
718 1387 853 1447 omnino
875 1385 913 1446 ad
936 1403 1003 1446 rem
1025 1381 1110 1454 iacit,

72 1507 128 1547 nec
150 1487 273 1546 confici
296 1485 396 1567 potesi
415 1505 454 1545 ex
470 1485 576 1546 rerbia
594 1483 708 1554 Mesae,
733 1505 954 1568 quamcunque
977 1485 1109 1546 demum

72 1587 205 1667 sequaris
229 1585 479 1647 distinctionem.
538 1585 615 1647 Non
633 1587 769 1656 Aetolos,
798 1585 847 1648 sed
873 1587 974 1647 sinum
997 1585 1112 1648 Corin·

71 1689 212 1749 thiecum
235 1707 337 1767 utque
356 1687 394 1748 ad
413 1686 567 1748 ssihmum
592 1689 771 1772 pertingere
796 1685 916 1756 scribit,
948 1707 1007 1748 nec
1030 1705 1111 1768 opttt

72 1789 127 1858 est,
159 1791 240 1870 quia
262 1787 503 1869 Peloponneso,
538 1787 612 1850 ideo
637 1789 888 1870 quoquehetosi
914 1789 946 1848 in
966 1787 1110 1870 opposito
1188 1843 1193 1856 ,

70 1891 162 1952 litore
199 1909 305 1969 usque
336 1889 375 1949 ad
410 1887 566 1950 isthmum
599 1891 801 1952 continenter
837 1889 1018 1950 habitarint.
1075 1890 1110 1952 Si

72 1989 195 2051 dixisset
219 1991 328 2050 sinum
353 1989 562 2052 Corinthium
588 1992 671 2052 inter
694 1991 818 2053 Rhium
841 2005 874 2054 et
899 1989 1110 2058 Antirrhium,

71 2093 139 2162 seu,
174 2103 213 2150 ut
239 2091 353 2152 Liriue
377 2083 459 2176 [e7,
486 2108 542 2170 29,
566 2083 623 2176 9.]
654 2091 767 2164 habet,
800 2093 884 2154 inter
911 2091 1112 2174 Naupactum

71 2208 102 2252 et
122 2195 235 2254 Patrae
267 2211 365 2272 utque
392 2192 430 2252 ad
461 2190 616 2252 Isthmum
640 2197 831 2276 irrumpere,
871 2205 903 2256 et
928 2193 965 2254 stc
984 2211 1111 2273 quoque

70 2307 152 2354 recte
175 2291 285 2354 fuiss'et
307 2293 444 2353 locutus.
496 2293 533 2352 ln
554 2293 671 2364 altero,
702 2315 800 2376 quem
820 2291 997 2378 subiungit,
1030 2293 1111 2364 ioco,

74 2395 126 2454 uhi
151 2396 194 2455 de
223 2395 385 2456 Rhodano
415 2393 480 2476 agit
508 2393 609 2464 Mela,
650 2394 762 2456 misere
785 2397 920 2456 omnino
944 2395 1110 2475 decipitur,

73 2516 172 2574 quum
196 2493 296 2554 rerba
312 2495 379 2556 eiua
401 2493 492 2554 simili
509 2494 718 2558 distinctionis
736 2498 818 2556 vitio
839 2493 942 2556 scribit
961 2495 1112 2558 laborare.

74 2596 155 2656 Nam
179 2597 271 2676 quod
299 2609 410 2678 negat,
454 2595 573 2657 flumen
603 2596 665 2658 boc
687 2599 770 2658 inter
791 2597 901 2658 Volcae
923 2609 954 2658 et
976 2595 1113 2658 Caverna

73 2699 104 2756 in
128 2717 220 2756 mare
249 2677 412 2766 effluere,
436 2697 522 2776 quod
551 2697 703 2768 Cavares,
742 2711 778 2758 trt
808 2695 872 2779 ipse
904 2711 1008 2778 putat,
1044 2715 1113 2758 non
1194 2745 1200 2758 .

70 2801 128 2858 siut
151 2797 318 2868 litorales,
350 2797 439 2858 ineo
457 2811 613 2876 quantum
629 2796 768 2870 fallatur,
796 2797 865 2860 sotir
883 2799 973 2860 docet
990 2797 1114 2868 Strabo,

71 2895 129 2985 [4.
152 2921 189 2981 p.
211 2918 260 2959 m.
282 2907 361 2974 reg.
383 2895 404 2960 s.
429 2893 531 2984 185]
557 2918 595 2960 ex
616 2919 679 2980 quo
701 2897 863 2962 maniseste
884 2897 1114 2983 cognoscimur,

71 3004 212 3062 Cararaa
246 3017 315 3060 non
341 3012 465 3059 tantum
497 2999 599 3061 dictor
625 3001 713 3070 ilios,
750 3003 806 3083 qui
831 3003 914 3062 inter
943 2998 1054 3060 isaram
1080 3013 1114 3062 et

70 3103 273 3162 Druentiam
298 3099 493 3168 habitarent,
526 3098 576 3162 sed
598 3117 631 3163 et
645 3103 751 3182 Salyae
771 3117 805 3164 et
824 3121 937 3163 umnec
957 3121 973 3160 a
990 3101 1114 3160 Dmen·

70 3207 114 3262 tia
150 3217 188 3264 et
221 3219 309 3260 mare
345 3201 541 3262 Rhodanum
575 3203 751 3266 accolentes
790 3217 918 3288 genter,
955 3200 1114 3264 Cavarurn

69 3301 180 3365 censae
209 3298 300 3362 suisse
320 3303 464 3364 nomine.
515 3302 587 3364 Hoc
609 3317 715 3367 tamen
737 3323 841 3366 errore
861 3315 1000 3366 caecatur
1019 3303 1114 3364 rerba

70 3405 180 3466 Melae
208 3405 251 3464 fic
278 3401 460 3487 distinguit:
504 3401 575 3496 post
608 3395 699 3496 cursu
730 3406 763 3466 in
790 3403 947 3466 meridiem
978 3401 1115 3464 obdttcto

71 3508 135 3564 iure
156 3508 284 3572 intrat,
325 3495 503 3592 occeffuque
522 3503 655 3566 oliorum
677 3508 816 3568 amttt'ttttt
839 3507 902 3566 iam
929 3504 1063 3586 grandis
1084 3517 1115 3565 et

64 3599 209 3696 [obinde
233 3603 387 3684 grandior
415 3607 498 3666 inter
528 3603 562 3668 V
562 3605 649 3666 oscas
678 3619 709 3668 et
741 3607 908 3674 Cavares,
949 3606 1116 3666 emittitur.
1205 3651 1208 3660 ,

72 3709 142 3768 Hac
159 3705 370 3768 distinctione
392 3702 481 3775 facta,
506 3707 577 3786 quia
596 3707 685 3768 locus
703 3707 853 3770 ostiorum
869 3706 1019 3768 lihodani
1040 3705 1116 3767 desi·

72 3811 224 3877 deratur,
250 3805 346 3876 dicit,
376 3805 445 3888 post
465 3825 579 3868 rocem
602 3809 760 3871 emittitur
776 3807 968 3892 subintelligi
990 3808 1040 3868 ito
1061 3825 1118 3886 per

70 3911 252 3976 Auaticor,
291 3907 361 3970 isiae
389 3920 496 3968 autem
523 3927 619 3970 rocea
644 3929 712 3970 non
740 3909 861 3971 ariditas
887 3927 906 3970 a
934 3907 1035 3978 Mela,
1075 3927 1117 3970 ne

70 4012 202 4095 ingenii
224 4007 272 4068 sui
296 4007 450 4070 sincerum
473 4023 579 4073 nectar
601 4011 729 4070 acidum
758 4013 913 4072 redderet.
966 4009 1024 4071 lsie
1045 4027 1117 4091 pro·

68 4111 156 4175 secto
193 4110 324 4173 invenie
348 4123 497 4174 nauteam
522 4127 580 4194 pro
606 4125 731 4175 nectare
755 4113 919 4194 propinat,
963 4123 996 4172 et
1025 4123 1116 4192 putat
