2792 4940
329 423 389 492 ²58
623 419 868 480 conponit
911 421 1074 478 Munna

327 593 426 656 Vallo.
444 605 477 672 5.
496 590 574 675 pelle
593 606 644 667 et,·
676 593 770 658 Paris.
790 607 823 674 5.
845 593 953 656 Havn.
977 613 1110 678 qrtarum
1130 593 1238 656 Pallan
1260 594 1352 656 mutti-

326 715 375 756 me
396 692 543 787 illustrem
562 695 605 757 ol.
628 687 779 790 ‘fficium‘-
829 697 914 759 Edd.
939 716 967 759 r.
993 711 1027 758 2.
1050 709 1084 775 5.
1106 705 1142 776 4.
1164 708 1198 774 5.
1218 699 1250 760 6.
1267 711 1298 772 7.
1320 708 1350 772 8.

326 813 438 877 9.10.
459 815 514 860 ιι.
537 809 741 877 12.13.14.
762 798 892 876 15.16.
913 812 967 874 17.
988 809 1042 874 18.
1065 815 1120 876 ¹9·
1142 817 1198 862 20.
1223 814 1278 860 21.
1299 815 1350 859 22.

329 911 387 976 23.
411 908 470 978 24.
493 910 551 976 25.
592 912 625 960 et
650 899 727 960 hinc
753 900 929 972 Vadianae,
967 898 1183 970 Olivnrianae‚
1215 901 1351 968 Vinctus,

325 999 475 1063 Schottuc
503 1021 637 1085 quarum
664 1001 783 1062 Pellam
810 1001 947 1063 maxime
965 997 1114 1092 illustrem
1136 999 1178 1062 ol.
1203 993 1353 1093 efficiatum

326 1096 452 1164 Voffiua
473 1115 505 1163 et
529 1111 589 1180 4ο.
616 1123 749 1186 quarum
765 1103 853 1164 Pella
873 1115 903 1162 et
921 1103 1065 1162 maximo
1087 1113 1119 1162 et
1137 1101 1274 1194 illustris.
1306 1099 1350 1161 At

325 1194 485 1296 efficiunt,·
515 1206 611 1266 itaet
633 1213 919 1286 41.42.tentum
943 1202 1043 1276 Pelle,·
1078 1213 1140 1282 44.
1159 1219 1191 1264 et
1213 1203 1352 1284 reliquae,

325 1317 498 1386 praeeunte
519 1306 710 1376 lleinoldio‚
742 1326 875 1388 quorum
891 1303 980 1364 Pelle
1000 1301 1044 1390 est
1066 1306 1204 1366 maxime
1224 1302 1352 1394 illustris.

325 1405 376 1469 At.
401 1399 551 1499 efficiunt.
587 1425 792 1468 rzccuvcnu.
847 1407 933 1468 Haec
954 1423 1081 1488 quoque
1104 1425 1122 1466 e
1145 1406 1233 1468 libris
1254 1425 1354 1466 ernen-

326 1507 487 1570 davimue.
514 1505 586 1594 squ.
605 1508 693 1568 Pella
710 1521 741 1570 et
762 1509 904 1570 proximo
918 1520 950 1569 et
969 1503 1129 1600 illifidu]
1183 1509 1352 1586 Vtrumque

325 1628 444 1690 nempe
460 1608 591 1671 effecere
606 1609 775 1692 Philippus
791 1624 823 1671 et
837 1609 1012 1671 Alexander
1031 1611 1064 1668 in
1081 1608 1141 1670 hoc
1158 1610 1278 1692 oppido
1293 1606 1355 1666 nuti

325 1723 359 1770 et
375 1711 508 1778 educati,
529 1725 566 1771 ut
583 1724 615 1772 et
633 1711 756 1774 illustria
769 1711 853 1782 esset,
878 1711 965 1772 Pella
984 1723 1018 1770 et
1033 1711 1182 1774 maxima.
1217 1727 1354 1772 voaatva.

325 1811 392 1872 Etst
416 1811 624 1874 vetustiorum
652 1813 835 1874 editionum
860 1812 956 1875 lectio
986 1831 1045 1872 nec
1074 1815 1249 1876 commodo
1273 1807 1355 1871 sensu

324 1925 418 1984 caret,
444 1932 503 1974 nec
519 1933 535 1974 a
552 1913 674 1976 Msstu
693 1913 882 1982 destituitur.
905 1925 1023 1980 tamen.
1046 1933 1119 1974 cnm
1137 1914 1223 1975 Pella
1239 1911 1356 1973 illustris

323 2013 465 2094 quidem,
492 2012 545 2076 scd
566 2033 634 2076 non
651 2015 786 2076 maxima
804 2013 909 2084 suerit.
935 2014 1083 2075 addicant
1102 2016 1197 2076 etiarn
1221 2015 1356 2098 potioree

325 2116 467 2185 corticea.
497 2127 621 2176 tantum
640 2119 723 2197 qnod
748 2115 832 2178 sacili
854 2113 940 2198 lapsu
966 2117 1097 2197 quidam
1120 2115 1283 2184 aberrent,
1313 2133 1356 2176 re·

324 2227 449 2296 ceptam
471 2217 644 2278 lectionem
667 2217 806 2280 deserere
822 2216 985 2286 dubitavi,
1018 2237 1097 2298 quae
1114 2231 1145 2278 et
1165 2216 1269 2278 Melae
1293 2215 1356 2274 hre-

324 2317 417 2376 vitati
437 2319 673 2380 accommodata
697 2321 835 2382 videtur.
886 2319 974 2380 Pella
995 2333 1118 2387 autem.
1144 2319 1199 2379 etli
1226 2317 1356 2402 segniter

324 2429 415 2479 antea
432 2417 471 2478 lic
484 2419 607 2479 editum
623 2417 712 2482 luisse
727 2421 913 2502 pronuntiat
928 2421 952 2481 l.
962 2419 1147 2480 Gronovius
1163 2419 1200 2480 ad
1221 2439 1248 2492 ι,
1266 2438 1295 2481 2.
1312 2423 1354 2479 in.
1371 2401 1372 2406 ἵ

323 2520 430 2601 potior
453 2531 559 2580 tamen
582 2535 615 2582 et
636 2523 776 2585 usitatior
800 2520 1007 2585 videturesse
1032 2521 1232 2591 terminatio.
1266 2537 1357 2600 quam

322 2619 415 2682 Pelle.
468 2619 594 2703 Nernpe
610 2617 725 2684 Πέλλα
742 2623 861 2684 habeut
876 2623 987 2684 Graeci
1003 2642 1126 2692 ornnes.
1148 2624 1183 2682 in
1204 2627 1245 2684 iic
1265 2624 1358 2682 Hero·

324 2721 420 2784 dotue
437 2737 470 2798 7,
491 2737 571 2802 125.
599 2723 735 2787 Diodor.
750 2726 812 2789 Sic.
829 2727 863 2784 in
879 2722 991 2808 fragm.
1008 2739 1065 2798 27.
1084 2743 1115 2804 p.
1131 2726 1216 2803 644.
1236 2721 1357 2784 Welsel.

322 2822 502 2906 Stephanus
522 2823 555 2886 lr.
577 2845 611 2887 v.
654 2826 857 2888 Ptolemaeus
873 2840 906 2905 5,
929 2837 984 2904 13.
1026 2825 1110 2886 Plin.
1129 2837 1162 2905 4,
1187 2841 1244 2898 17.
1261 2823 1283 2888 s.
1305 2843 1355 2884 ru.

322 2943 361 2986 ex
381 2917 606 3006 posterioribus
628 2927 725 2988 etlam
746 2927 863 3010 Geogr.
886 2929 1034 2988 Ravenn.
1058 2945 1089 2997 2.
1116 2937 1171 3004 ιθ.
1205 2939 1241 3007 4.
1265 2945 1299 3006 9.
1328 2935 1358 3001 5.

328 3039 384 3087 22.
418 3025 481 3089 tab.
505 3027 656 3113 Peutiug.
675 3043 707 3102 7.
732 3028 770 3090 B.
811 3043 844 3090 et
866 3029 942 3089 hinc
962 3024 1096 3090 Πέλλαν
1116 3027 1229 3091 Strabo
1255 3031 1288 3088 in
1310 3045 1358 3085 ex·

322 3139 420 3210 cerpt.
442 3128 497 3191 lib.
516 3144 549 3205 7.
571 3149 604 3210 p.
627 3143 707 3206 105.
727 3129 826 3192 Huds.
864 3129 984 3190 Pellam
1001 3130 1114 3190 Livius
1129 3128 1183 3191 lib.
1202 3138 1265 3211 44.
1282 3140 1358 3189 extr.

320 3227 398 3289 Non
419 3229 516 3312 igitur
538 3230 652 3300 virleu,
685 3249 745 3312 qua
769 3232 893 3292 ratione
917 3229 993 3292 stare
1022 3244 1107 3292 recte
1141 3225 1238 3310 possit
1268 3229 1357 3295 Pelle.

321 3347 395 3388 corn
416 3331 495 3391 adeo
520 3329 558 3390 src
579 3328 731 3413 scripserit
751 3333 946 3395 Herodotus.
999 3333 1104 3392 lmmo
1129 3330 1237 3402 Pelles,
1273 3329 1357 3411 qnod

319 3429 417 3489 multi
439 3430 491 3492 hic
513 3430 648 3501 habent.
682 3435 797 3495 coaluit
819 3454 856 3494 ex
878 3432 967 3493 Pella
991 3431 1033 3523 est
1059 3447 1091 3493 et
1117 3433 1355 3514 corruptionem

319 3530 450 3594 indicat.
502 3532 597 3593 Aliud
613 3533 704 3594 estin
719 3535 856 3612 Europe,
881 3553 1019 3618 proquo
1035 3535 1106 3594 libri
1128 3529 1240 3613 paffim
1262 3533 1358 3593 etiam

319 3631 397 3692 dent
421 3633 569 3712 Europa.
606 3647 639 3698 et
674 3633 713 3698 src
738 3637 773 3696 in
798 3636 878 3699 aliie.
932 3635 1038 3720 Quare
1061 3635 1211 3698 revocavi
1244 3627 1358 3714 Vossia-

317 3751 398 3794 uum
422 3733 521 3796 Pella.

393 3936 645 4022 Philippus)
695 3939 834 4024 Rehtlig.
860 3939 1051 4024 phylippum
1086 3939 1170 4002 Gud.
1194 3937 1360 4018 philipus,-

319 4037 431 4101 Venet.
453 4051 485 4099 et
500 4039 697 4113 Alexandem
730 4042 838 4105 Cibin.
857 4045 981 4104 omittit
997 4039 1109 4134 Afiae;
1134 4043 1224 4124 l'rag.
1252 4038 1372 4100 scribit¹

318 4141 413 4213 Ακίις
437 4141 611 4226 liehdiger.
635 4135 726 4234 nsye,·
751 4144 836 4207 labeo
854 4157 959 4208 notae.
