2814 4946
347 423 410 493 540
651 413 893 474 rottrotttr
928 418 1087 476 MELAE
1142 501 1146 512 ι

350 605 415 656 ant.
434 607 467 662 a.
492 599 545 669 rtp.
568 589 647 653 106.
686 589 781 661 Cum,
807 603 842 650 ut
860 587 1016 672 superiora
1032 591 1159 661 docent,
1181 591 1264 652 nulla
1278 588 1362 652 editio

351 695 414 756 hoc
427 711 549 754 nornen
567 689 652 759 serat,
677 693 796 752 mirum
814 689 866 760 ell,
888 693 974 753 unde
993 695 1128 760 duxerit.
1153 693 1208 752 uisr
1222 711 1277 774 pro
1294 691 1364 750 lllela

351 797 474 860 Pttnnu
492 792 721 854 substituendua
738 791 784 852 stt.
819 791 973 855 Meursiua
985 795 1115 875 quidem
1132 796 1163 854 iu
1174 794 1264 856 Creta
1278 793 1326 852 lib.
1341 813 1363 850 r.

352 919 378 960 c.
398 909 453 974 15.
474 917 505 978 p.
523 893 580 958 6ι.
606 906 689 954 recte
704 893 846 954 Plinium
864 907 895 956 et
909 895 1066 964 Soliuum,
1089 893 1171 956 soloe
1187 895 1283 962 testea,
1303 911 1365 974 pro·

352 999 451 1060 ducit.
495 989 658 1080 Πάνακρα
678 993 808 1074 quidem
830 995 1056 1057 aCallimacho
1079 1009 1362 1059 commemorantur,

298 1132 307 1150 ι
354 1097 405 1160 sed
420 1111 565 1158 montem
588 1095 722 1179 intelligi
741 1109 844 1177 patet,
875 1116 939 1176 quo
955 1098 1088 1158 nomine
1111 1101 1206 1159 etiam
1227 1092 1365 1155 recensuit

352 1199 543 1280 Stephanus,
565 1193 706 1258 adsumto
726 1195 911 1258 Callimachi
932 1197 1126 1259 testimonio.
1188 1197 1289 1280 erarn
1307 1193 1363 1252 sub·

353 1303 420 1360 iicit
446 1301 497 1360 ille
521 1291 694 1380 Istsuoapov
715 1296 844 1366 urbem.
875 1297 973 1380 Cypri
997 1318 1033 1358 ea
1058 1297 1138 1368 fuit,
1173 1321 1237 1358 nun
1257 1295 1363 1357 Cretae.

352 1399 415 1464 Sed
435 1421 494 1461 nec
511 1395 671 1482 Ilo'uuarpo
693 1399 726 1458 in
743 1397 935 1460 Callimacho
956 1399 1112 1479 peculiare
1129 1399 1247 1476 montio
1261 1413 1364 1457 nomen

353 1517 386 1563 et
404 1503 568 1584 proprium
590 1497 680 1558 suisse
704 1499 847 1570 videtur,
882 1499 933 1560 sed
958 1493 1016 1586 cipp
1035 1495 1191 1588 rdvnupu
1212 1499 1363 1560 coniuncte

351 1604 465 1688 posta,
491 1618 527 1662 ut
551 1613 583 1662 et
605 1599 649 1658 ibi
666 1601 799 1680 explicat
816 1601 1012 1682 Stephanus,
1046 1605 1182 1662 omuino
1201 1603 1240 1662 rle
1257 1595 1363 1660 excelsu

353 1705 467 1768 Cretae
488 1699 653 1764 montibus
673 1716 706 1762 et
727 1702 760 1759 in
785 1703 895 1784 primia
914 1703 948 1762 in
971 1701 1159 1764 Callimachi
1180 1703 1249 1763 loco
1270 1703 1304 1759 de
1319 1697 1362 1756 lda

351 1805 488 1888 intelligi
512 1803 640 1864 delient.
689 1802 794 1884 Quare
814 1817 846 1864 et
862 1803 896 1863 in
913 1803 1076 1866 montibus
1092 1803 1205 1866 Cretae
1226 1798 1361 1862 recensuit

350 1907 414 1968 hoc
438 1924 559 1966 nornen
583 1903 703 1963 filoncio
727 1905 887 1984 praeteriit
907 1902 1042 1968 Pliniue.
1101 1907 1153 1965 Ex
1173 1923 1235 1986 quo
1257 1898 1363 1961 confici·

352 2021 412 2076 tur,
440 2007 586 2066 Parrocro
606 2003 657 2063 hic
672 2001 745 2064 ferri
761 2005 893 2066 minime
912 2005 1006 2085 posse,
1032 2025 1090 2066 nec
1104 2025 1122 2066 n
1138 2003 1293 2066 codicibus
1306 1997 1360 2079 sug·

351 2109 435 2191 geri.
469 2103 768 2186 supramemoratae
790 2107 941 2167 lectiones
965 2104 1033 2168 satie
1054 2107 1222 2168 declarant.
1272 2103 1359 2185 Quam

352 2209 440 2269 enim
461 2226 500 2267 ex
528 2203 588 2266 suia
613 2203 761 2286 adposuit
784 2203 923 2276 Volscos,
958 2220 1032 2269 nota
1061 2207 1104 2268 eli
1127 2211 1196 2269 eius
1220 2205 1304 2270 fides,
1333 2201 1359 2256 iu

350 2308 462 2369 multia
477 2307 554 2366 locis
570 2303 716 2366 consessa.
754 2307 934 2368 Remanent
949 2309 1045 2391 igitur
1063 2307 1236 2370 maniseliie
1253 2300 1358 2364 indiciis

349 2409 493 2491 proditae
520 2407 715 2483 siurapuoe.
752 2427 827 2488 quae
850 2407 960 2469 diserte
986 2411 1020 2469 in
1048 2410 1225 2492 praecipuis
1249 2402 1358 2465 urbibus

350 2521 497 2571 numerat
516 2509 652 2570 Soliuue.
705 2508 769 2568 Etfi
795 2511 880 2572 enim
904 2529 999 2572 nemo
1021 2524 1144 2591 praeter
1170 2529 1243 2571 enrn
1262 2519 1291 2566 et
1308 2501 1356 2564 Pli-

350 2613 441 2672 nium
461 2629 530 2670 eana
551 2611 790 2678 memoraverit,
825 2611 959 2671 minime
982 2623 1088 2672 tamen
1110 2613 1145 2672 id
1168 2609 1278 2676 obstat,
1306 2617 1356 2682 qut

349 2713 457 2773 minue
484 2711 669 2792 recipiatur,
703 2711 884 2772 cumidem
907 2709 1092 2772 observetur
1119 2715 1215 2773 etiarn
1240 2711 1270 2768 iu
1294 2704 1354 2768 aliia,

349 2814 451 2874 veluti
475 2811 663 2890 Hulopyxo‚
697 2825 730 2872 et
753 2809 874 2873 Plinius
900 2825 1020 2892 praeter
1048 2815 1163 2894 oppida
1186 2805 1355 2871 nominatim

347 2915 499 2996 producta
519 2912 652 2972 aliorum
674 2913 795 2972 circiter
812 2913 864 2971 Lx
887 2915 1074 2974 memoriam
1090 2915 1206 2974 exstare
1222 2911 1352 2970 adfirmes·

349 3015 433 3078 Cum
456 3031 551 3093 porro
574 3013 669 3072 etiarn
694 3008 936 3075 Lacedaemonii
960 3014 1091 3074 colonoo
1115 3017 1149 3074 in
1174 3013 1294 3074 Cretam
1313 3005 1354 3062 de·

347 3115 512 3182 duxerint,
540 3113 624 3192 quod
644 3113 683 3172 de
703 3113 799 3191 Lytto
815 3112 867 3173 seu
886 3115 984 3192 Lycto
1000 3135 1037 3176 ex
1054 3113 1225 3176 Aristotelis
1246 3106 1353 3170 Politic.

348 3230 382 3284 Ω,
403 3229 436 3288 sl·
463 3226 495 3274 et
511 3213 646 3290 Polybio
663 3223 696 3290 4,
713 3225 769 3290 54.
785 3212 807 3274 s.
830 3212 967 3284 discitur,
992 3215 1056 3276 hoc
1072 3235 1192 3278 nomen
1205 3203 1353 3274 commode

344 3333 362 3375 a
384 3313 560 3394 Therapnis
578 3312 740 3376 Laconicis
760 3317 826 3396 peti
844 3317 960 3397 potuit.

420 3513 630 3596 Cydonia)
682 3517 834 3588 Vaticani,
860 3513 1016 3602 (opinor)
1043 3517 1126 3600 Lips.
1153 3519 1260 3579 Vener.
1282 3504 1352 3570 lteb-

345 3615 444 3699 diget.
470 3617 574 3676 slavn.
599 3615 729 3698 Cydon;
763 3618 842 3680 Voss.
866 3639 893 3682 ι.
920 3620 1095 3682 Mediolan.
1120 3619 1279 3700 Cydonea,
1307 3605 1352 3667 esst

241 3749 243 3758 ·
344 3711 467 3777 Voffius
490 3717 626 3777 omnino
648 3731 737 3779 notat
761 3740 798 3781 ex
821 3721 908 3781 libris
934 3719 1094 3792 Cidonea‚·
1128 3719 1231 3782 Cibin.
1255 3707 1351 3792 Cydon

342 3839 394 3887 ea,
427 3819 464 3878 acl
490 3837 582 3898 quarn
609 3817 778 3880 lectionem
802 3823 898 3879 etiam
924 3822 1045 3882 ducunt
1071 3821 1116 3880 illi
1139 3821 1273 3882 codices·
1304 3805 1349 3886 qui

338 3921 483 4000 proxime
503 3917 570 3999 posi
587 3937 644 3998 pro
661 3913 859 4010 Illoratbusa
876 3921 992 3982 habent
1009 3913 1227 4010 Cantoratuse‚
1251 3907 1348 3996 prioris

338 4017 482 4081 vocabuli
507 4017 620 4099 syllaba
642 4019 752 4081 ultima
778 4023 966 4083 adhaerente
988 4038 1020 4084 et
1042 4045 1080 4082 ea
1104 4025 1136 4083 in
1159 4043 1196 4081 ca
1223 4021 1346 4078 mutatui

335 4117 517 4202 Parifienses
539 4133 612 4190 tres,
637 4121 776 4184 vindob.
797 4121 887 4210 Prag.
911 4123 995 4186 Gud.
1023 4123 1145 4194 Cidon,
1174 4121 1221 4183 uti
1246 4112 1344 4198 tegitur
