2814 4946
296 375 386 428 Lm.
415 371 454 428 11.
498 373 533 432 c.
560 375 625 435 V11.
669 371 695 442 4.
721 382 767 442 ¹5·
793 371 840 428 ιθ.
1025 369 1087 448 567

53 546 193 630 scriptum
212 545 332 632 legitur
354 549 387 609 in
403 547 512 612 Cibin.
536 546 712 632 Rehdiger.
736 547 828 630 Prag.
855 547 906 608 vel
924 545 1087 608 Harribnle

52 652 129 731 qnod
145 649 188 710 eil
206 651 243 709 in
262 651 345 712 Gud.
369 663 403 712 et
419 648 610 712 Vindobon.
638 649 731 710 multi
754 651 807 710 alii
829 665 904 710 cum
927 651 1084 731 plerisque

54 749 247 812 editionibus
273 752 392 814 abiecta
424 751 636 834 adspiratione
662 748 844 832 proferunt,
880 771 976 832 qnam
998 773 1084 832 proe-

54 853 128 912 milit
147 872 223 912 cum
242 851 304 914 suia
321 853 483 915 Vadianue
504 866 536 914 et
555 865 646 912 antea
661 853 712 915 ed.
734 871 790 916 ιι.
817 851 885 934 poll
904 851 940 914 d.
959 851 1084 916 Grono-

55 955 118 1014 vius
138 956 214 1016 inde
236 953 275 1014 ab
297 955 347 1017 ed.
365 965 425 1034 44.
451 955 681 1016 lleinoldianae
705 953 899 1034 discrepant;
926 956 1083 1014 omittunt

56 1057 181 1134 priores:
216 1055 358 1116 additam
381 1057 448 1122 vidi
471 1059 505 1116 in
529 1056 580 1118 ed.
609 1067 714 1132 1775.
767 1055 843 1117 Vid.
867 1056 903 1116 ad
932 1070 965 1136 Ω,
990 1057 1023 1128 6,
1047 1068 1081 1133 5.

55 1154 205 1218 vocabula
228 1155 311 1217 idem
329 1159 380 1218 vir
399 1157 574 1219 redundare
598 1157 729 1240 putabat
746 1157 944 1220 ciacconius.

119 1379 188 1438 pro
187 1349 330 1450 frigus
353 1381 401 1420 ex
425 1351 603 1450 Africa)
652 1359 826 1424 Cluveriue
842 1363 874 1422 in
891 1358 999 1425 Sicilia
1016 1373 1080 1423 ant.

62 1477 86 1528 ι,
103 1457 133 1522 6.
155 1481 185 1542 p.
206 1473 267 1540 78.
294 1463 336 1522 ita
358 1462 446 1522 malit
462 1463 641 1530 emendare.
666 1453 883 1550 prosrrgns'ex
904 1463 1016 1531 Italia,
1043 1483 1082 1522 ιιι·

59 1580 105 1636 per
127 1583 162 1620 eo
182 1561 257 1622 loca
281 1554 428 1652 Africam
452 1577 577 1644 peteres,
614 1563 649 1622 ni
676 1564 813 1625 auctoris
838 1566 959 1648 gravis,
996 1563 1082 1623 Livii

61 1673 107 1738 53,
128 1673 173 1742 48
190 1660 233 1744 lq.
270 1665 324 1746 qoi
347 1663 539 1748 Carthagine
563 1665 688 1742 Tyrum
716 1679 749 1726 et
775 1665 850 1726 inde
879 1665 1081 1726 Antiochiam

61 1763 160 1825 venille
183 1767 398 1828 Hannibalem
419 1781 532 1836 narrat,
558 1765 776 1827 testimoninm
798 1765 907 1828 obllet.
963 1769 1002 1828 At
1024 1767 1082 1826 alia

61 1867 143 1946 magle
165 1865 355 1938 offendunt,
386 1887 465 1949 qnae
486 1869 525 1930 de
549 1867 693 1929 nominis
711 1865 798 1930 caula
819 1881 851 1928 et
871 1867 999 1928 transitu
1025 1885 1081 1948 per

62 1960 161 2026 fretum
181 1969 329 2031 Siculum
351 1971 480 2031 tradidit
499 1969 618 2038 noller,
646 1988 750 2049 neque
773 1965 878 2030 talnen
901 1971 952 2030 hic
974 1969 1082 2029 excidi

61 2065 186 2145 poliunt,
225 2089 303 2131 cum
331 2091 397 2132 non
433 2070 496 2152 ipla
523 2069 635 2139 verba,
679 2069 729 2132 led
764 2071 950 2132 narrationia
985 2071 1090 2131 iidem·

64 2163 194 2246 spectent.
249 2172 286 2232 ln
320 2170 521 2254 leqrrentibue
551 2171 659 2234 Cibin.
692 2173 863 2254 llehdiger.
888 2171 973 2234 Gud.
997 2169 1080 2252 Lipl.

63 2263 186 2334 l'indob.
212 2273 339 2334 malunt
361 2286 392 2334 et
413 2295 468 2350 per
488 2295 524 2334 ea
545 2273 625 2336 loco.
679 2275 766 2334 Turn
788 2273 931 2335 Vindob.
946 2269 1083 2363 flflssme'

67 2365 133 2430 Gud.
146 2375 231 2456 qnod
252 2375 382 2453 procul,·
409 2373 492 2456 Lipl.
509 2373 700 2452 productum
713 2394 771 2458 pro
788 2373 971 2458 proditum
995 2373 1081 2436 Reh·

68 2467 145 2553 liger.
164 2478 199 2536 in
221 2475 276 2538 hie
298 2458 403 2538 omilit
424 2467 482 2566 effi
503 2489 538 2540 et
556 2495 631 2538 non.

208 2681 240 2756 §.
274 2679 329 2742 16.
379 2675 499 2742 Abeo
524 2677 603 2763 ad)
651 2677 795 2742 vindob.
820 2675 861 2740 ab
883 2696 1018 2760 eaquae
1039 2673 1084 2736 ad

69 2773 250 2852 pecliniam
289 2777 375 2842 Gud.
403 2781 494 2864 Prag.
518 2801 591 2842 cum
614 2781 686 2843 edd.
718 2799 772 2842 ra.
802 2795 856 2858 ι4.
887 2795 942 2856 ι9.
970 2777 1082 2856 pachi-

70 2892 141 2949 nrnng
164 2879 274 2944 Cibin.
294 2879 379 2962 Lipl.
396 2883 601 2962 partitionum.
637 2880 689 2945 cf.
709 2881 794 2964 supra
820 2897 852 2942 et
872 2879 978 2962 paullo
1002 2877 1081 2959 poll.

70 2973 137 3038 Tum
152 2980 233 3062 Lipl.
257 2979 432 3074 tssenditur
450 3004 508 3065 pro
531 2983 723 3046 extenditur.
776 2985 816 3044 dt
836 2983 898 3042 hoc
920 2983 1023 3060 aptius
1044 2979 1084 3040 ad

69 3071 117 3136 loci
133 3085 328 3145 notationem
350 3097 383 3144 et
405 3083 503 3166 ipsam
520 3085 622 3146 llllelae
642 3087 811 3146 rationem.
864 3082 955 3165 Prag.
978 3095 1084 3142 exten·

69 3172 122 3246 elit.
141 3185 186 3242 uti
205 3183 294 3266 saepe
311 3185 378 3246 fieri
395 3187 428 3246 in
445 3186 494 3248 hie
512 3187 622 3248 notavi
639 3187 676 3246 ad
695 3201 726 3266 3,
743 3199 777 3266 4.
801 3207 829 3248 ι.
848 3198 879 3245 et
896 3183 980 3245 alibi.
1012 3181 1085 3244 Post

71 3258 176 3342 lordum
195 3289 228 3346 in
254 3285 349 3350 l'aril.
367 3303 399 3349 ι.
424 3289 515 3372 Prag.
532 3301 566 3350 et
585 3287 617 3348 V
619 3289 690 3350 atio.
709 3303 741 3368 5.
765 3286 849 3347 ticeli
872 3306 972 3355 mare,
1005 3303 1084 3366 qnae

71 3395 121 3439 vox
147 3385 177 3444 in
202 3387 265 3448 hoc
291 3409 377 3449 nexu
403 3387 514 3471 pallito
538 3389 576 3450 ab
602 3391 675 3471 ipsis
700 3389 885 3450 auctoribne
911 3387 1083 3456 omittitur,

73 3481 154 3542 veluit
172 3486 310 3571 Virgilio
327 3493 406 3553 den.
424 3505 456 3570 5.
478 3506 562 3554 ιιι.
599 3489 702 3552 Porro
719 3489 910 3550 Vindobon.
934 3487 1081 3570 attingit.

72 3577 196 3650 lverbia
215 3588 263 3651 Ab
279 3611 313 3652 eo
330 3591 374 3652 ad
395 3625 447 3640 -
480 3591 620 3656 Vinetue
636 3611 702 3675 cap.
718 3592 776 3655 61.
796 3593 920 3674 incipit.

132 3781 382 3884 Messanam)
433 3795 543 3860 Cibin.
566 3785 752 3884 Meffenam,
778 3795 909 3876 propius
929 3791 968 3854 ad
991 3791 1083 3853 Grae·

77 3899 135 3946 cnm
156 3913 273 3958 morem
301 3917 485 3980 nomenque
511 3899 734 3968 conditorum,
766 3915 832 3978 qno
854 3895 951 3956 etiam
973 3891 1083 3954 referri

77 3981 171 4053 debent
186 4000 274 4060 nonii
289 3999 398 4080 aliqui,
420 4003 452 4060 in
467 3999 583 4081 quibus
598 3990 773 4088 oreffenion
790 3997 915 4080 legitur.
945 3993 1085 4056 lnvaluir
1149 3983 1157 4002 ⁸

79 4093 163 4156 limen
183 4097 214 4160 in
234 4101 293 4164 hac
314 4103 392 4167 urbe
416 4104 533 4167 Dorica
556 4099 658 4166 lorma
682 4091 848 4191 differre,
882 4097 968 4160 unde
989 4097 1085 4158 etiarn
