2752 4944
307 435 367 510 ¹9⁸
602 423 844 486 eouaonrr
890 425 1058 484 unuin

383 597 607 684 Methone)
657 597 707 663 dn
730 597 929 662 scribendum
952 599 1105 662 Ithome?
1153 595 1279 660 Notum
1296 598 1345 670 est,

308 705 395 766 iilam
420 701 510 767 fuiffe
524 717 563 768 ‘et
590 701 678 766 urbis
700 701 858 766 Meffenae
881 715 914 764 et
937 703 1037 764 totins
1065 701 1207 784 regionis
1231 721 1345 763 arcem.

308 807 368 869 Sed
385 807 458 888 quia
478 809 542 868 iam
558 807 758 874 monuimue.
784 803 1005 886 Pomponium
1025 803 1118 865 vaide
1142 800 1186 862 sni
1207 803 1345 864 oblitum

308 905 396 970 inilia
420 919 490 970 toto
512 909 575 971 boc
597 909 713 988 capite,
748 907 913 968 credamus
936 907 1061 988 potino.
1094 917 1126 966 et
1147 905 1200 966 hic
1220 923 1345 986 quoque

309 1008 505 1078 dormitaffe.
546 1010 599 1071 vel
623 1009 728 1071 [altem
750 1009 828 1070 aiioe
847 1023 986 1070 errantes
1010 1006 1070 1068 effe
1094 1004 1248 1076 secutum,
1275 1025 1345 1067 cum

309 1111 499 1172 Methonam
522 1113 787 1173 mediterraneam
810 1107 894 1172 facit.
950 1109 1039 1172 Adeo
1061 1111 1149 1169 enirn
1170 1111 1251 1168 mari
1272 1108 1345 1166 uici·

308 1232 387 1272 nuru
405 1213 448 1274 est
467 1213 529 1274 hoc
550 1214 718 1295 oppidum,
744 1225 781 1272 ut
795 1213 931 1272 ricinine
944 1209 1003 1272 effe
1018 1229 1084 1272 non
1100 1206 1205 1292 poffit.
1257 1208 1345 1270 Olim

308 1315 458 1378 inlitora
482 1309 672 1396 depreffiore
699 1311 838 1382 sedebat,
873 1311 896 1374 st
918 1331 992 1373 vera
1015 1313 1093 1372 dicit
1116 1311 1345 1372 Grammaticus

309 1413 513 1494 Anonymue,
539 1418 592 1497 qui
611 1435 707 1496 pene·
729 1435 782 1477 me
800 1413 905 1484 exstat,
932 1413 1035 1496 postea
1050 1432 1127 1473 vero
1144 1425 1345 1474 terraemotu

311 1517 439 1600 triginta
461 1531 535 1578 octo
555 1517 656 1588 ulnis.
688 1515 751 1576 five
767 1515 902 1598 pedibus
922 1518 1066 1576 ducentia
1084 1515 1203 1599 viginti
1222 1528 1295 1576 octo
1313 1515 1345 1574 iu

308 1617 408 1678 altum
431 1631 541 1680 evecta
567 1615 622 1680 est.
671 1610 752 1680 'Ari
774 1615 835 1680 τοῦ
861 1615 991 1706 σεισμοῦ
1014 1611 1147 1704 λέγεται
1172 1611 1345 1696 ἐκπεπηδη-

311 1715 399 1782 κὲναι
427 1712 482 1782 καὶ
512 1716 657 1800 φανῆναι
688 1713 831 1805 donnino
860 1718 918 1800 τῆς
946 1713 1116 1803 θαλάσσης
1147 1715 1189 1788 εἷς
1217 1711 1345 1800 ὀργυιὰς

307 1814 361 1904 λη.
413 1821 474 1882 Sed
499 1839 571 1880 cnm
594 1819 672 1880 dicit
695 1812 962 1904 ἐκπεπηδηκέναι,
999 1821 1127 1880 videtur
1146 1819 1285 1880 adinfitle
1308 1817 1344 1876 ad

307 1920 502 1981 vocabulum
526 1919 655 1989 Pedasm
690 1923 855 2002 quomodo
879 1921 1033 1982 Methone
1055 1923 1142 2002 prius
1163 1921 1341 1980 vocabatur.

308 2021 428 2082 Verum
444 2021 507 2084 boc
523 2023 763 2106 ‚grammaticalo
776 2023 819 2084 est
841 2019 1015 2092 somnium,
1043 2041 1115 2082 cum
1131 2021 1192 2080 iam
1213 2020 1343 2082 Homeri

308 2141 389 2183 aevo
418 2119 570 2206 Πήδασος
599 2119 706 2186 fuerit.
772 2124 918 2184 Alterum
943 2143 1019 2185 vero
1049 2123 1089 2184 de
1120 2135 1221 2184 terrae
1251 2137 1341 2182 nrntu

259 2303 260 2308 ἵ
307 2223 395 2304 quod
419 2225 472 2292 ait,
497 2224 529 2284 id
546 2225 651 2293 credo,
669 2225 745 2305 quia
763 2225 877 2287 similes
892 2225 992 2287 habeo
1011 2225 1164 2286 historiae.
1205 2225 1262 2285 Vel
1284 2221 1342 2303 ipsa

305 2323 384 2384 haec
405 2323 644 2406 Peloponneioe
667 2327 849 2407 exemplum
873 2327 1004 2388 exhibet
1023 2329 1056 2387 in
1081 2325 1217 2387 urbibus
1237 2325 1342 2386 Achai·

306 2425 368 2496 oia,
394 2427 545 2489 radicitus
566 2425 679 2488 evullie
701 2441 734 2488 et
757 2429 911 2492 translatio
933 2431 1007 2492 alio.
1036 2462 1086 2478 -
1118 2446 1265 2491 rosarre.

380 2627 529 2710 Elide)
575 2628 662 2713 Lipf.
684 2630 796 2694 Venet.
821 2629 939 2705 talida
964 2629 1103 2692 vindob.
1126 2627 1236 2704 elude,-
1259 2627 1339 2692 Reh-

306 2725 408 2811 diger.
431 2731 528 2812 elyde.
579 2733 664 2794 Edd.
693 2753 723 2795 r.
746 2751 780 2820 9.
803 2731 937 2808 Haudq-
973 2744 1030 2812 14.
1051 2729 1179 2794 Bliade.

380 2923 530 3024 Pisae)
577 2932 670 3018 Prag.
694 2926 791 3026 Pisas
815 2934 987 3018 Rehdiger.
1010 2924 1102 3025 pyse‚·
1128 2931 1237 2996 Cibin.
1259 2919 1342 3020 pise:

305 3029 447 3094 vindob.
471 3027 537 3124 ipse
544 3055 557 3107 ,·
582 3037 632 3098 ed.
656 3055 691 3116 9.
711 3027 808 3126 pisce.
860 3031 934 3098 Post
951 3035 1059 3098 Cihin.
1074 3055 1246 3116 oenomayff
1269 3033 1336 3091 Vin·

178 3207 183 3214 ·
304 3129 425 3194 dobon.
453 3133 547 3196 Parii.
578 3152 610 3198 Ω.
639 3137 789 3198 oenomai.
841 3137 924 3199 Edd.
956 3147 1016 3198 rt.'
1042 3137 1183 3208 cnomoi‚·
1226 3146 1282 3213 58.
1307 3143 1336 3190 et

304 3229 411 3313 Lugd.
439 3235 545 3312 1605.
573 3235 746 3309 Ononrati;
783 3236 876 3300 Paris.
904 3259 933 3298 ι.
960 3229 1167 3328 pisconoruni.
1203 3251 1334 3298 rzscuv·

305 3347 379 3399 GKR·
434 3333 623 3417 Lugendum
649 3353 728 3419 puto
754 3337 885 3400 inversu
908 3339 1104 3400 dictionibus
1125 3328 1219 3429 Pisae
1241 3334 1333 3396 Oeno·

304 3432 370 3490 mai
387 3435 562 3512 qnondam,
586 3451 625 3497 ut
640 3439 742 3499 Melae
763 3461 836 3500 curn
854 3437 960 3502 Plinio
981 3441 1163 3501 conveniat.
1217 3437 1279 3501 Cui
1301 3447 1333 3493 ut

304 3527 458 3612 suppetiae
485 3533 657 3610 ferrumne,
692 3539 828 3600 libenter
850 3541 1023 3602 incidimur
1045 3543 1079 3601 in
1100 3541 1182 3601 hanc
1203 3537 1331 3600 mentio·

302 3649 390 3692 nem.
427 3635 457 3696 le
476 3635 531 3698 lib.
550 3651 585 3720 4.
608 3633 652 3726 [6
680 3638 701 3700 i.
720 3635 775 3726 5.]
800 3633 889 3732 Piso,
915 3643 1030 3722 inquit,
1056 3663 1160 3702 eorum
1183 3635 1329 3726 [proquo

301 3751 389 3794 nunc
410 3728 617 3826 Pisccorum]
643 3741 802 3823 quondam
825 3741 978 3822 oppidum
1005 3737 1197 3830 praefluente
1218 3739 1329 3819 Alpheo

300 3852 402 3894 omne.
456 3837 607 3924 Corrige:
641 3833 717 3933 Piso
740 3841 894 3903 Oenomai
914 3843 1075 3925 quondam
1100 3843 1251 3922 oppidum
1272 3853 1327 3899 etc·

300 3932 392 3992 Vnde
418 3951 561 4018 apparet,
599 3941 770 4026 legendum
796 3943 849 4004 hic
873 3935 967 4034 Piso,
1003 3964 1069 4006 non
1095 3935 1199 4036 Pisae.
1251 3939 1327 4002 Nam

298 4024 392 4122 Pisae
411 4036 486 4100 urbe
510 4041 616 4104 ltaliae
635 4043 853 4106 multitudinis
871 4065 1008 4107 numero
1028 4047 1154 4124 dicitur,
1177 4045 1327 4122 Pelopon·

297 4133 361 4196 neb
384 4153 463 4202 vero
483 4132 561 4233 Piso
582 4145 715 4207 unitatis
738 4163 873 4210 numero
896 4167 936 4209 ex
958 4147 1129 4218 Strabone,
1155 4142 1208 4238 [8.
1232 4165 1262 4227 p·
1285 4157 1323 4198 ¹1¹·
