2794 4954
84 1271 205 1386 Novi
222 1317 326 1382 huius
343 1316 419 1380 libri
437 1317 607 1381 exordium
630 1319 716 1382 varie
737 1317 879 1382 indicant
896 1320 971 1382 libri
991 1335 1133 1386 veteteri

83 1419 167 1502 Lipi.
190 1422 319 1499 Incipit
336 1411 517 1511 secundum
555 1421 708 1500 Europae
735 1412 907 1512 descriptio
932 1425 1135 1501 particulari·

84 1535 153 1593 ter‚·
186 1522 289 1584 Parii.
315 1522 442 1584 1.edd.
466 1541 494 1584 1.
520 1536 551 1584 2.
577 1540 611 1600 9.
632 1537 687 1602 13.
721 1524 845 1602 Incipit
866 1521 943 1584 libcr
955 1507 1136 1614 secundnm

83 1623 195 1684 Cibin.
222 1625 349 1703 Incipit
378 1619 454 1684 iiber
473 1613 634 1713 sirmndus
659 1623 795 1684 eiusdem
816 1626 989 1705 Pomponii
994 1647 1008 1698 ,·
1048 1627 1133 1688 ond.

82 1726 216 1804 Incipit
235 1716 416 1815 ficuudus,
453 1724 485 1783 in
509 1742 571 1805 cpio
599 1714 747 1815 describit
768 1725 934 1803 Europam
957 1728 1134 1806 particula·

82 1827 186 1898 riter,·
227 1824 324 1888 Puris.
351 1841 384 1887 2.
411 1825 498 1884 idem
526 1825 638 1894 habet,
673 1839 801 1886 tantum
830 1824 883 1886 ubi
909 1847 967 1908 pro
994 1829 1028 1888 iu
1052 1849 1136 1910 qno,-

84 1927 235 1990 vindob.
259 1927 385 2006 Incipit
402 1918 565 2016 secundus
583 1924 660 1986 iiber
677 1928 844 2006 pomponii
858 1928 944 1988 mciie
958 1927 996 1990 de
1015 1919 1134 2020 cosmo·

80 2029 248 2108 grapbia;
289 2025 407 2088 Zaluic.
437 2025 494 2088 De
513 2027 649 2106 Europa
671 2029 796 2109 cinoque
817 2027 1005 2109 regionibus.
1036 2033 1133 2110 regio·

83 2150 225 2212 numque
248 2126 380 2190 urbibus
401 2141 431 2188 ct
453 2127 565 2188 incolis
593 2141 625 2188 ct
650 2127 788 2189 moribus
809 2149 913 2190 corum
931 2124 1132 2216 fluminibus,

86 2228 254 2292 montibus
286 2243 317 2290 ct
349 2230 424 2289 aiiir
456 2227 705 2290 memorabilibus
738 2230 825 2292 iocis.
884 2231 1081 2310 Principium
1112 2251 1134 2294 a

84 2332 235 2413 Scythia.
291 2331 434 2414 Quidam
451 2331 532 2390 nihil
553 2332 688 2392 omnino
710 2329 899 2412 praefamur.
927 2333 961 2393 in
982 2334 1020 2394 iia
1041 2333 1133 2417 Prag.

83 2431 185 2494 Parii.
211 2446 245 2511 3.
299 2433 349 2492 Ex
378 2431 450 2492 edd.
480 2443 535 2507 15.
570 2445 625 2506 17.
656 2449 712 2494 20.
739 2447 797 2509 25.
830 2434 999 2514 Pomponii
1027 2434 1135 2496 Melae

83 2533 165 2595 iiber
188 2536 233 2596 11.
274 2547 305 2612 3.
327 2549 361 2614 4.
385 2545 417 2610 5.
438 2534 471 2596 6.
495 2551 550 2596 12.
573 2546 627 2613 14.
658 2551 711 2612 19.
736 2536 892 2616 oliaeqnae
911 2536 1007 2596 eiiam
1029 2554 1137 2595 recen·

84 2638 189 2698 tiores
209 2637 384 2712 Pomponii
406 2634 512 2694 Melae
534 2633 556 2696 s.
582 2634 700 2695 Mellae
723 2635 762 2694 de
778 2631 850 2724 situ
877 2633 975 2696 Orbis
997 2635 1071 2696 iiber
1085 2626 1136 2726 sc

84 2736 227 2798 cuadus.
278 2734 384 2816 lpium
397 2734 569 2817 caputsrne
584 2737 727 2796 ulteriori
746 2735 951 2818 inscriptione
967 2738 1139 2798 exordiun-

85 2838 332 2915 coxendices.
360 2851 393 2897 et
413 2837 567 2917 quaedum
589 2839 766 2908 editiones,
794 2840 843 2898 uti
869 2858 897 2900 1.
916 2837 950 2900 6.
974 2853 1004 2912 7.
1025 2851 1058 2915 ss.
1088 2838 1138 2898 vel

86 2941 206 3022 capitis
231 2952 358 3000 tantum
380 2940 476 3019 primi
508 2938 636 2998 initium
666 2939 810 3019 produnt
832 2957 988 3008 numero,
1019 2953 1057 3000 nt
1084 2952 1137 3018 ¹3·

95 3055 154 3120 15.
186 3057 245 3114 17.
269 3056 329 3102 20.
348 3054 405 3118 23.
443 3042 477 3099 in
499 3041 642 3123 margine
664 3040 782 3100 habent
807 3055 840 3118 5.
862 3050 897 3119 4.
930 3039 1140 3102 Particularir

91 3144 251 3222 Europae
275 3132 463 3231 descriptio,
506 3143 593 3220 quod
621 3141 658 3201 ad
694 3155 798 3202 totum
829 3142 947 3202 librum
981 3143 1138 3226 pertinet;

96 3265 158 3306 11.
184 3244 243 3306 De
260 3241 405 3324 gentibus
425 3243 552 3324 Scytbic
573 3243 604 3302 in
631 3243 785 3320 Europa,·
828 3261 880 3306 12.
907 3255 961 3325 14.
991 3261 1044 3328 19.
1067 3245 1139 3324 Scy·

91 3348 171 3408 thia
191 3345 205 3418 i
221 3357 275 3424 14.
293 3345 425 3427 Scytia)
449 3346 482 3404 in
499 3349 663 3425 Aeuropa;
688 3347 866 3429 pleraeque,
891 3359 928 3407 ut
948 3346 1046 3410 hodie
1065 3345 1140 3429 legi·

91 3461 149 3509 tur
172 3447 307 3530 Scythia
329 3448 513 3527 Europaeo.

266 3651 297 3730 ς.
330 3671 361 3712 1.
415 3639 566 3738 Asiae)
614 3648 754 3712 Vindob.
781 3671 802 3710 a
828 3671 871 3721 cc,
906 3646 1143 3732 posttanaum·

96 3775 179 3837 que,·
212 3751 390 3838 liehdiger.
412 3743 494 3842 Asye
517 3767 550 3812 et
572 3750 780 3833 tbarrpnquc,·
816 3754 926 3814 Venet.
952 3771 1033 3835 quac
1053 3749 1145 3822 dixi5

97 3853 239 3918 vindob.
253 3846 361 3946 frons
385 3865 417 3913 et
435 3849 526 3943 situs
548 3850 601 3946 est.
656 3853 719 3914 Pro
758 3851 881 3914 Tanain
917 3854 1034 3914 mnne
1067 3853 1143 3913 edd»

101 3958 243 4022 Tanaim.
271 3957 338 4020 Pro
352 3951 446 4046 situs
461 3955 649 4017 Ciacconint
663 3955 700 4014 ab
717 3952 814 4036 praef.
833 3971 864 4017 2.
890 3955 986 4034 (oros
1006 3957 1146 4015 omnium

99 4073 127 4120 ct
143 4058 262 4146 litora)
288 4058 430 4122 coniicit
458 4057 553 4125 litus,
587 4077 681 4137 quam
706 4069 813 4118 tamen
836 4057 1054 4118 coniecturum
1078 4053 1147 4136 post

98 4163 129 4224 ub
150 4163 297 4230 noſtrum
319 4162 439 4224 iocum
462 4157 604 4220 abieciffe
628 4161 764 4220 videtur.
818 4157 944 4241 Nempe
965 4158 1147 4238 [impliciter

733 4263 757 4322 A
792 4273 812 4318 a
1176 4249 1187 4281 ²⁴
