2788 4942
326 481 368 543 7⁰
626 461 873 521 rourourr
912 463 1073 520 natae

330 635 477 702 adserunt
494 629 644 709 Oldovot,
671 627 852 712 attatinos,
877 635 983 722 (quod
997 657 1099 698 unum
1120 635 1213 700 norit
1228 633 1339 717 Stepht·

248 819 252 828 ,
331 740 414 822 nur)
441 737 582 804 Aidooot.
634 741 685 802 Sic
707 738 836 826 (Aedui)
855 740 1018 824 Appianua
1034 739 1073 800 de
1096 739 1188 802 rebtu
1203 737 1278 798 Gall.
1298 735 1340 798 16.

334 843 447 907 Cicero
472 843 510 903 ad
535 839 647 904 divers.
671 857 704 916 7,
734 861 789 906 ao.
806 839 828 905 s.
862 846 899 904 ad
917 843 1010 905 Attio.
1039 861 1067 911 t.
1096 859 1152 922 ¹9·
1174 833 1342 924 (adsint.)

334 945 524 1008 Eumenia
546 957 623 1028 grat.
640 955 699 1004 act.
724 944 761 1004 ad
784 943 982 1008 Constantia.
1004 942 1084 1028 Aug.
1105 958 1137 1011 a,
1159 949 1193 1024 lp.
1232 937 1342 1002 Orostut

336 1045 370 1118 6.
394 1067 448 1110 ιι.
469 1067 501 1126 p.
517 1053 602 1127 4⁰¹·
624 1045 675 1106 ed.
694 1045 829 1108 Haverc.
855 1049 939 1128 quod
957 1059 989 1108 ot
1003 1045 1079 1106 inde
1092 1057 1124 1106 et
1137 1061 1175 1104 ex
1193 1039 1344 1122 inscriptio·

335 1169 378 1210 ne
400 1147 513 1229 probat
533 1145 563 1207 d'
575 1147 699 1208 Anvilse
718 1147 751 1207 in
772 1149 879 1209 notice
895 1149 935 1210 de
951 1149 979 1209 la
995 1147 1094 1208 Gaule
1110 1167 1143 1228 p.
1161 1155 1216 1224 35.
1243 1151 1343 1204 etanta

336 1271 412 1311 euru
431 1249 571 1310 Vasesme
588 1251 622 1310 in
637 1249 751 1310 notitia
767 1249 937 1310 Galliarum
958 1269 991 1331 p.
1011 1261 1042 1327 5.
1059 1247 1092 1309 h.
1108 1267 1141 1308 r.
1167 1259 1200 1308 et
1216 1243 1345 1307 Celsaritu

337 1354 371 1412 in
392 1351 507 1433 Gengr.
523 1363 587 1412 ant.
606 1365 637 1418 a.
655 1365 687 1418 a.
706 1361 765 1428 fla.
805 1351 900 1414 Certe
915 1353 957 1412 ita
972 1369 1093 1412 nomen
1107 1347 1256 1411 exhibent
1269 1344 1345 1405 etiarn

339 1451 561 1533 inscriptiones
580 1453 664 1533 apud
683 1451 808 1515 Gruter.
832 1454 904 1514 v01.
926 1474 955 1515 ι.
981 1473 1013 1534 p.
1033 1465 1115 1532 371,
1139 1463 1172 1528 8.
1206 1461 1237 1508 et
1252 1447 1345 1508 herne

340 1553 420 1613 srntn
438 1551 515 1614 class.
541 1573 569 1615 t.
590 1573 622 1616 n.
644 1553 723 1632 276.
750 1569 783 1615 et
799 1555 1015 1636 praetulerunt
1034 1555 1067 1612 in
1085 1553 1181 1614 Livio
1198 1547 1311 1613 Caesare
1323 1555 1347 1604 et

339 1655 454 1716 Tacito
479 1653 718 1715 Drakenborch.
744 1653 955 1740 Oudendorp.
978 1669 1011 1717 et
1034 1653 1175 1726 Emesti;
1208 1651 1279 1712 alioe
1296 1665 1347 1706 non

339 1775 460 1826 moror,
493 1775 552 1816 nec
569 1757 753 1816 varietatem
773 1777 811 1818 ex
830 1757 919 1818 librie
934 1771 1106 1820 enotatant.
1159 1753 1347 1836 saffngautur

339 1869 447 1918 tamon
467 1857 515 1916 illi
532 1853 698 1938 scripturae
713 1855 966 1944 orthographiae
981 1859 1077 1920 etiam
1094 1871 1247 1920 auctores.
1277 1851 1348 1934 Quat

341 1959 472 2038 quidem
491 1960 608 2028 omnia,
631 1961 665 2020 iu
681 1960 792 2040 primia
807 1963 933 2043 antiqua
950 1973 1174 2030 monumenta,
1198 1976 1249 2017 me
1263 1967 1348 2014 more·

340 2073 433 2130 runt,
461 2073 497 2118 nt
514 2079 696 2122 revocarem
712 2061 829 2134 Aedui,
855 2057 944 2145 quod
959 2081 1018 2124 nec
1037 2062 1165 2125 codioee
1179 2056 1321 2141 respuunt.

425 2259 588 2323 Treveri
597 2260 614 2343 )
664 2264 713 2324 rra
734 2263 808 2326 narr
827 2284 940 2328 omnes
956 2227 996 2328 αι’
1010 2263 1116 2348 sarpta
1136 2277 1170 2328 er
1189 2261 1279 2332 etan
1300 2267 1348 2315 nn·

345 2375 415 2424 turn
433 2362 518 2426 Gud.
533 2363 586 2425 bic
606 2363 740 2436 Treviri,
765 2367 834 2449 post
858 2367 1012 2438 Treverir,
1040 2365 1129 2430 sectae
1148 2358 1349 2446 Rebdiger.in

345 2479 482 2546 utroque
505 2465 588 2528 loco.
619 2485 826 2532 raecravcatta.
888 2468 1033 2530 Omnino
1056 2469 1231 2552 legendum
1259 2452 1350 2521 Treviri

345 2587 385 2629 ex
401 2566 529 2630 Caesare
551 2581 584 2628 et
599 2567 754 2631 Cicerone
774 2570 829 2632 sib.
850 2585 883 2645 7.
901 2569 988 2652 epist.
1004 2570 1042 2630 ad
1062 2571 1250 2632 Trebatium
1269 2545 1349 2650 [13·]

350 2669 493 2729 Treviros
512 2671 593 2730 vites
606 2660 732 2759 censam·
756 2671 853 2731 analio
873 2671 1029 2750 capitales
1045 2663 1124 2760 effe‚·
1151 2668 1268 2731 mallem
1284 2673 1350 2722 atro

346 2783 496 2850 argento,
524 2791 593 2830 nere
608 2763 714 2858 essent.
748 2791 961 2836 craecorttve.
1011 2773 1134 2833 Eadem
1153 2770 1291 2852 scriptura
1305 2759 1352 2842 pla·

350 2874 417 2934 cuit
437 2871 532 2932 etiarn
557 2869 790 2954 Ortdendorpio
813 2875 846 2934 in
866 2872 993 2936 Caesare
1015 2873 1056 2935 de
1077 2873 1116 2935 B.
1134 2873 1176 2936 G.
1205 2891 1232 2950 ι,
1256 2879 1305 2946 37·
1319 2861 1352 2918 ln·

351 2989 384 3042 Ω.
405 2987 461 3051 24.
479 2993 522 3035 rn.
546 2987 576 3033 et
597 2971 689 3044 alibi,
719 2975 940 3058 Havercampo
954 2977 987 3035 in
1001 2973 1114 3037 Orosto
1131 2975 1165 3046 6,
1185 2991 1238 3035 ιο.
1253 2969 1293 3028 in.
1314 2957 1355 3022 effi

348 3077 382 3136 in
402 3091 537 3156 utroque
553 3073 625 3136 libri
639 3077 735 3137 etiam
751 3099 767 3136 e
781 3078 961 3140 ostendunt.
994 3079 1046 3140 Sic.
1060 3077 1093 3136 in
1106 3075 1260 3138 Strabone
1271 3065 1355 3138 libs-

350 3197 383 3258 p.
401 3197 443 3236 nt.
466 3187 543 3255 134.
561 3173 582 3236 s.
600 3187 678 3255 ¹94·
696 3177 814 3260 legitur
828 3167 1019 3266 Tppotii'poa,
1044 3179 1077 3238 in
1094 3177 1275 3239 Ptolemaeo
1292 3185 1318 3236 a,
1331 3179 1356 3245 9·

351 3271 526 3364 Tpplitpoi,
556 3279 595 3338 de
618 3298 676 3360 qua
701 3281 877 3340 variatione
892 3281 992 3361 aliqua
1014 3281 1141 3340 notavit
1157 3272 1313 3340 Cluveriut
1332 3263 1357 3320 in

353 3379 460 3442 Germ.
483 3393 548 3440 ant.
567 3395 597 3448 2,
619 3389 674 3456 14.
692 3381 736 3442 in.
756 3401 787 3461 p.
806 3393 888 3459 378.
927 3381 1047 3444 Contra
1073 3379 1197 3442 Treveri
1215 3375 1318 3458 legitur
1332 3365 1358 3422 in

350 3483 510 3566 plerisque
526 3480 610 3549 aliia,
636 3481 736 3542 veluti
750 3481 857 3543 Plinio
873 3492 906 3562 4,
924 3495 982 3560 31.
999 3481 1019 3545 s.
1041 3497 1097 3558 17.
1129 3481 1238 3542 Tacito
1257 3462 1357 3556 passtmr

350 3584 495 3648 Ausonio
511 3584 550 3641 de
567 3581 655 3644 clarie
670 3583 741 3645 urb.
760 3595 793 3662 3.
818 3585 976 3646 Antonini
999 3585 1070 3646 itin.
1084 3605 1116 3665 p.
1137 3592 1218 3660 240.
1253 3576 1358 3634 Vtrum·

352 3707 416 3767 que
438 3687 512 3746 tan
532 3685 604 3743 aba
626 3685 660 3744 tn
685 3685 791 3746 tinem
816 3687 1050 3766 provinciarum
1073 3685 1172 3745 raom.
1202 3680 1240 3740 aa
1254 3661 1357 3756 quoes-

354 3787 513 3849 Gronovii
533 3787 619 3846 Varia
637 3785 853 3870 Geographica
869 3809 901 3870 p.
917 3797 977 3866 43.
1015 3787 1050 3849 Si
1066 3786 1106 3846 de
1122 3781 1235 3846 veriori
1253 3775 1358 3853 scriptu·

351 3919 384 3960 ra
403 3907 584 3980 quaeratur,
618 3893 746 3952 videtur
767 3891 875 3970 utiquo
892 3909 927 3950 ea
949 3887 1025 3958 esse,
1052 3888 1085 3947 in
1106 3905 1165 3968 qua
1181 3877 1356 3944 iadhibetun

221 3997 233 4012 '
352 4001 382 4060 id
403 4001 488 4081 qnod
506 3997 611 4058 suadet
633 4013 700 4054 non
715 3990 814 4053 solum
830 3994 918 4052 iocus
934 3990 1098 4052 Ciceronis
1112 4008 1139 4050 c.
1154 3987 1177 4049 l.
1204 3982 1249 4043 sed
1270 3989 1297 4036 et
1314 3987 1357 4031 no·

353 4103 528 4168 mirrativrts
557 4097 679 4164 Treuir,
707 4095 764 4175 qrti
783 4095 920 4154 occurrit
940 4091 1023 4172 apud
1042 4091 1158 4151 Lucan.
1178 4105 1206 4152 ι.
1227 4090 1301 4160 441·
1322 4081 1353 4134 ῑῑι

353 4207 438 4286 quod
463 4205 575 4266 eadem
598 4201 721 4261 ratione
744 4193 916 4268 formator,
941 4193 1117 4256 Duuntmri
1139 4189 1255 4270 aliique.
1290 4175 1356 4239 Cum
