2894 4948
290 341 354 414 5⁸4
591 329 834 392 ronronrr
873 331 1044 390 manaa

294 509 417 590 opinor.
442 518 574 580 notare,
607 505 798 590 Cynopanes
819 519 877 570 ortt
900 503 1093 587 sciapodes.
1149 502 1211 568 Sic
1237 502 1334 568 utroli-
1406 545 1407 588 3

295 631 358 694 qne
380 609 571 694 legendnm
604 609 685 671 male
709 609 796 670 enim
817 610 917 694 volgo
943 609 1174 690 Cynopemrae
1195 620 1232 666 et
1257 606 1335 686 Cy*

294 713 427 796 phanes.
477 708 671 774 Karonion
697 709 852 781 Salmasri,
885 710 924 771 src
949 712 1042 772 euim
1068 709 1164 790 apud
1187 709 1339 770 Tertullia·

296 833 375 876 num
395 811 593 875 scribendum
609 811 668 874 elle
681 809 803 882 censet,
829 812 921 894 plane
937 810 1014 872 [unt
1029 811 1253 892 explodendi.
1288 807 1342 869 Ner

295 915 490 980 vocabulum
508 915 625 996 placet,
652 933 712 975 nec
729 913 845 976 rationi
863 914 1068 974 conveniens
1086 913 1153 982 est,
1182 923 1223 971 ot
1244 915 1343 972 anina

296 1015 380 1080 fame
402 1015 581 1078 laborantes
601 1015 738 1078 monllra
757 1017 921 1087 dicantur;
944 1028 979 1076 et
998 1033 1138 1074 merum
1154 1015 1343 1097 figmentum

297 1119 341 1182 ett
359 1113 576 1192 Κυνοπείνους
591 1115 651 1178 else
670 1118 820 1186 eoadem.
843 1130 936 1197 atque
959 1115 1019 1176 fint
1040 1111 1243 1202 Ἡμίκυνες.
1280 1133 1344 1174 ror·

296 1240 376 1284 ervo.
429 1219 526 1281 Valde
542 1220 651 1280 iactata
666 1217 728 1280 fuit
743 1219 820 1280 haee
835 1237 899 1279 vox
915 1220 948 1278 io
966 1217 1194 1280 editionibus.
1238 1215 1268 1274 T
1264 1235 1344 1294 rago

295 1341 440 1404 porrrenes
471 1321 550 1382 olim
578 1320 708 1382 lectum.
760 1320 948 1381 Hermolaus
971 1320 1051 1378 citat
1083 1319 1343 1398 Dargomanes,

296 1437 331 1486 et
348 1421 401 1484 rel
423 1419 484 1482 hoc
501 1423 636 1492 retinet,
672 1419 726 1482 vel
746 1441 785 1482 ex
802 1423 908 1482 Plinio
929 1421 1062 1502 reponit
1082 1417 1341 1501 Tragopanaaer

295 1525 384 1586 nulla
408 1523 513 1584 addita
533 1520 629 1584 caula.
680 1521 851 1586 Pintianur
878 1521 1151 1602 Trogopogorrer,
1184 1520 1342 1602 :aspidem

296 1625 475 1690 Ptolemaei
497 1625 626 1708 gallinas
641 1623 797 1694 larbatae.
823 1643 900 1704 quas
916 1643 1001 1684 nunc
1020 1643 1065 1684 ne
1083 1621 1266 1684 somniarit
1283 1623 1341 1701 qui·

296 1727 372 1790 dem
391 1726 488 1788 Mela.
539 1725 725 1796 Turnebus,
759 1726 908 1788 Schottne
928 1739 959 1785 et
980 1721 1162 1787 Salmasius
1190 1725 1339 1804 Tragope·

297 1849 367 1898 nes,
400 1841 435 1888 et
457 1847 523 1890 noo
543 1827 643 1890 modo
667 1827 716 1888 lrie
740 1825 769 1889 se
791 1827 944 1914 eomitem
968 1826 1042 1886 dare
1070 1827 1191 1908 potuit
1214 1820 1337 1894 Voll'tm,

296 1927 350 1992 led
366 1929 462 1990 etiam
477 1941 608 1992 conatur
624 1928 767 2010 probare.
818 1929 906 1990 Dicit
926 1927 1138 2008 Trogoparres
1161 1928 1286 1998 dictor,
1307 1941 1339 1984 nt

295 2026 468 2113 Αἰγίπανες
490 2043 523 2091 et
544 2023 756 2118 Ἑρμόπανες.
800 2029 888 2113 Quid
910 2027 1007 2112 ergo?
1039 2049 1081 2088 arr
1106 2029 1194 2089 haec
1220 2046 1338 2110 quoque

295 2130 432 2192 monstra
454 2149 492 2190 ex
510 2132 619 2192 avium
641 2151 758 2214 genere
780 2129 875 2192 surrt‘l
925 2129 1000 2191 Non
1018 2127 1108 2200 lane,
1135 2131 1222 2208 (nili
1246 2128 1339 2190 forsan

295 2227 421 2295 Voffiue
438 2231 565 2302 viderit,
591 2246 645 2292 aut
663 2233 726 2296 illia
741 2253 878 2314 quoqne,
901 2245 937 2292 ut
951 2231 1045 2292 hircis
1061 2234 1227 2302 cornutis,
1253 2232 1339 2293 adda

295 2333 375 2408 alae)
397 2351 465 2395 non
487 2336 588 2418 magia
608 2353 704 2414 quarn
726 2335 937 2396 Tertullianei
962 2333 1166 2415 Cyrroparres,
1196 2353 1283 2415 quos
1300 2333 1339 2392 ait

295 2433 386 2497 inille
409 2453 501 2498 caneo
524 2449 693 2506 cornutos,
718 2455 785 2496 non
802 2437 960 2498 volucres.
1011 2434 1101 2517 Quid
1122 2452 1207 2518 ergo
1229 2448 1338 2496 eonta-

296 2536 466 2606 meliosrua,
492 2557 590 2618 quam
609 2537 786 2622 impingere
806 2537 909 2598 Melae
932 2533 1127 2598 vocabulum
1147 2536 1224 2604 tale,
1253 2535 1337 2618 quod

295 2640 336 2702 ad
359 2637 546 2701 sententiam
565 2639 635 2700 eiua
658 2639 751 2720 plane
773 2638 1006 2700 accommodari
1027 2655 1096 2698 non
1116 2637 1250 2718 potest?
1302 2637 1339 2696 Vt

296 2739 386 2804 enim
410 2759 466 2822 per
483 2758 664 2821 cynopanee
680 2759 747 2801 non
763 2738 820 2800 nisi
839 2739 965 2800 cornuti
986 2757 1095 2807 tanea,
1121 2739 1163 2799 sic
1185 2758 1246 2820 per
1266 2739 1340 2799 Tm·

294 2861 436 2922 goparres
455 2861 523 2903 nou
545 2839 604 2902 nisr
626 2841 752 2904 cornuti
775 2841 856 2902 hirci
882 2841 1019 2924 intelligi
1047 2838 1196 2921 poffirnt,
1230 2841 1340 2920 quales

184 3025 185 3028 Ἴ
296 2941 369 3004 lunt
396 2961 508 3004 omnea
535 2943 604 3004 eius
628 2944 767 3026 generis,
800 2961 860 3004 nec
885 2955 1044 3022 tamquam
1067 2939 1209 3002 monstra
1239 2961 1340 3004 anno·

188 3105 191 3112 ,
296 3045 356 3106 tari
380 3043 432 3104 vel
455 3041 596 3124 polluat,
622 3044 676 3104 vel
697 3057 878 3115 merentur;
919 3044 1014 3104 etiam
1029 3056 1113 3104 certe
1130 3045 1165 3102 in
1188 3061 1230 3104 eo
1246 3063 1339 3106 voca·

296 3143 472 3206 bulonihil
495 3144 829 3226 dealieexprimitur3
861 3159 894 3205 et
917 3157 982 3204 tam
1003 3143 1079 3204 boni
1097 3140 1169 3203 lunt
1194 3157 1337 3230 tragopa·
1406 3181 1407 3192 r

297 3265 371 3314 ner.
397 3265 490 3326 quam
509 3247 711 3328 cynomiam,
735 3265 812 3327 quae
828 3245 872 3306 ita
887 3244 1032 3328 explodit
1045 3241 1109 3326 ipse
1123 3245 1159 3304 in
1174 3246 1260 3316 alio,
1286 3247 1337 3308 vel

297 3348 436 3410 maxime
457 3347 688 3429 explodendas.
741 3347 791 3409 Ne
813 3367 977 3427 quaeram,
1008 3365 1048 3406 au
1073 3344 1285 3427 Tragopanes
1306 3361 1336 3408 et

296 3449 476 3530 Aegipanes
494 3467 561 3510 non
581 3449 747 3532 potuerint
767 3449 920 3532 coniungi
936 3447 974 3507 ab
991 3447 1087 3508 Mela.
1124 3449 1164 3508 ln
1181 3447 1257 3512 MS.
1275 3449 1336 3533 legi

298 3560 556 3630 engeramnus,
597 3569 657 3611 nec
677 3551 767 3613 aliter
794 3553 830 3610 in
852 3549 1080 3611 Mediolanensi
1105 3549 1191 3610 vidit
1215 3551 1334 3612 Frater.

296 3647 337 3711 Vt
352 3649 465 3712 habear
479 3669 554 3713 aree
569 3663 732 3724 cornutae,
755 3652 827 3736 lege
842 3671 883 3713 ex
899 3663 983 3712 tanta
999 3650 1206 3714 haesitatione
1230 3665 1336 3734 trago

296 3771 424 3833 paones.
456 3770 480 3812 1.
505 3770 712 3816 onorrorrrs.
749 3751 960 3833 Atquisristis
976 3751 1072 3814 hircio
1087 3755 1237 3814 cornutis
1251 3771 1337 3815 acce·

297 3853 375 3914 dant
393 3853 475 3922 alae,
505 3855 555 3914 uti
580 3852 666 3937 saepe
691 3855 724 3915 iu
747 3854 884 3934 antiquie
898 3855 1131 3938 Aegyptiorum
1152 3851 1335 3936 sculpturis,

297 3973 337 4016 an
360 3975 426 4016 non
448 3955 544 4016 etiam
567 3957 650 4016 fiunt
670 3955 767 4018 avee‘l
817 3955 939 4016 Eadem
960 3955 1003 4016 eti
1021 3956 1100 4017 ratio
1117 3955 1333 4037 Aegipanum,

297 4055 353 4140 qui
374 4055 543 4140 aliquando
565 4076 642 4120 cum
661 4057 735 4132 alia,
764 4057 838 4123 aliar
862 4075 939 4122 reto
958 4057 1074 4142 absque
1094 4057 1134 4120 iie
1153 4057 1340 4145 finguntur.-
