2784 4944
342 448 405 525 506
643 449 886 510 POMPONII
925 451 1096 552 mutin

341 639 468 688 runtur.
504 625 577 690 vid.
595 625 683 688 Gorii
700 623 845 688 muloum
863 623 1030 690 Etmlcum
1046 623 1118 687 Vol.
1132 637 1164 686 t.
1180 639 1212 705 p.
1231 635 1304 696 207.
1328 633 1354 680 et

341 747 420 811 quae
436 726 646 810 supranotato
663 725 734 790 lunt
756 729 796 790 nd
821 751 850 801 r,
875 743 907 809 5,
935 742 967 808 3.
1002 746 1033 798 u,
1060 743 1091 800 t,
1119 743 1149 788 2.

422 929 718 1013 Truentinum)
759 929 908 996 Ciaccon.
930 929 1027 995 Parii.
1052 949 1083 994 t.
1112 925 1296 994 Truentium3
1316 937 1354 983 re·

341 1033 433 1114 liqui.
453 1047 538 1095 certo
552 1053 591 1096 ex
604 1036 695 1104 mele,
716 1033 929 1108 Truentinum,
945 1047 983 1094 ut
999 1029 1157 1094 editionet
1173 1025 1309 1093 verume,
1327 1024 1355 1082 in

342 1137 381 1196 iis
399 1135 601 1198 Camertium
609 1155 619 1210 3
653 1135 740 1197 idem
756 1137 851 1197 etiarn
874 1135 906 1194 in
926 1155 1008 1197 varr.
1033 1135 1084 1196 ed.
1108 1145 1164 1208 27.
1187 1125 1366 1208 adscriptum¹

342 1235 384 1297 est
398 1238 431 1296 in
451 1238 604 1320 margine.
644 1235 727 1297 Edd.
758 1249 811 1316 13.
836 1237 891 1298 16.
918 1249 974 1314 13.
1002 1245 1213 1314 19..‹21.2e.
1236 1236 1290 1310 24.
1309 1237 1355 1300 ²5·

343 1337 508 1406 vadianto,
542 1337 752 1406 Olivarianae,
779 1337 929 1400 Schottue
952 1357 1028 1398 eum
1050 1337 1167 1396 Vineto
1191 1329 1356 1396 Truentun;

343 1435 450 1500 Vollm
468 1453 641 1522 praeeunte
658 1439 754 1500 rediit
777 1437 989 1500 Truentinum.
1016 1451 1219 1498 rescierunt.
1267 1427 1358 1493 Ptole·

342 1559 452 1601 maeus
491 1536 546 1628 [3.
581 1535 637 1626 1.]
679 1541 898 1611 Truentinum
936 1537 1047 1602 Strabo
1077 1533 1135 1624 [5.
1163 1555 1195 1617 p.
1223 1551 1264 1592 m.
1291 1523 1358 1592 166.

342 1639 362 1700 l.
391 1637 497 1728 ortu]
529 1639 711 1702 Druentnm
737 1640 872 1700 fluvium
896 1655 928 1702 et
954 1640 1122 1722 oppidum.
1178 1647 1358 1698 rinmunt.

346 1741 508 1802 Truentini
543 1741 635 1801 fluvii
670 1741 746 1802 ollia
782 1755 1001 1803 memorantur
1038 1760 1055 1802 a
1088 1739 1281 1802 Ptolemaeo.
1327 1731 1359 1790 ln

340 1842 495 1904 Strabone
528 1842 571 1903 est
598 1841 807 1928 Τρουεντῖυος
839 1838 988 1933 ποταμός
1017 1854 1049 1904 et
1075 1834 1172 1916 πόλις
1202 1831 1359 1918 ἐπώνυμος.

343 1941 489 2035 Castrum
517 1943 719 2004 Truentinum
748 1944 866 2004 habent
890 1945 1066 2027 Pompeius
1092 1941 1180 2024 apud
1205 1937 1302 2002 Cicer.
1328 1930 1360 1991 td

341 2039 438 2105 Atrio.
458 2055 490 2120 8,
520 2060 573 2106 12.
601 2058 632 2106 et
650 2045 834 2107 Antoninus
854 2047 887 2105 in
909 2047 1014 2107 itiner.
1036 2065 1068 2128 p.
1089 2057 1175 2123 309.
1192 2053 1273 2121 315·
1289 2047 1360 2114 5¹7·

346 2144 512 2205 Tmentum
540 2166 610 2205 eum
638 2167 730 2205 anrrte
760 2146 883 2208 Plinius
909 2159 942 2225 3,
971 2158 1026 2224 18.
1053 2143 1074 2207 i.
1101 2159 1158 2225 ιδ.
1225 2141 1363 2200 Truentus

340 2243 465 2306 lloccat.
502 2247 542 2306 de
573 2245 733 2308 ilumin'eb.
759 2245 792 2308 h.
819 2266 852 2309 v.
907 2248 1042 2311 Troento
1075 2247 1194 2307 ciuitas
1220 2237 1361 2302 Antonin.

339 2347 446 2408 itiner.
472 2367 504 2428 p.
535 2367 615 2408 ror.
670 2349 715 2408 lta
748 2367 883 2430 nempe,
919 2365 957 2412 ut
982 2347 1166 2432 Welleling.
1194 2344 1240 2406 ibi
1270 2339 1363 2404 docet.

339 2447 511 2509 inclinante
530 2448 664 2529 imperio
684 2429 940 2529 pronuntiatum.
979 2451 1095 2533 (lenge.
1118 2451 1266 2510 llavcrm.
1284 2451 1313 2517 5.
1337 2455 1362 2499 1·

345 2549 531 2622 Truentino;
564 2549 713 2634 Peuting.
742 2549 804 2612 tab.
830 2563 862 2628 5.
884 2553 921 2614 ll.
945 2549 1049 2644 castro
1076 2549 1226 2609 Trentino
1248 2563 1284 2606 ex
1307 2557 1366 2600 cot·

337 2651 498 2732 ruptlone.
549 2647 734 2738 Τρουεντοῢ
758 2671 798 2713 ex
826 2651 933 2713 Plinio
965 2651 1101 2714 malebat
1128 2652 1164 2710 in
1193 2647 1366 2709 Ptolemaeo

339 2753 445 2814 Surita
468 2752 506 2811 ad
529 2751 686 2814 Antonin.
710 2771 736 2814 c.
756 2753 785 2814 l.
831 2753 966 2814 Videtur
986 2753 1101 2833 utique
1123 2751 1290 2812 Tmentum
1312 2743 1366 2826 pri·

339 2855 492 2913 mitirum
518 2852 578 2914 elle
599 2873 735 2924 nomen,
770 2845 949 2915 derinatum
973 2853 1195 2922 Tarentinum,
1227 2847 1310 2930 quod
1332 2841 1366 2900 ati

338 2954 469 3016 castrum
493 2951 641 3017 refertur.
699 2956 753 3016 sic
781 2957 876 3017 Silius
901 2957 969 3018 ltal.
995 2965 1028 3031 8,
1058 2964 1144 3032 434.
1186 2947 1366 3012 Trrrerrtinne

337 3069 448 3118 turres.
482 3057 584 3118 Suum
601 3057 697 3138 igitur
720 3056 829 3117 locum
845 3069 929 3118 recte
946 3057 999 3116 hic
1016 3067 1132 3124 tenent,
1160 3051 1221 3114 nili
1236 3035 1366 3112 Firmum

336 3159 371 3216 in
387 3157 450 3216 hoc
466 3177 550 3217 nexu
566 3158 653 3239 prius
674 3155 825 3237 postulet,
853 3177 929 3218 cum
945 3158 1012 3218 aliie
1031 3157 1132 3220 veluti
1147 3153 1316 3218 Antonino
1337 3147 1366 3204 in

336 3257 438 3316 itiner·
461 3278 493 3339 P·
522 3275 600 3322 tot.
632 3271 665 3318 et
688 3257 762 3316 alibi
789 3255 946 3349 castellum
975 3259 1161 3318 Firmanum
1186 3253 1366 3336 appelletur.

318 3357 422 3444 ¹Hinc
445 3354 526 3418 forte
547 3357 628 3418 moti
655 3358 823 3419 Tarentum
850 3357 904 3419 elii
933 3361 1112 3420 edirleruut.
1167 3359 1213 3417 Et
1237 3355 1277 3415 sec
1295 3346 1366 3410 infra

338 3474 369 3526 2.
393 3469 425 3534 5,
450 3457 483 3520 6.
517 3457 674 3550 cenenum
697 3459 827 3522 Latera.
879 3461 921 3521 At
944 3479 1019 3521 cum
1042 3459 1261 3526 Truentinum,
1287 3445 1366 3534 quod

336 3557 459 3622 codices
481 3559 613 3632 volunt,
639 3557 714 3622 ferri
736 3557 847 3642 poffit.
873 3562 997 3642 reliqui.

409 3761 422 3824 i
430 3761 453 3822 el
477 3775 583 3825 et-
598 3761 617 3843 )
667 3763 757 3824 Varia
779 3763 958 3827 inversione
977 3763 1054 3824 haec
1076 3761 1175 3824 verba
1200 3759 1366 3844 prodeunt.

333 3861 481 3928 Ciaccon.
508 3861 591 3946 Lipl.
623 3861 717 3925 Pnril.
746 3879 777 3944 5.
811 3865 918 3928 Cibin.
950 3865 1034 3926 Gud.
1063 3865 1154 3948 Prag.
1195 3860 1366 3941 Rehdigeu

330 3975 410 4045 puto
433 3968 527 4026 etiam
542 3966 640 4025 Varie.
668 3967 779 4028 Venet.
803 3967 908 4029 Havn.
928 3966 1010 4028 idei
1032 3959 1150 4048 fluuio3
1185 3961 1366 4026 Vindobon

330 4061 531 4153 ideojlnvio.
582 4065 665 4128 Edd.
700 4085 728 4127 1.
755 4085 784 4128 o.
810 4081 843 4146 3.
865 4081 900 4146 4.
926 4079 958 4144 5.
984 4067 1016 4130 6.
1043 4081 1076 4140 7.
1104 4077 1136 4142 ss.
1161 4083 1198 4144 9.
1231 4083 1289 4126 ro.
1321 4079 1366 4120 tt

337 4183 390 4232 ια.
424 4181 480 4245 15.
515 4179 568 4246 17.
597 4183 655 4230 ευ.
690 4181 747 4248 25.
784 4187 859 4232 cum
885 4167 1106 4234 lleinolrlinnie
1134 4166 1168 4228 id
1195 4168 1227 4230 ei
1246 4159 1359 4256 fluvio
