2784 4944
198 540 204 572 ,
308 473 371 542 ent
610 463 852 524 ronronrr
888 461 1057 522 narare
1098 501 1103 508 .

313 641 378 722 [ita
397 638 578 722 simpliciter
599 641 632 702 in
655 639 753 722 mita]
779 659 838 703 uec
859 642 989 726 corrigit
1013 638 1089 724 ipse.
1140 635 1251 702 Nelcio
1277 637 1341 718 quia

313 726 452 804 muta'vit
474 761 588 803 vocem
613 735 786 832 Consentia
808 742 841 802 in
868 739 1075 834 Confilinnm.
1128 744 1222 804 Vetus
1249 739 1341 801 codex

314 843 410 905 habet
436 835 643 934 Consentino.
676 862 887 906 crncconrva.
938 847 975 905 ln
999 845 1090 906 nullo
1115 844 1214 925 reperi
1239 837 1340 930 Const-

314 946 424 1008 linnm.
462 945 582 1006 Verum
605 959 713 1006 tamen
734 945 768 1005 id
789 944 849 1006 elle
864 959 991 1028 apparet
1008 965 1047 1007 ex
1067 947 1184 1008 Plinio.
1211 942 1265 1021 [3.
1290 961 1341 1004 ro.

316 1045 337 1108 l.
366 1047 422 1130 5.]
476 1047 699 1108 Meminerant
728 1065 854 1128 quoque
885 1047 982 1110 huine
1006 1048 1120 1130 oppidi
1146 1058 1283 1107 auctores
1306 1043 1342 1102 tle

314 1147 464 1218 coloniis,
497 1161 530 1210 et
551 1144 753 1211 Calliodorus
781 1149 937 1209 variarum
960 1147 1016 1212 lib.
1043 1160 1075 1226 3.
1110 1169 1174 1229 cap.
1201 1159 1257 1226 33.
1291 1143 1343 1224 qui

315 1251 476 1332 aliquanto
499 1247 594 1312 ludus
615 1252 655 1312 tle
679 1249 837 1312 hocloco
858 1253 932 1334 agit.
968 1270 1110 1312 voesrvs.
1166 1251 1203 1310 ln
1226 1247 1342 1328 optimo

316 1353 386 1418 MS.
411 1351 514 1412 lllelae
535 1371 593 1434 pro
612 1349 808 1442 Confilt'nnm
832 1352 948 1436 legitur
965 1343 1137 1440 Coffentin,
1162 1349 1246 1432 quod
1267 1343 1340 1408 forte

314 1455 348 1514 in
368 1451 515 1515 Corintin
537 1455 748 1533 mutandum,
781 1465 818 1514 ut
839 1454 875 1516 lit
896 1454 982 1514 idem
1003 1474 1076 1514 cnm
1096 1453 1232 1516 Cocinto
1254 1450 1343 1510 llnto·

314 1555 395 1616 nini.
431 1551 486 1638 [p.
516 1551 619 1642 ηιμ]
686 1553 771 1615 Nam
796 1549 1007 1645 Confitentur,
1040 1567 1094 1616 aut
1121 1549 1289 1643 Crfilinunr
1313 1549 1343 1606 iu

315 1655 456 1716 Lucania
477 1652 554 1724 fnit,
586 1657 670 1736 quod
701 1650 877 1718 Calliodori
908 1669 990 1716 certa
1014 1655 1212 1717 attestatione
1237 1650 1344 1712 conl'tat

314 1757 477 1818 Variarunr
493 1757 548 1820 lib.
570 1771 602 1832 3.
622 1756 709 1838 epist.
728 1771 786 1836 33.
813 1773 845 1817 et
861 1757 1009 1818 Frorttini
1025 1759 1065 1818 tle
1081 1756 1227 1820 Coloniis
1243 1773 1272 1834 p.
1289 1769 1342 1830 9ο.

314 1859 365 1921 etl.
397 1858 513 1942 lligalt.
567 1859 654 1920 llaec
688 1859 722 1918 in
755 1859 901 1922 Clrrverii
938 1859 1007 1921 ltal.
1035 1872 1101 1921 ant.
1146 1869 1344 1919 noraturnva

314 1982 347 2044 p.
364 1973 448 2038 305.
492 1955 687 2051 Consilinum
710 1975 816 2020 tamen
834 1959 1006 2022 Cluverius
1024 1961 1057 2020 in
1076 1961 1145 2022 ltal.
1162 1970 1225 2020 aut.
1242 1965 1274 2034 lp,
1296 1965 1343 2028 ι5.

314 2081 347 2142 p.
377 2071 482 2137 1305.
515 2081 553 2122 ex
583 2060 667 2120 Mela
689 2074 721 2122 et
743 2061 849 2122 Plinio
874 2059 991 2132 adfert,
1026 2073 1062 2120 ut
1085 2061 1125 2122 fic
1146 2079 1220 2122 oum
1241 2070 1273 2116 et
1296 2055 1344 2114 hic

315 2161 420 2245 legille
444 2162 599 2243 adpareat.
647 2161 815 2222 Cocintnnt
838 2177 945 2224 autern
965 2162 1142 2246 legendnm
1158 2154 1345 2239 adscripscrat

316 2263 411 2324 otiam
435 2263 485 2322 vir
506 2263 618 2324 doctus
643 2263 676 2322 in
699 2264 749 2324 ed.
775 2277 832 2342 23.
886 2265 926 2326 tt
948 2265 1044 2326 nimie
1068 2263 1131 2324 hoc
1154 2283 1171 2323 a
1194 2257 1346 2322 codicibus

315 2365 488 2446 discrepat,
516 2385 574 2425 nec
596 2366 702 2426 minue
718 2363 936 2434 Conlilinum.
964 2364 1019 2427 etlr
1037 2365 1094 2425 litu
1111 2365 1215 2446 aptius
1233 2375 1345 2421 utrum·

314 2485 389 2546 qne.
442 2467 471 2526 T
473 2487 528 2526 um
549 2467 603 2526 vix
625 2481 742 2528 temere
763 2479 795 2527 et
817 2464 871 2527 luo
894 2483 987 2528 motu
1011 2467 1132 2526 librarii
1155 2465 1193 2526 ad
1214 2459 1345 2526 Consen-

315 2569 391 2628 tiam
425 2567 528 2628 delabi
561 2581 752 2650 potnerunt,
796 2587 858 2648 quo
887 2569 1020 2628 nomine
1057 2567 1133 2628 urbs
1167 2563 1345 2647 apluribue

316 2683 596 2731 commemoratur.
640 2667 808 2752 insegniter
833 2671 931 2751 igitur
951 2671 1068 2730 erravit
1091 2669 1177 2730 Mela
1202 2663 1273 2748 ipse.
1311 2664 1345 2723 ln

315 2769 450 2832 Bruttiis
467 2772 554 2831 enim
573 2783 699 2852 ponunt
712 2770 824 2832 Strabo
850 2771 883 2832 6.
906 2791 938 2852 p.
957 2790 1000 2832 ru.
1024 2768 1102 2844 176.
1124 2769 1146 2833 l.
1165 2785 1183 2830 o
1191 2769 1246 2845 56.
1269 2771 1344 2827 inter

315 2871 468 2934 Terinam
483 2885 517 2933 et
534 2871 731 2940 Pandosiam,
759 2871 962 2934 Ptolemaeus
987 2885 1019 2950 3,
1047 2893 1076 2933 ι.
1095 2869 1119 2934 f.
1154 2871 1267 2930 Liviua
1290 2883 1341 2943 29,

316 2985 375 3052 33.
393 2975 439 3036 in.
471 2975 535 3036 tab.
550 2973 738 3056 Peutinger.
763 2974 797 3036 6.
814 2973 850 3033 B.
878 2972 933 3033 ubi
951 2974 1081 3054 quidem
1103 2991 1268 3054 perperam
1285 2967 1345 3028 [cri-

313 3073 401 3136 bitur
424 3073 613 3146 Contentia,
638 3075 763 3154 aliique.
815 3075 940 3136 Plinius
955 3075 1052 3136 etiam
1070 3088 1102 3153 3,
1125 3095 1180 3136 ro.
1197 3070 1218 3134 l.
1238 3085 1268 3150 5.
1294 3067 1344 3128 ubi

224 3210 228 3218 ·
314 3173 419 3236 linum
441 3177 605 3259 ingentem
623 3177 818 3237 Terinaeum
835 3189 1075 3246 commemorat,
1098 3169 1344 3251 adiicit:,0ppt'·

313 3273 390 3336 dnm
413 3268 585 3366 Consentio
607 3277 703 3338 intus.
756 3273 806 3339 cf.
830 3276 981 3338 Cellariue
998 3280 1031 3336 in
1045 3277 1163 3360 Geogr.
1179 3289 1245 3336 ant.
1264 3289 1294 3342 a,
1313 3286 1342 3349 9!

315 3375 399 3453 648.
424 3375 480 3436 ubi
498 3377 537 3436 de
552 3377 646 3438 huius
663 3377 724 3439 loci
739 3378 875 3438 lectione
890 3379 1041 3459 disputat.
1074 3378 1229 3440 Scribitur
1245 3387 1345 3436 autem

313 3477 351 3538 ab
373 3473 555 3540 auctoribus
582 3469 770 3568 Consentia,
803 3483 835 3540 el
857 3479 932 3540 hinc
958 3479 1070 3542 Cicero
1098 3479 1137 3540 de
1161 3480 1232 3540 Fin.
1259 3495 1287 3546 ι,
1314 3485 1343 3552 5·

284 3639 286 3644 .
316 3570 515 3669 Consentini.
567 3581 604 3640 lrt
620 3581 723 3660 lapide
742 3593 858 3651 tamen,
882 3581 983 3642 veteri
999 3581 1146 3650 miliario,
1170 3579 1254 3661 apud
1271 3576 1343 3637 Gru-

312 3691 417 3741 terum
438 3702 470 3764 p.
494 3693 574 3756 250,
601 3695 633 3756 7.
662 3671 813 3770 Cosentia
838 3681 969 3752 dicitur,
1001 3684 1049 3742 uti
1070 3701 1086 3742 a
1107 3680 1267 3742 lornanrle
1287 3693 1343 3737 rer.

312 3775 438 3844 Gethic.
461 3803 488 3844 c.
506 3795 565 3860 30.
617 3779 667 3844 cf.
693 3783 789 3844 etiam
810 3783 1002 3845 Gualtherue
1024 3786 1059 3844 in
1082 3780 1190 3846 iulcrr.
1210 3779 1343 3842 Bruttio·

310 3902 383 3944 mm
402 3904 434 3966 p.
453 3893 538 3964 395.
562 3884 633 3946 Vol.
645 3895 687 3976 ¹5.
714 3881 793 3946 tlrel.
817 3885 951 3948 Siciliae.

380 4083 642 4168 Cauloniam)
668 4085 768 4148 Vatic.
785 4107 813 4147 t.
830 4083 938 4149 Cibin.
954 4083 1136 4166 patriciam
1160 4081 1256 4148 Parii.
1272 4103 1301 4146 t.
1315 4097 1343 4142 t.

307 4185 393 4252 Gud.
415 4187 506 4274 Prag.
526 4188 700 4269 paulorum
732 4185 827 4252 Paris.
848 4201 880 4270 3.
906 4188 1045 4274 neuntg.
1072 4188 1214 4252 Vindob.
1232 4188 1341 4252 Vener.
