2826 4936
372 477 460 537 ΗΒ.
490 479 543 540 111.
587 479 620 537 c.
642 479 691 536 m.
735 478 760 550 t.
784 493 812 549 3·
1074 493 1117 562 95

68 652 164 731 630.
187 651 297 715 canen·
320 653 492 718 homiuum.
545 649 596 717 Cs.
612 651 794 738 Wess'eiing.
814 651 852 714 ad
871 653 1007 718 Diodor.
1030 675 1059 726 a,
1085 675 1114 720 r.
1170 653 1173 662 '

66 755 137 817 Sed
160 767 197 814 nt
216 774 259 816 ne
273 755 393 828 dicam,
418 753 573 839 gravioria
588 755 708 817 codicia
728 755 912 817 auctoritate
934 775 1004 818 eam
1025 757 1115 820 desii·

70 857 145 926 tni,
181 853 249 918 soni
273 857 368 918 etiarn
393 857 539 920 einedem
564 857 755 938 repetitione
773 857 806 917 in
827 857 896 918 terh
914 857 1024 919 iudicii
1046 857 1115 920 scri·

66 972 169 1039 prore
191 957 291 1020 aerina
314 957 461 1022 offendit.
511 957 609 1042 Quod
633 959 721 1020 enim
742 957 920 1020 Aventinae
944 959 978 1019 in
1001 961 1115 1024 Annas.

67 1058 233 1121 Boiorum
262 1079 291 1129 ι,
312 1069 347 1140 4.
371 1075 406 1122 2.
438 1061 533 1122 citato
563 1057 648 1120 Mela
674 1059 760 1120 hunc
790 1061 897 1120 locum
924 1061 965 1121 fic
993 1061 1114 1124 reddit:

66 1161 191 1223 Amnes
208 1160 240 1220 in
258 1160 341 1220 aiios
360 1161 499 1240 gentium
522 1161 701 1220 exeuntium
722 1163 859 1241 regiones
878 1163 1116 1244 corruptionem

64 1261 185 1342 ,prodit
211 1257 436 1326 accessionibm
469 1262 565 1325 etiam
595 1275 735 1334 auctam,
770 1277 807 1326 nt
832 1261 991 1346 sequentia
1016 1265 1116 1328 decia·

64 1373 155 1426 nni.

151 1565 404 1650 Rhodanus)
436 1568 484 1630 ita
502 1585 615 1632 omnen
634 1567 708 1629 iibri
727 1587 800 1630 eum
812 1567 921 1652 scripti
941 1583 1009 1630 turn
1026 1569 1116 1634 editi.

68 1666 254 1731 Haeserunt
272 1687 379 1732 tamen
401 1672 432 1730 in
451 1689 509 1742 en,
535 1671 621 1752 qnod
636 1671 823 1732 Germaniae
843 1671 948 1732 iinviie
968 1672 1118 1734 adnume-

68 1784 179 1840 retur.
206 1772 268 1830 viri
283 1773 379 1854 aliqui
397 1773 495 1834 docti.
547 1774 595 1833 lta
610 1771 795 1835 Schnmmei
813 1773 845 1832 in
864 1771 1044 1833 Handbnoh
1062 1773 1118 1834 der
1189 1749 1195 1766 ⁸

69 1873 160 1934 alten
182 1871 478 1958 Erdbeschreibung
494 1875 534 1936 T.
555 1891 584 1936 ι.
601 1893 633 1954 p.
652 1890 711 1952 99.
738 1873 857 1934 Melam
874 1875 988 1936 erroris
1004 1873 1118 1958 arguit.

69 1989 105 2035 et
127 1973 292 2037 d'Anviile
315 1976 348 2034 in
370 1973 569 2058 Geographia
587 1975 623 2035 V.
646 1993 675 2038 ι.
700 1995 732 2057 p.
756 1985 834 2053 104.
859 1975 990 2035 Rhenus
1015 1973 1119 2036 subni-

71 2075 236 2136 tuendum
254 2073 369 2138 censet.
422 2079 462 2137 tr
480 2073 559 2136 salva
580 2095 629 2136 ree
644 2075 696 2144 eii.
723 2095 783 2136 nec
798 2075 1041 2158 reprehensione
1057 2095 1118 2138 nec
1201 2143 1205 2148 ,

72 2175 304 2238 emendatione
327 2195 419 2258 opne.
471 2175 652 2237 Rhodanus
673 2177 760 2237 enim
786 2177 837 2238 hic
859 2177 983 2238 nonest
1002 2177 1119 2240 flnviua

74 2277 130 2338 ilie
154 2275 274 2338 Galliae
296 2271 495 2346 notiffimna.
530 2275 580 2340 sed
609 2278 780 2340 Radaunna
799 2297 900 2360 prope
922 2277 1119 2352 Danrisoum,

74 2377 168 2440 nnde
192 2377 344 2440 electrum
366 2379 531 2460 petebatur
548 2379 609 2442 alio
630 2381 763 2440 nornine
784 2379 945 2442 veteribus
963 2380 1121 2444 Eridanne

74 2481 201 2548 dictur.
228 2479 333 2541 Padus
356 2481 452 2541 etiam
476 2479 619 2550 habitne.
644 2481 675 2540 id
692 2479 776 2562 qnod
801 2493 887 2562 patet
903 2501 940 2542 ex
958 2483 1012 2550 iio.
1038 2498 1119 2562 qnae

74 2577 206 2644 Pliniue
226 2593 283 2660 37.
311 2600 367 2644 ιι.
387 2579 407 2642 s.
427 2597 459 2644 2.
485 2580 618 2644 diaserit.
673 2582 815 2665 Agnovit
838 2581 924 2644 idem
949 2582 1120 2645 Cluverina

74 2683 111 2742 in
136 2680 248 2744 Germ.
271 2697 336 2744 ant.
356 2695 387 2762 5.
413 2693 469 2761 54.
493 2705 526 2766 p.
543 2685 627 2763 635.
654 2683 708 2742 etii
731 2701 797 2744 non
818 2685 850 2743 in
874 2683 1046 2752 hocloco.
1076 2697 1120 2745 ta·

75 2803 156 2844 men
173 2786 206 2842 in
223 2781 405 2844 universum
422 2797 454 2844 et
470 2787 618 2846 omnino.
655 2785 723 2844 Nec
737 2781 912 2845 reformido
930 2782 1119 2846 sententiam

75 2883 238 2944 Hardnini
255 2885 293 2946 ad
310 2885 392 2946 Plin.
410 2905 436 2946 c.
456 2885 478 2948 1.
504 2905 565 2966 qna
581 2881 699 2972 λήρους
717 2881 823 2972 ληρεῖν
845 2903 900 2946 eos
919 2887 1118 2966 pronuntiat.

75 2987 135 3066 qni
157 2985 354 3047 Radmmum
377 3007 505 3048 amnem
529 3007 587 3068 pro
604 2987 762 3048 Rhodano
782 2999 945 3068 acceptum
1010 2987 1122 3048 veteri·

76 3087 140 3148 bue
159 3087 280 3158 veiint,
307 3088 451 3149 etheum
470 3088 550 3150 male
571 3087 742 3150 consonasse
757 3087 870 3150 iubent
883 3087 1009 3170 largior.
1051 3085 1121 3151 Neo

78 3187 201 3258 obstat,
235 3187 346 3270 srqnia
374 3189 505 3259 dixerit.
538 3189 704 3251 Romanor
732 3203 867 3250 cotum
890 3190 1026 3250 minime
1049 3207 1121 3272 pro·

77 3285 199 3374 gruison
222 3287 321 3354 inisse.
382 3291 424 3352 At
449 3310 509 3352 nec
530 3289 679 3352 vidulam
709 3291 907 3374 adtigeram.
942 3304 975 3353 et
1000 3290 1121 3362 Graeci.

76 3409 162 3472 quoe
180 3389 262 3452 Mela
279 3390 363 3475 sequi
383 3405 415 3452 et
435 3391 567 3454 reddere
590 3393 624 3452 in
646 3392 794 3474 piurimie
811 3389 896 3461 solet.
920 3395 1008 3474 priua
1024 3393 1122 3454 etiam

79 3493 204 3563 Gades,
234 3513 328 3574 quam
344 3495 481 3555 Romam
506 3507 738 3576 cognoverunt.
769 3493 912 3575 itemque
932 3493 998 3554 loca
1017 3511 1123 3556 remo·

78 3595 164 3654 tiora
180 3593 254 3664 asia,
281 3614 417 3676 qnorum
441 3595 587 3656 notitiam
606 3595 659 3657 vei
676 3615 715 3656 ex
731 3595 770 3656 iia
787 3595 926 3656 Romani
948 3596 1122 3676 petierunt.

80 3695 134 3756 vel
156 3693 224 3776 poli
243 3693 307 3777 ipso
327 3697 416 3756 aditu
434 3709 465 3757 et
486 3693 554 3756 risu
576 3710 795 3778 perceperunt.
847 3697 894 3758 ita
917 3715 995 3758 vero
1017 3695 1123 3758 noher
1191 3773 1195 3782 ,

81 3795 120 3856 ab
149 3811 286 3878 utroque
309 3797 498 3860 Germaniae
521 3797 624 3860 limite
648 3797 765 3859 fluvios
793 3795 955 3878 adposuit,
992 3797 1032 3858 ab
1059 3797 1124 3859 hoe

82 3897 288 3969 Danubium,
314 3899 432 3961 abillo
447 3897 654 3960 Rhodanum.
706 3898 846 3968 Rhenus,
870 3897 989 3962 fluviae
1003 3893 1123 3960 notiiii·

82 4019 166 4070 mm,
193 4001 249 4058 vix
270 4021 286 4060 a
304 4000 436 4062 librariis
453 4001 486 4060 in
501 3999 681 4062 Rhodanus
697 3999 898 4062 transmutari
919 4001 1036 4081 potnit,
1059 4017 1122 4062 nec

83 4103 162 4163 adeo
181 4114 265 4162 recte
285 4101 337 4164 hic
359 4103 495 4187 legatur.
527 4105 599 4184 quia
615 4103 684 4164 eiua
700 4102 901 4164 mentionem
919 4098 1052 4170 subiicit.
1078 4115 1121 4172 et.

83 4203 100 4262 fi
118 4216 265 4286 repetere
281 4205 361 4267 adeo
378 4201 542 4274 voluisset,
570 4203 651 4266 male
672 4215 705 4264 et
722 4203 915 4266 inconcinne
935 4201 1121 4264 Danubium
