2810 4944
287 467 350 538 ιιι
583 415 826 518 ιοιιιοιιιι
872 457 1039 515 untur

291 631 394 716 ipsum
414 643 573 704 montem,
599 653 660 717 qur
675 633 876 698 occidentem
892 631 1017 718 spectu,
1042 647 1111 694 nou
1127 627 1167 694 etl
1180 648 1228 702 ea.
1250 647 1333 714 quae

293 736 340 798 illi
362 733 436 799 sunt
456 735 592 804 obiectu.

371 939 630 1029 eminete-tia)
678 940 778 1003 Velit.
808 961 838 1002 ι.
878 937 986 1003 Cibiu.
1027 937 1203 1023 Rehdiget.
1244 919 1335 1016 Eipt

298 1040 382 1106 Gud.
408 1043 548 1107 Vindub.
573 1044 686 1104 Vener.
714 1043 820 1105 litun.
844 1039 939 1106 Parii.
971 1061 999 1102 ι.
1024 1057 1057 1102 et
1079 1041 1151 1102 edd.
1174 1059 1204 1101 ι.
1229 1036 1272 1098 2?
1299 1049 1337 1115 3.

298 1151 334 1224 4.
356 1155 390 1220 5.
414 1144 448 1207 6.
472 1159 505 1220 7.
529 1155 563 1222 8.
588 1163 621 1223 9.
647 1131 700 1207 ro.
728 1166 783 1206 ιι.
810 1162 865 1208 12.
888 1157 942 1222 13.
964 1153 1018 1222 ¹4·
1040 1155 1094 1220 15.
1118 1155 1172 1216 17.
1197 1155 1251 1218 19.
1274 1155 1337 1200 20.

301 1227 361 1309 ut:
387 1257 443 1318 23.
468 1247 686 1318 eminentiamt
732 1247 831 1308 Vetic.
859 1257 892 1320 3.
923 1245 1014 1328 Preg.
1040 1257 1072 1304 et
1095 1262 1169 1304 cum
1191 1239 1338 1302 Vadieno

173 1359 176 1370 '
299 1345 372 1406 edd.
395 1346 534 1429 reliquae
555 1349 651 1408 etiarn
678 1359 735 1424 28.
757 1348 924 1407 eminentia
947 1344 1094 1406 structure
1120 1356 1204 1412 note,
1237 1359 1338 1422 quam

299 1459 331 1507 et
345 1465 447 1508 nexue
465 1459 497 1508 et
512 1449 595 1510 ratio
608 1449 722 1528 aptior,
746 1468 819 1508 curu
835 1443 874 1510 ri
894 1448 1059 1508 eminentia
1075 1445 1210 1526 epitheti
1227 1445 1339 1504 vicem

298 1559 395 1630 geret,
417 1547 570 1632 flagitent.
614 1549 719 1632 Quem
737 1547 825 1631 saepe
842 1563 947 1610 auteur
964 1549 1045 1616 talia,
1065 1547 1205 1630 neglectu
1222 1543 1341 1622 lineola¹

299 1649 367 1716 ille,
403 1669 462 1730 qua
486 1643 528 1712 ru*
548 1671 578 1710 m
602 1651 775 1721 indicatur,
808 1651 997 1712 commutari
1021 1648 1152 1716 [oleant.
1177 1645 1341 1706 librorum

300 1749 420 1812 docent
436 1751 591 1832 exempla.
624 1747 676 1814 Sic
694 1749 784 1833 supra
802 1767 833 1819 u.
853 1777 886 1828 ιι.
901 1767 981 1814 extr.
996 1750 1129 1830 direptis
1143 1761 1176 1808 et
1191 1746 1341 1808 diremtis

300 1863 334 1910 et
354 1851 422 1913 eliu.
473 1851 546 1914 Poll
565 1852 778 1916 renitentibus
801 1853 891 1915 MSS.
914 1853 988 1916 edd.
1010 1867 1043 1926 7.
1065 1863 1099 1928 8.
1125 1862 1178 1926 15.
1201 1863 1256 1920 17.
1274 1863 1338 1910 20.

253 2005 257 2012 .
303 1963 362 2030 23.
378 1951 522 2016 cautium
538 1951 643 2026 tabee.
659 1973 741 2039 quae
758 1987 808 2004 -
834 1953 943 2018 Cibin.
959 1953 1178 2034 criminumque
1192 1951 1287 2012 inter.

375 2173 479 2234 quae
502 2156 613 2218 inter
642 2153 822 2238 exigua)
872 2151 995 2218 vomu·
1016 2153 1071 2216 iuu
1096 2149 1183 2216 ieniu
1207 2165 1343 2214 etcum

301 2269 343 2316 eo
359 2255 433 2316 edd.
451 2265 509 2338 40.
532 2268 592 2338 4¹·
616 2267 676 2340 42.
701 2259 861 2319 dederunt
881 2257 967 2342 quod
988 2257 1009 2318 i.
1031 2259 1158 2337 exigua.
1194 2271 1343 2315 'tzecrtv-

303 2369 380 2418 cte,
431 2356 598 2422 Probutior
616 2359 728 2420 lectio:
761 2379 841 2441 quae
863 2361 949 2419 intra
971 2359 1085 2438 exigue
1098 2347 1228 2448 spatia.
1262 2373 1342 2414 ern·

302 2471 439 2521 trertvt.
493 2459 584 2524 Priue
603 2474 727 2544 poterat
750 2459 835 2524 Mela
850 2457 893 2522 let
913 2460 1084 2523 commode
1100 2459 1197 2522 etiam
1219 2456 1341 2530 dicere,-
1402 2533 1403 2536 Ἴ

301 2559 411 2624 minue
433 2565 603 2626 commode
623 2561 787 2647 posteriue.

378 2763 561 2847 gratius)
594 2765 687 2830 MSS.
705 2765 743 2829 Δ.
759 2763 929 2834 Gronovii.
954 2783 993 2827 ex
1009 2764 1091 2827 meir
1105 2763 1204 2826 Vetic.
1226 2759 1339 2826 Cibin.

302 2861 477 2950 Rehdiger.
502 2863 648 2932 Periit.
675 2867 820 2930 Vindob.
844 2869 950 2930 Huvn.
976 2865 1093 2930 Vunet.
1116 2885 1189 2927 cum
1211 2865 1284 2926 edd.
1307 2882 1341 2927 1.

304 2981 340 3062 Ω.
358 2977 442 3045 M·
463 2979 496 3046 5.
519 2971 552 3032 6.
577 2983 610 3042 7.
627 2981 661 3046 8.
683 2989 717 3048 9.
741 2989 795 3032 ιο.
816 2989 871 3031 ιι.
893 2983 949 3032 12.
972 2982 1026 3046 13.
1049 2977 1104 3050 tte.
1128 2979 1179 3042 15.
1202 2981 1257 3039 17.
1278 2983 1339 3043 19.

306 3085 364 3132 ιο.
391 3081 448 3148 23.
473 3071 593 3150 gradu3
630 3069 712 3152 Lipi.
747 3069 833 3133 Gud.
859 3073 978 3152 (quem
1002 3070 1101 3152 igitur
1123 3065 1198 3128 iulio
1227 3067 1343 3128 ethic

305 3167 399 3234 MSS.
429 3170 615 3233 adnumerat
642 3175 681 3234 A.
705 3171 911 3250 Gronoviue)
945 3171 1035 3255 Prng.
1065 3167 1160 3232 Parit.
1185 3185 1217 3230 Ω.
1246 3181 1278 3248 5.
1306 3179 1342 3228 et

303 3285 476 3352 praeeunte
504 3271 651 3335 Vadieno
671 3274 808 3354 reliquae
828 3269 959 3354 gradus,
988 3271 1075 3351 quod
1095 3267 1249 3352 praeiere,
1282 3270 1342 3330 eui

304 3373 394 3454 prinu
417 3373 557 3456 placebat
582 3373 810 3455 Oudendorpiu
829 3377 868 3436 ,in
894 3375 931 3436 Δ.
959 3372 1102 3434 Gronov.
1125 3383 1212 3434 notu.
1263 3369 1344 3430 Post

304 3491 363 3558 pro
378 3466 516 3567 subinde
535 3475 626 3559 Prng.
650 3475 777 3544 deinde,
804 3475 912 3538 Cibin.
927 3464 1064 3563 submee.
1114 3473 1163 3533 Ex
1185 3474 1234 3540 ile,
1258 3489 1341 3552 qum

174 3621 178 3629 ‚
305 3575 444 3658 expositu
461 3574 534 3636 lunt
549 3577 710 3644 hactenus.
733 3577 870 3658 eriperet,
893 3595 986 3656 quam
1005 3575 1090 3636 varie
1105 3574 1248 3634 iecturint
1264 3571 1343 3632 libri

174 3715 179 3718 ·
307 3683 520 3761 tenuerintque
535 3679 722 3760 interpreter
738 3677 825 3739 hunc
842 3678 961 3745 locum,
985 3675 1118 3757 queruli
1135 3695 1200 3736 uno
1220 3673 1341 3734 obtutu

306 3783 523 3865 exploratione
546 3776 624 3840 iacta
641 3779 825 3852 confideret,
855 3779 1019 3838 Vadirnuu
1042 3777 1191 3838 omnium
1215 3777 1341 3856 optime

304 3889 346 3950 tic
365 3884 517 3948 instituit:
549 3881 636 3943 euius
654 3894 777 3960 purtem
796 3879 952 3942 occidenti
971 3867 1147 3968 aduersam,
1170 3877 1341 3937 eminentia

307 3989 467 4056 cautium,
508 4003 590 4068 quae
615 3985 768 4046 inter-
799 3993 836 4042 ut
860 3979 979 4062 gradus
1000 3969 1033 4068 s.
1067 3969 1262 4068 consurgunt
1288 4009 1341 4024 -

306 4103 430 4153 tanturn
453 4087 538 4169 quod
557 4087 591 4146 in
615 4083 720 4148 verbis
739 4082 907 4144 eminentia
928 4083 1067 4142 euntium
1091 4077 1272 4140 duriuscule
1294 4095 1342 4138 re·

307 4193 400 4258 induet
432 4185 602 4274 rdpofitiu,
641 4205 720 4270 quae
755 4183 944 4249 cunninuiue
974 4180 1155 4266 interposuit
1189 4181 1342 4264 particula
