2810 4944
280 447 284 454 ⁴
347 487 436 546 nro.
468 491 507 546 rt
550 489 655 550 cvr.
697 487 777 560 ha·
1021 501 1080 566 sn

67 655 139 720 'isaie
156 663 292 743 percepit
308 662 461 728 Schottur
475 663 676 734 Pintianum.
702 663 756 748 qui
778 663 851 726 tasia
868 663 951 728 bene
969 664 1080 730 nosset.

71 759 103 818 Et
117 761 182 841 quid
203 761 240 822 fit
260 765 449 838 extruditur,
477 765 557 828 siita
577 765 757 852 intelligat?
810 768 849 828 dt
864 787 923 828 nec
937 747 1019 850 opuu¹
1038 781 1080 830 ta·

72 879 129 920 nen
143 861 180 923 ess
195 861 338 927 Pintiani
352 870 538 940 mutatione,
566 889 639 930 cum
655 867 833 932 inversione
852 865 972 930 formae
990 865 1078 940 sacta,

72 977 208 1041 poeumm
233 967 414 1034 imitatione
440 971 571 1040 ductor,
597 971 640 1032 ita
664 969 777 1032 Nosier
800 969 955 1051 loquatur.
996 971 1079 1032 Loca

70 1063 198 1144 adponam
214 1067 248 1128 in
265 1069 331 1134 diss.
349 1071 389 1132 de
405 1071 492 1134 Mela
506 1091 533 1135 c.
552 1083 586 1146 7.
619 1071 720 1135 Porro
735 1069 895 1134 distinctio
911 1073 945 1134 in
961 1085 1079 1134 utram·

71 1181 116 1244 que
131 1163 281 1243 'rationem
303 1173 401 1255 posita
419 1173 590 1236 commoda
610 1172 664 1236 esi.
710 1181 713 1188 '

126 1368 206 1432 dein
215 1369 236 1454 )
287 1375 401 1440 Venet.
425 1376 599 1462 Rehdiger.
621 1375 707 1438 siud.
726 1377 778 1440 ed.
797 1389 855 1457 13.
879 1373 1010 1450 deirrrsct
1041 1375 1077 1438 sn

68 1466 120 1532 aliia
136 1471 212 1536 deur.
245 1473 299 1539 cf.
326 1477 365 1540 ad
388 1499 415 1550 r,
440 1489 474 1558 4,
497 1495 531 1559 9.
558 1495 592 1542 et
614 1477 700 1542 alibi.

127 1673 257 1740 Ticdis
269 1677 288 1758 )
338 1679 375 1744 A.
400 1681 586 1746 Gronoviue
607 1681 708 1744 adfert
728 1701 768 1744 ex
790 1681 873 1744 Vols.
900 1701 929 1744 ι.
957 1679 1075 1750 Tic-sais,

68 1775 168 1838 erasiia
186 1778 273 1842 Ticis
293 1783 345 1841 ves
371 1782 483 1846 Thicss.
536 1783 684 1848 Ciaccon.
706 1781 799 1845 Paris.
824 1803 852 1846 t.
879 1801 909 1844 c.
936 1795 967 1856 3.
993 1777 1076 1860 Lips.

68 1871 132 1938 Gud.
160 1877 251 1965 Prag.
286 1883 399 1946 Venet.
430 1883 595 1948 Boccatiuc
624 1885 665 1947 de
697 1885 822 1948 simnin.
848 1883 881 1946 h.
907 1903 940 1946 v.
976 1881 1076 1955 Tic-ist

67 1972 208 2062 hehdiger.
231 1985 330 2066 tycis3
364 1985 462 2050 Vatic.
484 1985 592 2051 Cibin.
616 1987 754 2050 vindob.
778 1985 884 2048 Harn.
904 2003 977 2045 cum
999 1983 1073 2046 edd.

68 2080 242 2144 omnihuud
263 2080 407 2148 Voffium
425 2087 537 2158 siricis,
564 2103 689 2148 tantum
714 2101 768 2168 13.
796 2085 918 2158 Ticdir;
953 2081 1074 2146 Voffiua

67 2189 90 2235 et
105 2189 155 2260 40·
177 2193 237 2266 41.
265 2195 327 2264 42.
352 2208 426 2250 cum
448 2189 669 2252 lieinoidiauir
693 2189 797 2260 Ticer3
839 2189 915 2248 inde
932 2215 991 2268 (Η.
1013 2199 1074 2264 45.

68 2277 182 2362 hippius
203 2285 321 2350 Tirizis.
372 2290 410 2351 in
429 2291 599 2374 exemplari
616 2309 692 2352 nmo
706 2293 758 2354 cd.
778 2303 810 2370 5.
835 2309 947 2350 manno
968 2307 1074 2348 recen·

66 2379 109 2440 tior
134 2389 355 2451 emendaverat
382 2392 493 2456 adicer.
537 2411 742 2454 raccurcun.
812 2389 934 2454 Plinius
957 2385 1012 2476 [3.
1037 2399 1072 2466 4.

67 2475 81 2538 f·
95 2479 139 2572 3.]
166 2491 264 2550 etiam
289 2493 324 2550 in
348 2491 409 2554 hoc
430 2505 529 2556 tractu
551 2495 700 2555 meminit
724 2493 827 2554 Tichis
850 2492 956 2559 fluvii.
989 2489 1074 2550 nossa

67 2591 147 2646 tamen
176 2587 256 2650 sacta
288 2595 454 2656 mentione
481 2595 624 2658 Rhodac.
685 2595 802 2657 Verum
833 2613 946 2654 onmea
978 2609 1074 2652 mauu

67 2690 154 2748 eunti
182 2691 256 2751 iibri
288 2693 400 2778 legunt
422 2695 489 2758 istic
508 2697 572 2758 loci
597 2695 700 2764 Ticer.
734 2709 767 2757 et
789 2697 924 2758 omnino
948 2693 1010 2752 hoc
1030 2691 1074 2752 est

66 2783 128 2846 aliud
147 2790 285 2864 flumen.
313 2809 406 2876 atque
420 2797 514 2867 iliud,
539 2797 624 2879 quod
642 2799 703 2864 iam
721 2795 863 2881 superior
886 2795 1074 2856 monuimus

65 2893 147 2951 ueni
171 2893 265 2958 Tecb.
318 2897 420 2958 Porro
442 2901 527 2986 quod
551 2899 676 2960 Plinius
700 2899 853 2960 hocloco
875 2917 940 2956 non
964 2893 1075 2954 merui·

65 2990 128 3048 cuit
146 2993 288 3068 Rhodae,
315 3017 351 3060 ea
372 2999 415 3062 ess
434 2999 529 3069 causa.
566 3001 651 3082 quod
668 2999 756 3062 issam
776 3019 852 3060 cum
871 2993 1074 3059 Rhodanusia

66 3088 221 3156 consndcrit
236 3111 268 3158 ct
286 3098 319 3158 in
336 3099 433 3162 Gallia
454 3103 624 3170 collocarit.
654 3101 778 3163 comsit
796 3097 961 3182 Hispaniae
985 3097 1074 3178 oppi-

65 3187 137 3262 dum.
166 3198 245 3258 iliud
266 3219 399 3283 nempe.
425 3205 512 3284 quod
534 3205 632 3286 vulgo
655 3193 755 3292 Rofer
776 3213 917 3262 vocatur.
972 3199 1074 3258 Locus

64 3288 207 3377 estsih.5.
234 3319 262 3362 c.
284 3310 320 3379 4.
348 3297 463 3390 [s.5.]
496 3337 544 3352 -
595 3299 780 3366 Consudisse
800 3315 908 3362 autem
929 3301 1075 3360 Plinium

64 3387 190 3458 Rhodam
205 3411 238 3462 et
254 3401 487 3466 Rhodanufiam
504 3423 543 3466 ex
560 3425 598 3467 eo
613 3423 741 3486 quoque
762 3405 879 3484 liquet,
905 3403 1008 3482 qnod,
1039 3413 1076 3458 ut

64 3493 168 3560 nulium
188 3499 323 3564 Rhodae
338 3505 371 3564 in
391 3505 538 3588 Hispania
554 3503 664 3568 facerit
685 3506 895 3572 mentionem,
920 3504 961 3562 ita
979 3501 1074 3561 etiam

65 3595 161 3660 nussam
183 3601 401 3667 Rhodanusiae
420 3609 500 3668 circa
519 3607 727 3670 Rhodanum.
750 3635 801 3650 -
833 3623 975 3666 rosarva.
1038 3603 1075 3662 In

65 3689 149 3762 Plinio
171 3703 266 3764 etium
280 3705 447 3770 Pincianus
469 3729 507 3770 cx
527 3709 649 3772 vetusto
671 3709 781 3770 codice
802 3707 927 3768 notarit
948 3703 1075 3775 Tichcr;

66 3795 126 3858 nihii
145 3813 251 3866 tamen
267 3827 306 3868 ex
327 3807 387 3871 suia
407 3809 599 3873 Harduinut.
652 3809 693 3872 At
714 3811 748 3870 iu
765 3807 882 3876 Gallia,
908 3805 965 3866 uhi
988 3803 1077 3885 supra

66 3893 153 3964 sirhic
166 3925 203 3966 ex
218 3903 363 3970 Voffiana
377 3913 508 3992 quidem
524 3925 556 3972 et
572 3911 787 3974 recentiorum
805 3909 941 3971 sectione
958 3925 975 3968 a
992 3905 1077 3966 Mela

68 4009 365 4082 commemorabatur,
390 4013 518 4073 nullum
535 4026 644 4075 contra
662 4013 725 4074 hoc
744 4011 878 4072 nomine
898 4009 993 4070 novit
1013 4005 1076 4070 Pii·

66 4099 134 4174 ⁰5⁰⁸.
166 4105 215 4170 sed
239 4123 363 4174 tanturn
383 4116 416 4174 in
434 4112 600 4196 Hispania,
623 4113 676 4174 'ita
694 4127 731 4174 ut
750 4111 936 4194 praecedant
958 4111 1076 4188 Empo-

64 4199 123 4274 sss.
161 4205 301 4292 sequatur
330 4215 490 4294 Pyrenaea
523 4217 631 4279 Venus
661 4217 696 4276 in
728 4215 827 4278 altero
863 4209 1077 4296 promontorii
