2752 4944
350 433 436 490 ΜΒ.
466 435 506 488 11.
547 432 661 490 cem.
704 433 783 504 Μ.
877 403 882 410 ’
1027 445 1088 510 ⁸33

0 617 1 624 ’
56 609 112 672 dl
130 619 164 686 5.
192 607 336 692 legitor,
361 625 420 690 pro
439 625 504 690 qno
522 605 726 670 Ptolemaeoe
744 617 776 686 3,
798 601 851 672 16.
871 605 969 672 habet
981 603 1091 674 xixo·

53 712 132 792 cirne.
168 710 459 771 Terminationem
474 711 507 770 in
523 729 554 772 es
567 705 735 772 vindicent
748 708 803 772 laic
814 709 898 774 libri.
936 707 989 778 cl.
1007 709 1089 776 inire

53 831 77 874 er
93 815 248 896 deincepe
269 811 451 874 Pincianae.

109 1029 144 1078 et
171 1011 379 1096 Araxos)
428 1011 512 1097 Lipi.
534 1015 710 1100 llehdiger.
734 1015 913 1090 charaxare
950 1016 1090 1084 vindeb.

53 1121 225 1191 rimu
259 1117 364 1178 Vario.
383 1129 417 1196 5.
431 1103 572 1188 'tranare
600 1117 691 1204 Prag.
715 1109 839 1208 trasos‚·
871 1116 966 1182 Perii.
988 1135 1021 1183 a.
1043 1131 1093 1182 ta·

54 1241 147 1294 reenr5
179 1216 293 1284 Parii.
313 1239 346 1282 t.
366 1231 400 1298 3.
423 1217 532 1280 Cibin.
554 1217 642 1282 Guel.
657 1219 757 1280 etalii
772 1217 911 1303 adpenio
926 1233 941 1282 r
956 1241 995 1283 ex
1010 1239 1092 1284 voce

52 1321 248 1402 pneeedenti
281 1339 358 1380 cum
388 1319 461 1382 edd.
493 1341 522 1382 r.
549 1335 583 1382 2.
611 1333 643 1400 3.
670 1329 706 1400 4.
735 1331 769 1398 5.
797 1338 833 1400 9.
862 1339 918 1386 ιι.
945 1333 1091 1384 taraxoe.

53 1425 137 1484 lntea
156 1437 199 1484 at
222 1441 291 1506 pro
314 1433 347 1482 et
367 1421 418 1484 ed.
438 1433 496 1500 50.
517 1423 661 1492 Araxos,
696 1421 783 1502 quod
801 1421 920 1484 habent
942 1424 1092 1505 reliquae,

54 1547 81 1584 er
100 1523 267 1586 strabone
300 1535 335 1601 3.
366 1543 399 1604 p.
424 1543 468 1585 m.
501 1535 585 1602 233.
610 1519 630 1586 i.
657 1535 739 1602 357.
773 1535 806 1584 er
831 1523 906 1585 alibi
928 1537 960 1584 et
984 1523 1093 1588 Ptole-

51 1646 126 1688 maeo
149 1641 187 1704 3.
222 1625 287 1688 16.
321 1624 444 1685 dodum
467 1625 691 1686 emendaverat
713 1625 907 1690 Hermolaue
928 1625 1093 1690 Barbarae.

52 1747 250 1790 mcovcxrc.
316 1723 527 1786 Scribendurn
548 1725 699 1786 alterutro
723 1726 841 1806 modu,
869 1739 926 1788 aut
951 1725 1095 1790 Cheloni-

52 1843 103 1900 tn.
133 1829 232 1911 quod
264 1825 397 1887 mallem
421 1845 458 1886 ex
488 1825 683 1896 Ptolemaeo.
713 1819 770 1913 [3.
801 1821 877 1913 ι6.]
906 1841 961 1890 ant
986 1827 1094 1890 Chelo-

52 1945 133 1992 natac
157 1927 389 1992 declinatione
416 1929 533 1988 Dorica
557 1947 596 1990 ex
619 1927 786 1998 Strabone.
814 1923 869 2016 [8.
891 1950 923 2012 p.
945 1949 989 1990 m.
1008 1943 1094 2006 251.

53 2029 69 2092 l.
85 2025 187 2117 535.]
220 2031 285 2112 qni
300 2047 388 2091 error
402 2043 434 2090 et
451 2029 485 2088 in
500 2029 608 2090 Plinio
624 2025 679 2116 [4,
702 2029 756 2092 ι6.
774 2027 795 2090 l.
810 2025 866 2116 5.]
888 2029 1094 2115 castigandae.

53 2133 194 2194 Ceterum
220 2131 465 2194 advertendum
487 2131 657 2192 attentiore
681 2131 889 2202 cunevethe,
925 2151 1003 2214 quae
1026 2131 1095 2214 poll

54 2233 117 2295 haec
130 2235 293 2318 protiuue
313 2231 476 2316 leguntur,
503 2229 632 2292 confuto
649 2232 837 2314 turbatoque
853 2233 966 2296 ordine
984 2231 1095 2314 scripta

54 2335 110 2404 elle,
133 2357 207 2398 non
226 2333 364 2415 qualern
381 2331 511 2393 tenuille
528 2332 747 2414 Pomponium
763 2333 980 2404 monſtrarent.
1001 2349 1094 2417 puto,

56 2439 109 2498 rior
128 2435 347 2518 exemplaria,
373 2434 395 2494 fi
417 2452 483 2494 non
506 2445 661 2512 trunceta,
685 2449 722 2494 ut
743 2435 819 2506 elixi.
847 2449 880 2498 et
896 2449 944 2498 tot
965 2437 1096 2498 lacerata

56 2540 137 2622 plavia
156 2539 200 2598 ad
219 2555 288 2598 noe
303 2533 526 2618 pervenillent.
562 2533 721 2598 Naturalia
737 2539 825 2598 enim
845 2539 925 2598 ordo
948 2537 1096 2598 narrandi

54 2639 257 2722 deposcebat,
291 2649 329 2696 ot
348 2637 496 2717 expofitie
509 2639 737 2720 promontoriie
754 2641 909 2700 continuo
929 2637 1098 2700 [obiiceret

54 2741 123 2802 linae
145 2739 228 2823 ipsas
252 2738 485 2820 promontoriie
512 2737 665 2809 inclusor.
699 2739 816 2802 deinde
837 2739 1010 2802 nobilioree
1030 2757 1099 2820 po·

53 2844 154 2921 paine,
191 2841 363 2908 civitatee.
394 2849 505 2920 portua
525 2852 557 2902 et
577 2839 710 2910 liticine,
742 2859 822 2922 quoe
848 2841 930 2902 srnue
952 2839 1008 2922 ipli
1030 2835 1100 2902 cin·

52 2958 166 3026 gerent.
230 2941 395 3002 Videntur
422 2939 535 3022 igitur,
577 2959 656 3022 quae
685 2941 754 3024 post
790 2940 963 3022 lequuntur
990 2941 1097 3012 verba.

53 3057 235 3124 immutato
260 3041 376 3103 ordine
397 3039 557 3102 scribenda
578 3041 640 3104 hoc
656 3055 825 3104 contextu:
864 3041 916 3104 Ad
937 3031 1098 3132 vesperam

55 3147 254 3208 Chelonatas
289 3156 320 3203 et
353 3143 487 3204 Araxos.
551 3141 617 3204 His
653 3141 797 3206 litoribus
827 3139 971 3233 appositi
989 3139 1097 3234 finus.

52 3249 137 3308 Inter
167 3244 342 3326 Scyllaeon
370 3255 402 3304 et
430 3241 574 3305 Maleam
604 3245 778 3326 Argolicas.
835 3245 928 3306 inter
955 3245 1039 3305 lianc
1068 3257 1101 3306 ec

57 3349 226 3412 Taenaron
249 3345 443 3406 hennam.
481 3343 569 3406 Hinc
588 3343 632 3404 nel
651 3347 794 3406 Acritarn
815 3341 978 3436 Asinaeus.
1019 3345 1103 3408 Inde

53 3449 92 3508 od
114 3448 268 3529 Iclrlltyn
296 3439 501 3536 Cypariffinr.
552 3443 717 3508 Habitant
741 3443 782 3506 ab
803 3445 924 3538 Isthmo
945 3445 991 3506 od
1015 3447 1100 3530 Scyl·
1166 3507 1171 3514 ,

55 3551 139 3612 lacon
164 3547 364 3630 Epidauro,
393 3537 575 3637 Aesculapii
596 3545 713 3628 templo
736 3547 863 3630 inclyti,
895 3559 925 3608 el
946 3547 1102 3610 Troezenii

50 3651 112 3741 'ille
138 3644 324 3744 fiicietatt's
354 3650 482 3710 Atticae
520 3645 662 3738 illustres.
718 3649 835 3710 Porltts
870 3648 1038 3710 Saronicus
1068 3661 1100 3710 el

56 3757 219 3816 &rhaerius
259 3759 293 3810 el
327 3750 488 3830 Pogonus.
553 3747 685 3828 Oppida
720 3762 825 3810 antem
859 3747 1041 3828 Epidannes
1071 3761 1104 3810 et

60 3855 193 3918 Troezen
221 3863 256 3912 et
282 3849 466 3913 Hermione.
517 3851 559 3910 1n
592 3849 739 3930 Argolico
767 3841 847 3943 staret
888 3851 959 3912 noti
986 3869 1104 3921 amnes.

56 3958 183 4038 reliqna.
223 3968 428 4014 exenterare.
478 3949 609 4015 Poterat
628 3953 671 4012 ita
690 3950 812 4020 Noster.
840 3949 890 4012 led
908 3953 952 4012 ita
970 3951 1105 4014 noluille

58 4059 183 4120 codicee
205 4055 366 4124 clamant,
399 4071 478 4136 quoe
505 4051 723 4134 aquieverit
752 4053 903 4123 abiicere,
940 4073 978 4114 ex
1003 4053 1107 4114 oroni-

54 4157 109 4222 bue
136 4159 250 4223 omnia
281 4157 434 4240 refingat,
474 4153 573 4216 licubi
598 4156 701 4234 aliqua
727 4153 815 4216 caula
841 4156 969 4216 emioet.
1020 4155 1107 4216 Hinc
