2788 4942
311 455 352 517 6⁸
611 455 850 514 POMPONII
893 453 1056 510 ntuLaa

311 645 431 694 verunt
460 649 529 692 eam
555 629 628 691 edd.
662 640 718 705 ¹5·
748 647 801 704 17.
831 646 889 692 ao.
917 643 974 706 23.
1002 643 1035 691 et
1058 627 1254 710 repetierunt
1278 645 1340 686 enm

311 733 436 796 Vineto
459 747 491 794 et
516 726 629 792 Volstn
656 733 752 792 ceteri
774 731 1024 794 adsentientibus
1054 731 1228 793 codicibus.
1278 726 1342 792 Poll

311 833 432 900 Venet.
454 832 551 894 habet
570 853 609 894 esc
629 835 738 895 rroxio.

478 1040 507 1115 §.
538 1049 571 1116 5.
622 1034 771 1116 etiam)
813 1035 1002 1102 Vindobon.
1026 1047 1068 1099 et.
1109 1033 1184 1100 Poll
1206 1041 1340 1094 voceset

312 1131 520 1229 gratiffimom
542 1135 669 1198 omiliae
695 1136 823 1198 suntin
848 1139 921 1201 edd.
948 1153 1006 1214 3⁰·
1034 1151 1092 1215 32.
1127 1137 1212 1218 quod
1236 1136 1339 1194 vitium

314 1253 446 1324 cognata
471 1251 529 1318 32.
554 1239 750 1300 emendavit.
804 1239 903 1300 Antea
928 1239 1067 1300 Vinetus
1091 1239 1181 1298 dedit
1206 1229 1339 1326 superfit·

314 1343 410 1403 tione.
446 1359 652 1402 rzsctavcttu.
707 1340 781 1402 Non
805 1355 889 1402 recte
904 1339 1073 1403 Pintianus
1091 1341 1229 1418 opimam
1250 1335 1338 1397 snbsti·

313 1445 387 1512 tuit,
410 1462 483 1502 cum
496 1443 632 1503 alterum
649 1442 787 1524 probum
802 1443 847 1504 stt.
880 1441 1045 1502 Minucius
1062 1441 1167 1502 Felix:
1185 1439 1265 1522 [cap.
1276 1437 1337 1514 μ]

313 1545 370 1626 qni
388 1543 543 1603 bominem
562 1543 698 1620 periculo
714 1534 865 1633 surripit,
887 1545 1043 1621 optimam
1059 1545 1224 1603 victimam
1239 1537 1336 1599 caedit.

314 1645 400 1706 Male
419 1658 452 1705 et
476 1644 541 1706 istic
559 1642 790 1724 supposuerunt
812 1646 959 1724 opimam.
1001 1643 1139 1719 Optima
1159 1643 1286 1704 victima
1305 1637 1338 1698 est

312 1747 445 1808 victima
469 1759 584 1827 optata.
627 1745 748 1806 festus:
775 1742 826 1832 [p.
847 1759 930 1822 303.
951 1747 1002 1807 od.
1021 1739 1169 1829 Darden]
1198 1742 1336 1821 Optatam

261 1840 264 1848 ’
314 1845 469 1936 tristiam,
497 1847 555 1906 etii
575 1849 728 1927 optimam
750 1847 916 1926 appellant·
937 1869 1023 1914 euers,
1049 1868 1148 1928 qtrtrm
1171 1844 1276 1905 aedilis
1294 1843 1336 1900 tri·

314 1946 371 2008 but·
395 1946 579 2040 corfiitrrtis
601 1946 710 2038 hostiis
730 1960 841 2026 optat,
876 1969 972 2030 quom
994 1947 1156 2008 t'rrtntosori
1176 1946 1257 2007 velit.
1294 1943 1334 2002 bic

312 2051 394 2132 lege.
430 2069 571 2111 voastvs.
624 2051 710 2110 Avus
731 2049 868 2110 malebat
889 2051 1058 2126 opimam.'
1087 2067 1121 2110 tt.
1151 2061 1333 2108 cnonovtva.

314 2151 482 2213 Pintinnus
505 2151 658 2226 optimam
682 2152 817 2212 minime
839 2151 1037 2212 adtrectavit.
1077 2149 1263 2211 Ciaccunius
1283 2143 1334 2223 opi·

315 2273 398 2314 anam
424 2253 559 2342 bolliam
581 2271 620 2311 ex
641 2251 785 2314 rlrnobio
811 2252 864 2313 lib.
885 2266 918 2327 3.
940 2247 1027 2338 [live
1044 2271 1082 2312 ex
1101 2250 1245 2312 Minucio
1261 2268 1284 2308 c.
1299 2237 1333 2328 l]

315 2366 563 2422 conmemorat,
600 2350 651 2412 sed
675 2353 825 2433 deinceps
848 2352 926 2413 Felli
948 2355 1195 2434 explicationem
1217 2352 1332 2432 optimae

314 2455 465 2515 victimae
493 2453 628 2516 subiicit.
684 2452 785 2515 Vulllo
810 2452 981 2513 adsentitur
1003 2457 1035 2513 in
1056 2455 1195 2514 Minucii
1219 2451 1332 2512 lectione

316 2557 483 2637 Wopkens
502 2558 533 2614 in
551 2554 720 2616 observatt.
743 2554 870 2617 miscell.
892 2557 960 2617 Vol.
983 2576 1037 2618 ιο.
1061 2577 1092 2636 p.
1109 2559 1169 2637 46.
1194 2567 1224 2613 et
1243 2549 1331 2633 probs·

314 2674 389 2718 runt
408 2661 439 2716 in
464 2658 659 2717 editionibus
680 2657 824 2718 Davisius
846 2670 878 2717 et
903 2657 1092 2718 Limlnerna.
1143 2661 1188 2718 lta
1210 2657 1291 2714 etiam
1307 2651 1331 2706 in

315 2760 469 2820 Lactantii
493 2761 633 2838 epitome
654 2778 719 2839 cop.
747 2769 802 2833 25,
829 2773 860 2830 7.
887 2761 947 2818 viri
973 2761 1059 2817 docti
1083 2760 1209 2818 malunt
1230 2755 1332 2832 opimat

314 2863 464 2922 victinms
486 2881 541 2940 pru
559 2862 707 2938 optimas,
735 2871 828 2938 atque
844 2862 885 2919 ita
904 2881 968 2920 nnn
986 2857 1085 2919 solum
1101 2861 1164 2919 dici
1185 2857 1268 2939 pulle.
1290 2849 1331 2910 ubl

315 2983 417 3022 nexns
434 2963 584 3026 adrnittit.
611 2962 662 3020 vel
682 2959 804 3028 suadet,
832 2960 895 3043 ipsa
913 2963 962 3021 vis
980 2963 1068 3021 verbi
1088 2963 1228 3024 declarat.
1253 2953 1294 3015 sed
1308 2963 1332 3010 et

314 3065 356 3124 ita
375 3083 449 3123 vere
467 3064 529 3122 dici
547 3081 584 3123 ex
600 3065 717 3123 Seneca
730 3062 864 3144 Tragico
881 3064 914 3121 in
931 3063 1041 3143 primis
1057 3064 1155 3123 evicit
1169 3063 1204 3122 ad
1224 3061 1332 3118 Lactan-

314 3165 397 3223 tium
416 3164 675 3224 lineueutanuus.
714 3161 833 3225 Contra
854 3167 886 3223 in
906 3163 1088 3224 Mamertini
1106 3161 1288 3245 Panegyrico
1301 3151 1331 3211 ad

315 3265 658 3346 Il¹laxin1ian.llug.c.
684 3283 717 3341 7,
743 3276 776 3338 5.
811 3284 868 3345 pro
900 3266 1023 3342 optima
1056 3257 1232 3352 ferulisque
1255 3255 1331 3337 Syria

314 3381 398 3426 recte
419 3365 608 3425 emendatur
630 3366 747 3444 opinio.
801 3367 863 3427 Sed
883 3363 922 3427 cs.
944 3385 1022 3446 qnae
1043 3364 1132 3446 supra
1154 3365 1191 3426 ad
1217 3367 1329 3434 1‚8.3·

315 3468 354 3528 de
381 3467 635 3527 commutatione
662 3468 827 3546 utriusque
850 3467 999 3526 vocabuli
1023 3481 1129 3528 notata
1158 3465 1233 3526 sunt.
1280 3455 1329 3516 Hic

315 3569 477 3651 vulgatam
505 3568 678 3626 lectionem
704 3569 839 3628 mininie
867 3567 994 3637 lacesso,
1029 3588 1103 3628 cunt
1128 3588 1192 3628 non
1216 3562 1329 3625 omniuo

314 3669 498 3752 praestantia
523 3669 688 3738 victimae,
724 3667 773 3728 sed
793 3689 831 3729 ex
854 3668 1081 3749 praestantibus
1103 3671 1236 3730 delectus
1253 3655 1329 3738 respi-

315 3772 431 3840 ciatur,
466 3783 498 3831 et
519 3769 676 3830 librorum
696 3771 867 3830 concordia
890 3769 1020 3832 constet.

390 3970 635 4052 caederent)
687 3972 786 4033 Vatie.
810 3983 841 4050 3.
866 3971 957 4056 Prag.
983 3967 1150 4046 celebrent,·
1179 3969 1273 4033 Havn.
1292 3976 1326 4018 tt·

314 4071 441 4144 dereut;
474 4074 615 4133 Vaticani
637 4073 690 4133 alii
721 4071 805 4154 Lips.
831 4073 937 4134 Cibin.
964 4073 1138 4158 llehdiger.
1163 4073 1239 4134 Gnd.
1267 4063 1324 4122 Vin·

315 4175 434 4237 (lobon.
460 4173 554 4236 Paris.
579 4195 608 4238 ι.
628 4189 661 4252 5.
688 4176 799 4237 Venet.
823 4175 998 4246 crederent,
1024 4195 1099 4236 cunt
1119 4173 1258 4238 omnibus
1274 4159 1324 4225 cdl·
