2804 4936
276 398 319 478 6⁶
575 401 818 460 rourourr
857 402 1018 458 ututur

278 577 367 638 idem
389 573 448 636 eiie
476 573 586 646 debet,
618 576 674 656 qui
699 577 767 638 aliie
792 577 969 658 adpellatur
989 575 1088 645 titur,
1119 575 1216 657 Atye,
1245 575 1321 636 Atu-

278 699 350 748 rus,
385 678 513 756 dequo
541 678 606 738 vid.
634 679 671 738 ad
697 679 815 740 Lucan.
849 699 877 749 1,
902 690 987 755 420.
1045 667 1210 764 ’Δτούριος
1237 677 1322 757 apud

280 779 501 842 Ptolemaeum
541 781 706 864 genitivus
743 780 786 842 est
824 779 862 840 ab
886 772 1053 866 Ἄτουρες,
1100 781 1146 838 uti
1171 771 1322 857 Ὀροβις,

272 873 413 967 ”Aeuom
466 883 552 942 Eum
575 895 682 942 autem
706 880 829 943 summo
853 879 1003 944 consensu
1027 895 1152 962 ponunt
1170 882 1203 940 in
1227 881 1324 961 Aqui·

281 984 382 1052 tonia,
409 981 465 1043 ubi
486 980 618 1044 Tarbelli
638 982 769 1046 fuerunt
789 985 900 1066 populi
921 997 952 1044 et
970 983 1045 1044 urbe
1066 980 1218 1044 Tarbella.
1272 983 1323 1042 sic

281 1083 367 1146 Ptin.
389 1097 445 1164 51,
473 1100 503 1147 2.
540 1085 572 1144 in
600 1084 762 1154 Tarbellis,
793 1087 986 1167 Aquitanica
1009 1097 1149 1168 generet
1175 1085 1208 1143 in
1234 1083 1324 1164 Pyre·

282 1183 555 1264 recurrentibus,
583 1189 672 1246 tenui
689 1187 856 1248 intervallo
878 1187 1080 1249 discernente.
1118 1185 1226 1267 Quare
1251 1184 1323 1244 Tor·

281 1284 409 1352 bellicus
429 1284 492 1368 ipse
516 1288 633 1348 dicitur
653 1290 736 1368 apud
764 1288 939 1350 Ausonium
966 1290 998 1348 in
1026 1285 1152 1346 uetula
1178 1307 1212 1349 v.
1236 1287 1321 1368 463.

281 1389 355 1450 Vid.
372 1387 523 1450 Ceilariue
539 1392 571 1450 in
591 1391 706 1474 Geogr.
723 1404 787 1452 aut.
807 1406 839 1460 Ω,
859 1405 890 1458 2,
912 1404 968 1468 30.
1005 1387 1141 1449 Valeiiue
1158 1389 1191 1448 in
1211 1389 1324 1448 notitia

284 1489 410 1552 Galliar.
433 1511 465 1570 p.
483 1503 528 1567 52
547 1491 586 1572 iq.
615 1491 759 1554 Oberlin.
783 1493 821 1552 ari
845 1491 917 1554 Vib.
935 1493 1029 1571 Sequ.
1057 1513 1088 1572 p.
1105 1491 1163 1564 63.
1201 1487 1323 1550 Diserte

282 1605 389 1652 eutem
413 1591 494 1651 Mela
515 1593 664 1664 declarat,
699 1581 773 1654 citra
790 1594 988 1672 Pyrenaeum
1009 1593 1146 1652 fluvium
1161 1591 1216 1652 hic
1233 1611 1324 1672 quae·

283 1695 423 1753 rendum
438 1692 509 1756 elie.
544 1697 606 1755 Aut
622 1696 718 1778 igitur
736 1696 788 1756 ilie
806 1697 838 1754 iu
854 1708 934 1757 noto
958 1694 1101 1754 fluminio
1122 1693 1180 1754 fitu
1199 1695 1325 1777 egregie

285 1795 421 1864 erravit,
453 1807 507 1854 aut
530 1796 610 1858 alius
634 1793 866 1857 substituendus
888 1795 947 1864 est,
979 1815 1074 1877 quem
1100 1795 1220 1855 librarii
1245 1795 1325 1854 maie

286 1895 325 1958 ad
351 1901 485 1956 uturum
507 1896 714 1960 detorserunt.
768 1899 954 1980 Quaerere
979 1899 1016 1957 ad
1040 1899 1110 1958 eiue
1129 1897 1325 1957 emendatio·

286 2017 364 2058 nem
390 1997 520 2057 lubsrdia
542 2001 648 2080 quaeri
671 1999 812 2081 poliunt,
838 2012 892 2059 aut
911 2000 943 2058 in
961 1999 1066 2059 Plinio
1088 2011 1122 2058 et
1138 1999 1324 2058 Ptolemaeo

286 2097 322 2160 in
344 2099 455 2179 primis
480 2100 635 2181 prostant,
670 2115 723 2162 aut
746 2103 882 2162 omuino
904 2101 989 2160 nulla
1012 2098 1083 2160 lunt
1105 2112 1138 2160 et
1160 2099 1250 2160 locus
1271 2101 1326 2157 im·

286 2199 469 2259 medicabili
490 2202 639 2272 vulnere,
673 2204 791 2264 utalia
817 2205 922 2284 plura,
955 2214 1095 2284 urgetur.
1157 2203 1195 2260 ln
1221 2201 1325 2262 Plinio

287 2300 386 2383 igitur
402 2312 435 2379 4,
455 2311 512 2380 34.
529 2300 549 2364 i.
568 2319 625 2366 20.
649 2305 689 2363 de
707 2304 771 2366 hoc
786 2317 885 2364 tractu
902 2317 1069 2364 occurrunt
1084 2303 1177 2362 haec:
1210 2301 1243 2364 V
1244 2292 1327 2392 asto·

288 2423 363 2464 num
379 2393 498 2492 saltus,
527 2396 652 2494 Oiarso.
684 2405 717 2464 V
716 2405 898 2465 credulorum
914 2405 1047 2483 oppido,
1077 2395 1235 2493 Morosgr',
1261 2404 1325 2463 Me·

289 2494 398 2592 nosco,
425 2495 598 2594 Vrffperier,
620 2511 776 2566 Amanum
797 2520 920 2586 portus,
948 2503 1001 2565 ubi
1017 2503 1228 2583 Flaviobriga
1249 2504 1326 2563 colo-

229 2621 235 2636 ·
289 2605 363 2676 nm,-
388 2607 421 2666 iu
438 2605 622 2668 Ptolemaeo
647 2625 677 2679 2,
697 2607 729 2670 6.
752 2607 820 2688 poli
841 2610 963 2668 Devam
985 2607 1079 2669 haec:
1111 2605 1327 2666 Vardulorrrm

290 2697 463 2798 Menosca,
493 2701 675 2798 Vasconum
701 2701 857 2799 illeniosci
877 2701 926 2797 fl.
950 2707 1052 2800 (fiio5
1085 2699 1188 2798 Oeaso
1214 2709 1328 2768 civitas

288 2819 322 2868 et
348 2812 596 2887 promontorium
624 2812 766 2892 Pyrenes.
821 2811 1002 2870 Antoninus
1028 2811 1061 2868 in
1087 2810 1194 2870 itiner.
1228 2830 1261 2890 p.
1286 2829 1328 2872 m.

276 2918 377 2990 ¹455.
407 2925 479 2971 ante
505 2909 663 2971 summum
695 2911 898 2990 Pyrenaeum
929 2910 1024 2970 habet
1053 2910 1275 2988 Pompeiorum
1301 2923 1331 2972 et

236 3031 239 3040 ⁴
295 3003 470 3098 Turiffam,
497 3033 577 3092 quae
599 3033 637 3074 au
662 3013 697 3073 fit
722 3013 859 3081 ituriiia.
891 3013 1097 3093 disceptatur,
1124 3012 1178 3072 vel
1198 3013 1331 3096 ambigi·

293 3123 345 3172 tur
366 3115 475 3172 avirie
493 3115 605 3176 doctior
658 3115 729 3174 Viri.
753 3113 932 3197 Weiieliug.
958 3115 996 3173 ad
1018 3134 1045 3174 c.
1069 3114 1092 3175 l.
1143 3104 1269 3202 Iturisa
1292 3127 1332 3174 ta·

291 3233 367 3273 meu
386 3215 417 3272 iu
436 3215 620 3276 Ptolemaeo
639 3231 670 3284 Ω,
689 3217 722 3278 6.
745 3236 842 3298 prope
861 3215 1096 3294 Pompeiouem
1115 3216 1260 3294 ponitur,
1285 3217 1332 3274 uti

290 3315 513 3397 aGeographo
529 3317 672 3377 Ravenn.
686 3326 718 3397 4.
735 3328 795 3395 43.
823 3315 876 3374 ubi
895 3319 1023 3396 quidem
1040 3307 1185 3404 Inturisa
1201 3315 1332 3388 vitiole;

291 3411 342 3476 sed
362 3418 394 3477 iu
415 3417 652 3478 mediterraneis
666 3417 771 3478 refert.
807 3421 855 3477 De
873 3416 1015 3478 Oeaione
1032 3419 1094 3478 iam
1112 3414 1180 3476 latis
1197 3417 1329 3488 dictum,

290 3515 506 3602 adprobatque
523 3519 626 3579 Merca
652 3521 690 3578 de
721 3520 823 3580 marca
841 3517 928 3598 Hiip.
949 3539 978 3588 1,
1004 3529 1054 3596 ¹4·
1074 3531 1107 3594 8.
1148 3519 1235 3578 Hinc
1254 3539 1330 3580 vero

290 3632 413 3699 praeter
438 3618 613 3681 Oeaionem
638 3622 720 3681 nihil
745 3623 821 3682 certi
851 3623 1002 3682 extricare
1027 3621 1118 3688 licet,
1153 3619 1330 3700 fluctusque

291 3733 468 3780 moventur
482 3719 611 3790 facilius,
635 3743 728 3802 quam
746 3737 996 3802 componuntur.
1026 3719 1153 3781 Deinde
1163 3715 1329 3810 Ituriffizm

290 3823 390 3886 nimie
404 3825 524 3884 recedit
542 3844 558 3885 a
576 3823 674 3892 libris,
697 3837 730 3885 ot
746 3825 879 3906 languet
900 3823 1020 3891 deiude,
1047 3823 1101 3884 etit
1120 3823 1194 3884 alias
1210 3823 1329 3882 decium

292 3925 346 3984 vel
371 3923 477 3984 dotum
503 3939 535 3985 et
560 3925 667 3985 fimilie
691 3945 728 3984 ex
753 3925 875 3984 drumm
902 3927 977 3984 oriri
1002 3925 1119 4004 potuit,
1151 3925 1329 4004 quodcum

291 4025 363 4086 cirin
386 4039 418 4085 et
444 4025 555 4086 deinde
577 4029 692 4088 mutari
717 4027 828 4087 multis
856 4027 1009 4106 exemplis
1034 4026 1146 4084 «locuit
1168 4025 1325 4086 Drakenb.

293 4127 333 4193 od
362 4128 435 4192 Liv.
462 4135 521 4214 40,
556 4131 677 4198 220iu.
700 4107 763 4195 alii}
825 4126 963 4195 Praestat
987 4127 1113 4198 locum.
1150 4147 1212 4212 qua
1236 4127 1328 4190 hodie
