2810 4944
325 459 386 542 460
623 455 870 515 toncourt
913 455 1073 512 nacae

325 633 489 722 provincia
524 629 727 698 Caesariensis
764 633 850 692 dicta
884 627 1008 701 suisset,
1046 649 1081 692 ac
1115 625 1251 712 proinde
1281 624 1352 684 duae

325 737 452 800 suissent
476 734 683 796 Mauritaniae
707 729 933 802 Caesarienses,
962 732 1050 813 quod
1074 729 1241 791 absurdum
1263 725 1353 788 existi·

326 859 424 902 mare.
474 837 536 900 Sed
552 849 587 895 ut
603 837 750 904 elisimus,
775 837 902 896 acetris
923 835 973 894 vel
991 833 1099 894 caetris
1118 833 1200 893 dicta
1222 828 1264 890 est
1285 830 1353 888 liar·

326 938 457 1026 anapia.
510 937 618 998 Graeci
640 937 726 998 enirn
755 936 946 996 vocabulum
973 935 1034 996 hoc
1056 953 1131 994 cum
1159 929 1351 1012 diphthongo

328 1043 523 1122 exprimunt.
566 1037 744 1118 Hesychius
763 1034 905 1122 lsnlrpot
928 1029 1019 1102 ὅπλα
1042 1028 1200 1122 'lslsypnm'⁸
1236 1031 1352 1092 Erravit

326 1155 434 1203 autern
462 1139 682 1207 Ptolemaeus,
719 1139 804 1220 quod
838 1140 938 1222 Tingi
964 1137 1138 1202 Cetreriam
1168 1155 1240 1198 curn
1261 1129 1351 1213 Tingi

326 1241 497 1323 metropoli
522 1237 712 1308 confuderit,
747 1259 782 1300 ac
805 1241 940 1321 proinde
962 1239 994 1299 in
1015 1237 1118 1301 Africa
1137 1239 1255 1302 locarit,
1286 1251 1351 1294 cum

327 1345 359 1405 in
384 1341 525 1424 opposita
546 1341 617 1402 steti
639 1361 691 1402 ora
713 1343 893 1402 collocanda
918 1339 1031 1402 suisset.
1083 1340 1168 1400 Huic
1188 1335 1350 1398 simillimas

327 1445 370 1507 est
391 1463 476 1505 error
490 1441 599 1510 Plinii,
622 1443 695 1524 {lib
715 1456 745 1518 5.
764 1437 832 1529 in]
857 1443 912 1524 qui
939 1441 1052 1524 Tingin
1079 1441 1108 1501 T
1105 1437 1269 1501 reductum
1289 1455 1350 1495 ean·

328 1547 403 1607 dem
424 1543 483 1606 elle
505 1545 657 1614 credidit,
684 1557 776 1624 atque
803 1543 910 1624 Tingis
933 1541 1136 1623 nretroposr's,·
1167 1542 1258 1624 plane
1278 1533 1347 1598 scst

328 1647 478 1736 uCetrnria
494 1659 526 1706 et
549 1645 709 1706 Traducta
723 1665 789 1706 non
805 1646 949 1707 coloniae
966 1647 1001 1706 in
1016 1645 1151 1714 Baetica,
1179 1640 1228 1704 sed
1245 1655 1348 1722 cogno·

326 1750 412 1810 mina
430 1747 544 1830 'Tingis
559 1748 592 1808 in
610 1746 798 1806 Mauritania
819 1745 957 1810 luissent.
1010 1745 1110 1809 Porro
1133 1745 1216 1827 qnod
1240 1740 1348 1802 dehoc

327 1851 446 1932 oppido
464 1849 541 1908 dicit
562 1849 702 1908 Plinius:
742 1847 845 1927 Tingi,
872 1847 1032 1930 parentelam
1054 1846 1095 1908 ab
1111 1851 1234 1909 Antaeo
1257 1838 1348 1902 condi·

328 1963 413 2020 tum,
446 1947 554 2042 ptfica
577 1971 596 2008 a
616 1947 753 2010 Clotrdt'o
774 1941 923 2040 Caesare,
959 1971 1028 2010 cnm
1050 1937 1345 2032 eohtniatnfnceret,

326 2051 519 2130 appellatum
543 2049 704 2116 Traducta
725 2049 820 2118 Iulia,
845 2052 877 2110 id
893 2052 1028 2113 minime
1045 2071 1159 2113 vetum
1175 2048 1232 2110 elle
1248 2040 1332 2126 potes
1338 2083 1345 2100 ·

326 2153 412 2216 Natu
433 2152 454 2212 st
475 2151 643 2214 aclaudio
666 2153 816 2218 deducta,
846 2172 943 2232 quare
966 2152 1053 2213 Iulia
1071 2152 1254 2234 appellatur,
1279 2161 1344 2225 quo·
1368 2131 1371 2140 ¹

325 2255 423 2316 ruodo
445 2254 513 2314 eius
539 2251 715 2314 meminisse
737 2251 839 2334 potell
861 2251 992 2325 Strabo,
1027 2253 1193 2336 quomodo
1221 2247 1298 2309 lllela
1316 2244 1345 2301 in

326 2375 360 2416 ea
383 2353 495 2425 nasci„
514 2354 568 2435 qni
593 2351 647 2412 suh
672 2355 807 2416 Claudio
830 2353 960 2418 floruit‘l
1011 2355 1107 2417 Liber
1133 2353 1237 2416 noller
1252 2333 1344 2407 'mann

326 2471 470 2518 exaratus
503 2457 597 2538 legit:
644 2453 752 2546 prfieu
785 2477 806 2515 a
836 2469 960 2517 centnm
992 2458 1229 2540 quinquaginta
1256 2445 1344 2510 naillt't

329 2553 473 2648 Cadme.
528 2557 653 2637 Nempe
675 2576 731 2636 pro
763 2556 812 2617 Cl.
838 2549 975 2648 Caesare
1002 2559 1179 2642 legendum
1204 2552 1244 2614 ell
1264 2550 1297 2612 (i.
1320 2547 1341 2606 l·

327 2651 474 2750 (jussere.
519 2655 635 2721 Pallnn
669 2660 702 2718 in
735 2656 991 2740 inscriptionibus
1019 2677 1142 2720 nomen
1178 2655 1251 2742 Ceji
1274 2641 1342 2710 Jnlii

329 2752 476 2850 Caesaris
496 2757 596 2820 tribus
610 2759 672 2820 illis
690 2759 788 2821 literis
808 2759 846 2822 O.
865 2763 889 2821 l.
905 2761 944 2824 C.
963 2762 1157 2822 continetur.
1188 2749 1340 2819 Allaesars

324 2867 429 2944 itaque
447 2861 531 2922 lulio
552 2863 684 2922 deducta
705 2860 748 2922 est
769 2861 845 2922 haec
867 2863 1001 2932 colonia,
1023 2864 1089 2944 qus,
1113 2861 1263 2941 quoniam
1282 2867 1340 2912 earn

325 2966 499 3047 adsignavit
520 2963 660 3024 caetratis
682 2963 840 3024 ulterioris
861 2961 1026 3044 Hispaniae
1047 2962 1248 3028 cohortibus.
1280 2970 1340 3034 qua·

325 3085 395 3124 rum
420 3063 483 3143 ipse
503 3067 652 3124 meminit
672 3061 727 3124 lib.
756 3085 784 3126 1.
811 3058 957 3150 [c.39.]
993 3065 1160 3133 Ciuilium,
1192 3049 1340 3144 cognomi·

323 3179 395 3227 nata
410 3165 453 3224 esl
468 3165 649 3227 Caetraria.
687 3163 905 3227 Caetrarienlis
926 3167 1023 3250 igitur
1038 3163 1099 3226 snit
1116 3165 1199 3226 Mela
1214 3159 1338 3222 natione,

324 3281 440 3349 genere
467 3283 544 3324 veto
569 3265 706 3326 Poenus.
742 3286 883 3328 vosstvs.
936 3269 973 3330 ln
1001 3281 1066 3328 tam
1100 3268 1206 3335 variis,
1231 3253 1338 3341 magnit

325 3367 494 3446 dubiisque
524 3362 686 3426 sententiis
713 3367 794 3426 nihil
824 3369 934 3449 putavi
958 3369 1161 3430 commodius
1182 3386 1198 3428 a
1219 3381 1270 3423 me
1290 3373 1338 3439 ΡΟ·

232 3508 235 3518 ·
324 3466 414 3528 tuille
444 3467 528 3534 sieri,
565 3485 661 3546 quam
690 3468 841 3530 exhibere
869 3467 1066 3551 scripturam,
1099 3489 1194 3551 quarn
1215 3477 1245 3526 et
1264 3469 1337 3520 tetr⁰

325 3569 410 3630 docti
431 3567 571 3648 plerique
593 3566 691 3628 teslati
710 3566 780 3630 sttnt
800 3571 835 3630 in
857 3568 976 3651 scriptis
992 3570 1220 3652 exemplaribus
1234 3555 1336 3625 haberi,

325 3684 358 3730 et
377 3668 440 3750 ipse
462 3670 558 3728 etiarn
573 3669 651 3738 vidi,
677 3689 755 3750 qnae
778 3671 821 3732 stt
838 3673 891 3732 vel
910 3671 1179 3752 Cingentsratum,
1204 3665 1253 3728 vel
1275 3659 1335 3720 Tin·

324 3783 535 3850 genter-otum,
561 3769 630 3842 vel,
659 3783 695 3830 ut
711 3773 839 3832 tandem
857 3793 896 3835 ex
911 3777 1036 3855 optimo
1054 3772 1108 3836 suo
1130 3771 1294 3856 producere
1310 3755 1335 3818 st

325 3871 450 3932 testatur'
470 3866 604 3951 Vossius,
635 3871 835 3952 Tingenterio
855 3879 932 3945 trans,
962 3875 1076 3956 quibus
1098 3871 1277 3936 accesserunt
1296 3861 1335 3920 in·

325 3971 420 4054 specti
436 3992 537 4054 nuper
554 3987 689 4053 quatuor
703 3973 827 4036 codices
843 3975 997 4048 Medicei,
1023 3977 1056 4038 in
1072 3977 1186 4038 iisdem
1201 3973 1335 4034 characte-

325 4074 412 4135 ribus
430 4073 491 4134 hoc
505 4075 661 4158 quidquid
682 4075 756 4136 latet
769 4076 966 4147 exhibentes,
990 4077 1047 4138 nist
1060 4078 1146 4159 quod
1160 4091 1238 4138 unns
1254 4063 1334 4127 babet

326 4177 449 4259 ingente
472 4189 586 4241 ratum.
636 4177 685 4242 Ex
709 4175 767 4239 hac
782 4191 890 4242 autem
905 4191 969 4242 tam
985 4181 1044 4244 fixa
1062 4179 1231 4243 earundem
1249 4171 1335 4232 tiren-
