2792 4940
379 331 467 388 Lm
496 331 534 388 is.
577 329 670 388 cu.
713 329 812 402 §.tn
1058 341 1115 404 251

70 502 216 569 cansam
242 507 328 590 parit
349 505 426 570 baec
449 521 515 570 tam
538 519 677 570 accurata
701 503 921 588 descriptioni·
947 503 1114 576 institutio.

70 623 103 668 ut
119 609 219 692 piane
240 626 314 670 nou
336 611 502 680 miremur.
531 607 729 676 Pintiauum‚
756 606 960 691 spectatorem
982 609 1116 670 amario-

71 730 133 770 rem
156 711 335 774 brevitatie
356 712 606 794 Pomponiana,
639 711 793 796 postrema
814 711 983 774 recidenda
1005 713 1115 772 cunu-
1351 736 1353 808 ι

70 810 158 884 risse,
192 831 303 894 quum
329 811 425 896 plene
445 811 497 874 iiia
518 815 743 874 contineantur
765 814 797 874 in
823 813 922 875 verbo
941 803 1113 900 perfoffies.
1352 824 1354 890 ι

72 913 125 975 Sed
147 927 183 974 et
207 913 351 976 monstri
378 915 499 996 aliquid
520 915 571 978 hia
593 913 709 977 subesse
738 915 857 976 docent
878 927 1000 976 veteres
1030 913 1112 984 iibri,

72 1013 287 1098 pneserentee
308 1011 410 1078 Athos
430 1017 484 1078 vel
500 1017 602 1079 Atinas
623 1035 681 1102 pro
696 1007 828 1106 fectus.
862 1037 886 1078 r.
903 1035 1109 1078 uanuoutva.

75 1115 250 1200 Quomodo
282 1131 390 1180 totum
417 1117 527 1179 iocum
555 1119 728 1203 legendum
757 1115 913 1180 censuerit
937 1119 962 1180 l.
986 1119 1110 1178 Grono-

72 1219 152 1291 τίω,
178 1219 302 1282 docuit
316 1233 393 1282 nota
415 1221 616 1302 praecedena.
670 1219 751 1284 Filio
769 1219 843 1282 telie
862 1219 1111 1300 Oudendorpiue

73 1319 106 1381 bc
130 1323 306 1384 voluerat:
346 1325 670 1404 traturrovigatnrque
696 1319 757 1416 ss.
789 1321 893 1384 Aelius
909 1311 1003 1411 freto
1024 1321 1113 1380 ttoni·

73 1420 159 1499 gubili
176 1425 328 1504 pervius.
380 1422 465 1488 Cum
488 1435 553 1486 tota
569 1425 705 1486 narratio
724 1423 833 1484 Athon
855 1421 989 1506 spectet.
1022 1421 1113 1484 cuiue

73 1526 157 1586 etiam
174 1545 308 1588 nomen
334 1525 367 1586 in
390 1527 459 1588 eiue
475 1523 581 1588 fronte
596 1525 789 1608 propositum
805 1523 865 1592 ut,
893 1525 973 1586 male
989 1523 1042 1584 bic
1064 1541 1111 1584 re·

74 1639 241 1688 curarant
261 1627 465 1690 obtrudatur.
504 1626 625 1688 Natum
640 1627 683 1690 eli
704 1625 789 1690 Atlio
804 1627 857 1688 vei
873 1626 972 1688 Atlurs
988 1643 1026 1686 ex
1044 1643 1111 1686 cor·

74 1741 153 1810 rupta
173 1748 266 1791 voce
286 1741 397 1798 actus.
421 1729 607 1811 adiuvitque
626 1749 764 1791 errorem
788 1725 891 1810 ipsum
911 1729 1032 1788 montis
1053 1745 1112 1787 no·

74 1847 154 1900 men,
183 1831 282 1912 quod
307 1828 423 1892 subesse
446 1843 602 1912 putarent.
656 1829 788 1892 Mollior
806 1831 937 1910 quidem
959 1823 1111 1890 habeatur

68 1917 195 2016 factm
229 1929 341 2014 potest
362 1945 467 1992 tamen
487 1947 520 1994 et
535 1933 575 1995 lic
592 1943 685 1994 actus
705 1931 845 2014 probari.
882 1929 962 1990 unt
984 1933 1111 2010 'invius

74 2029 186 2104 reseras.
212 2033 311 2096 unde
332 2033 386 2094 hic
406 2031 509 2096 sensua
530 2033 653 2106 extistit,
679 2047 827 2094 montem
845 2033 993 2116 pervium
1012 2028 1110 2094 lacere

77 2135 199 2216 agendo.
265 2133 359 2198 Cum
386 2145 494 2196 tamen
526 2137 622 2198 etiant
656 2135 780 2198 codicea
812 2125 934 2224 fuctus
964 2131 1111 2202 reserant,

77 2237 152 2313 quod
171 2237 204 2298 in
229 2235 300 2298 hoc
319 2253 406 2296 nexu
426 2237 469 2298 eli
485 2239 769 2302 accommodatior.
798 2249 831 2298 et
850 2229 889 2298 rit
905 2225 937 2326 s
954 2255 971 2296 a
990 2253 1113 2318 praece·

78 2336 193 2400 tentet
213 2335 381 2400 absorberi
402 2335 494 2400 sacile
517 2341 659 2420 potuerit
681 2339 714 2400 in
736 2337 816 2408 aliie,
846 2337 936 2398 noiui
951 2359 967 2400 r
984 2337 1111 2421 vulgate

80 2434 203 2502 lectione
227 2437 405 2502 discedere.
469 2441 518 2502 De
540 2441 708 2521 utrimque
736 2439 826 2502 verbi
853 2443 1109 2502 commutatione

81 2539 134 2602 rid.
153 2539 328 2604 Drakenb.
348 2541 386 2602 ad
409 2539 482 2603 Liv.
504 2541 537 2612 6,
564 2555 619 2618 ag.
643 2557 676 2604 a.
700 2555 732 2604 et
751 2561 831 2622 quor
849 2541 966 2604 iaudat.
1016 2543 1110 2604 Cete-

77 2621 152 2710 nni.
187 2645 247 2726 qui
271 2643 352 2703 haec
372 2642 468 2704 verba
491 2639 642 2726 superflua
667 2655 700 2704 et
722 2643 799 2704 hinc
823 2643 1008 2725 expellenda
1035 2661 1108 2704 cen·

77 2740 205 2816 luerunt,
233 2743 350 2807 offensi
367 2741 438 2804 sunt
454 2743 552 2808 verbo
567 2745 847 2826 transnavigans,
871 2745 911 2806 de
927 2763 991 2826 quo
1005 2759 1107 2808 anter.

76 2841 221 2908 Ceterum
239 2849 275 2906 in
295 2845 378 2908 cod.
393 2843 477 2927 Lips.
499 2843 566 2927 poll
584 2847 710 2926 pervius
725 2847 801 2907 haec
821 2847 855 2908 in
873 2843 939 2928 ipso
957 2855 1110 2908 contextu

76 2943 236 3030 leguntur:
279 2945 416 3038 Interest
439 2945 647 3028 longitudinis
668 2947 822 3010 LXXXV.
847 2937 1011 3036 poffiutm,
1037 2967 1108 3006 cum

78 3045 255 3111 latiurdim's
275 3039 352 3137 effit
372 3047 451 3118 MD,
477 3059 510 3108 al
532 3043 587 3138 fic
609 3049 717 3110 Atlrou
739 3067 802 3109 non
821 3037 930 3140 solnm
959 3061 1106 3120 montem,

73 3137 120 3236 [ed
145 3151 234 3212 nari
263 3149 404 3232 undique
428 3149 627 3212 transductis
657 3149 797 3232 nauigiis
826 3139 942 3240 Xerses
971 3141 1107 3242 insulam

78 3247 270 3334 derelinquit.
331 3250 395 3314 Sed
422 3269 490 3312 non
510 3247 611 3312 solum
637 3251 670 3312 in
695 3267 830 3334 utroque
853 3253 995 3336 margine
1015 3253 1108 3316 lineir

78 3351 168 3416 rubria
182 3351 335 3415 diiiincta
347 3363 436 3414 erant
454 3351 532 3414 baec
548 3351 661 3424 verbe,
689 3351 739 3414 sed
755 3367 787 3414 et
808 3355 841 3414 iu
863 3351 980 3414 sinistro
996 3355 1107 3414 eadem

80 3451 183 3516 librarii
203 3473 325 3518 manue
343 3451 560 3536 adscripseratt
587 3453 653 3516 Hic
669 3473 732 3516 non
746 3453 875 3514 videtur
893 3465 1002 3514 textus
1020 3473 1107 3534 pom·

82 3559 154 3630 nni.
193 3557 312 3620 Recte.
355 3553 467 3618 Esiicta
486 3555 614 3616 videtur
634 3555 710 3616 baec
730 3555 841 3616 lacinia
857 3557 970 3638 partim
991 3575 1028 3616 ex
1045 3553 1108 3618 Pli-

38 3629 40 3708 l
84 3657 177 3739 nio4,
204 3673 264 3736 17.
290 3654 313 3719 s.
342 3675 398 3720 to.
432 3675 494 3738 qua
517 3675 671 3720 numeros
693 3657 836 3738 quidem.
900 3653 974 3718 Posi
1001 3673 1107 3718 tamen

85 3756 179 3822 inveni
195 3759 315 3821 eadem
332 3757 427 3820 verba
446 3759 480 3819 in
495 3756 644 3820 Boccatio
663 3757 703 3820 de
718 3757 885 3820 muntibut
902 3755 922 3820 s.
938 3778 971 3819 r.
991 3757 1110 3831 Athon

87 3867 193 3923 tanturn
211 3861 332 3924 LXXX
352 3873 386 3920 et
400 3859 580 3942 dereliquit,
605 3878 644 3922 ex
660 3877 727 3940 quo
743 3859 862 3943 conligi
877 3857 985 3941 potest.
1013 3861 1107 3921 etiarn

89 3955 277 4035 locarium,
320 3963 374 4044 qui
399 3961 500 4024 muita
519 3981 558 4024 ex
581 3959 665 4024 Mela
686 3973 719 4024 et
740 3961 792 4022 hic
820 3973 852 4022 et
882 3961 955 4022 nitu
979 3961 1111 4024 mutatio

90 4065 212 4138 uultum
233 4063 343 4130 verbis
364 4060 527 4138 tranasert,
560 4063 673 4128 eadem
697 4064 731 4128 in
754 4059 810 4127 luo
831 4063 941 4128 codice
963 4059 1112 4136 habuisse.
