<?xml version="1.0" encoding="UTF-8"?>
<!DOCTYPE html PUBLIC "-//W3C//DTD XHTML 1.0 Transitional//EN"
    "http://www.w3.org/TR/xhtml1/DTD/xhtml1-transitional.dtd">
<html xmlns="http://www.w3.org/1999/xhtml" xml:lang="en" lang="en">
 <head>
  <title>
</title>
<meta http-equiv="Content-Type" content="text/html;charset=utf-8" />
  <meta name='ocr-system' content='tesseract 3.04.00' />
  <meta name='ocr-capabilities' content='ocr_page ocr_carea ocr_par ocr_line ocrx_word'/>
</head>
<body>
  <div class='ocr_page' id='page_1' title='image "./pomponiimelaede05melagoog_0279.png"; bbox 0 0 2752 4944; ppageno 0'>
   <div class='ocr_carea' id='block_1_1' title="bbox 307 447 1083 520">
    <p class='ocr_par' dir='ltr' id='par_1_1' title="bbox 307 447 1083 520">
     <span class='ocr_line' id='line_1_1' title="bbox 307 447 1083 520; baseline 0.001 -13"><span class='ocrx_word' id='word_1_1' title='bbox 307 449 396 507; x_wconf 77' lang='grc' dir='ltr'>ΗΒ.</span> <span class='ocrx_word' id='word_1_2' title='bbox 425 451 461 506; x_wconf 86' lang='lat' dir='ltr'>tt.</span> <span class='ocrx_word' id='word_1_3' title='bbox 504 447 610 508; x_wconf 68' lang='lat' dir='ltr'>ant.</span> <span class='ocrx_word' id='word_1_4' title='bbox 653 447 752 520; x_wconf 72' lang='lat' dir='ltr'>§.au</span> <span class='ocrx_word' id='word_1_5' title='bbox 777 461 824 506; x_wconf 73' lang='lat' dir='ltr'>ra.</span> <span class='ocrx_word' id='word_1_6' title='bbox 1023 459 1083 520; x_wconf 71' lang='lat'>271</span> 
     </span>
    </p>
   </div>
   <div class='ocr_carea' id='block_1_2' title="bbox 59 620 1088 1822">
    <p class='ocr_par' dir='ltr' id='par_1_2' title="bbox 0 620 1088 1822">
     <span class='ocr_line' id='line_1_2' title="bbox 59 620 1084 710; baseline 0.013 -31"><span class='ocrx_word' id='word_1_7' title='bbox 59 620 166 684; x_wconf 85' lang='lat' dir='ltr'>auxilio</span> <span class='ocrx_word' id='word_1_8' title='bbox 185 637 295 688; x_wconf 87' lang='lat' dir='ltr'>contra</span> <span class='ocrx_word' id='word_1_9' title='bbox 310 624 497 689; x_wconf 75' lang='lat' dir='ltr'>Corinthios</span> <span class='ocrx_word' id='word_1_10' title='bbox 515 635 642 709; x_wconf 83' lang='lat' dir='ltr'>negato,</span> <span class='ocrx_word' id='word_1_11' title='bbox 665 621 857 698; x_wconf 83' lang='lat' dir='ltr'>deiecissent,</span> <span class='ocrx_word' id='word_1_12' title='bbox 883 623 1084 710; x_wconf 80' lang='lat' dir='ltr'>expugnasse.</span> 
     </span>
     <span class='ocr_line' id='line_1_3' title="bbox 59 723 1086 812; baseline 0.011 -32"><span class='ocrx_word' id='word_1_13' title='bbox 59 723 112 782; x_wconf 80' lang='lat' dir='ltr'>Sed</span> <span class='ocrx_word' id='word_1_14' title='bbox 125 744 164 784; x_wconf 86' lang='lat' dir='ltr'>an</span> <span class='ocrx_word' id='word_1_15' title='bbox 180 725 256 788; x_wconf 89' lang='lat' dir='ltr'>inde</span> <span class='ocrx_word' id='word_1_16' title='bbox 272 728 464 807; x_wconf 73' lang='lat' dir='ltr'>Corcyraeis,</span> <span class='ocrx_word' id='word_1_17' title='bbox 491 729 594 788; x_wconf 85' lang='lat' dir='ltr'>immo</span> <span class='ocrx_word' id='word_1_18' title='bbox 610 727 802 789; x_wconf 72' lang='lat' dir='ltr'>Phaeacibus</span> <span class='ocrx_word' id='word_1_19' title='bbox 826 725 911 790; x_wconf 82' lang='lat' dir='ltr'>sedec</span> <span class='ocrx_word' id='word_1_20' title='bbox 931 729 1086 812; x_wconf 78' lang='lat' dir='ltr'>adsignari</span> 
     </span>
     <span class='ocr_line' id='line_1_4' title="bbox 59 824 1086 912; baseline 0.012 -32"><span class='ocrx_word' id='word_1_21' title='bbox 59 825 87 882; x_wconf 87' lang='lat' dir='ltr'>iu</span> <span class='ocrx_word' id='word_1_22' title='bbox 111 825 171 886; x_wconf 88' lang='lat' dir='ltr'>hoc</span> <span class='ocrx_word' id='word_1_23' title='bbox 192 840 294 890; x_wconf 88' lang='lat' dir='ltr'>tractu</span> <span class='ocrx_word' id='word_1_24' title='bbox 315 824 427 911; x_wconf 83' lang='lat' dir='ltr'>pofftt,</span> <span class='ocrx_word' id='word_1_25' title='bbox 459 829 584 890; x_wconf 88' lang='lat' dir='ltr'>dubito.</span> <span class='ocrx_word' id='word_1_26' title='bbox 638 829 736 910; x_wconf 84' lang='lat' dir='ltr'>Quod</span> <span class='ocrx_word' id='word_1_27' title='bbox 758 829 798 890; x_wconf 89' lang='lat' dir='ltr'>de</span> <span class='ocrx_word' id='word_1_28' title='bbox 822 829 967 912; x_wconf 82' lang='lat' dir='ltr'>dppiauo</span> <span class='ocrx_word' id='word_1_29' title='bbox 987 827 1086 892; x_wconf 78' lang='lat' dir='ltr'>refert</span> 
     </span>
     <span class='ocr_line' id='line_1_5' title="bbox 59 926 1086 1010; baseline 0.009 -27"><span class='ocrx_word' id='word_1_30' title='bbox 59 926 227 998; x_wconf 82' lang='lat' dir='ltr'>l&#39;iutiauue,</span> <span class='ocrx_word' id='word_1_31' title='bbox 253 931 308 991; x_wconf 89' lang='lat' dir='ltr'>ille</span> <span class='ocrx_word' id='word_1_32' title='bbox 325 951 352 994; x_wconf 86' lang='lat' dir='ltr'>c.</span> <span class='ocrx_word' id='word_1_33' title='bbox 370 932 391 992; x_wconf 94' lang='lat' dir='ltr'>l.</span> <span class='ocrx_word' id='word_1_34' title='bbox 414 943 538 992; x_wconf 89' lang='lat' dir='ltr'>tautum</span> <span class='ocrx_word' id='word_1_35' title='bbox 554 943 666 1000; x_wconf 87' lang='lat' dir='ltr'>narrat,</span> <span class='ocrx_word' id='word_1_36' title='bbox 690 931 956 1010; x_wconf 85' lang='lat' dir='ltr'>Dyrrhachiuoaa</span> <span class='ocrx_word' id='word_1_37' title='bbox 973 931 1086 992; x_wconf 85' lang='lat' dir='ltr'>Libur-</span> 
     </span>
     <span class='ocr_line' id='line_1_6' title="bbox 59 1026 1086 1112; baseline 0.011 -27"><span class='ocrx_word' id='word_1_38' title='bbox 59 1029 102 1088; x_wconf 79' lang='lat' dir='ltr'>uir</span> <span class='ocrx_word' id='word_1_39' title='bbox 118 1029 265 1111; x_wconf 74' lang='lat' dir='ltr'>expulsor</span> <span class='ocrx_word' id='word_1_40' title='bbox 282 1029 404 1094; x_wconf 77' lang='lat' dir='ltr'>adscitis</span> <span class='ocrx_word' id='word_1_41' title='bbox 420 1032 603 1112; x_wconf 87' lang='lat' dir='ltr'>Corcyraeir</span> <span class='ocrx_word' id='word_1_42' title='bbox 625 1031 693 1092; x_wconf 79' lang='lat' dir='ltr'>iiior</span> <span class='ocrx_word' id='word_1_43' title='bbox 712 1026 847 1092; x_wconf 83' lang='lat' dir='ltr'>viciffim</span> <span class='ocrx_word' id='word_1_44' title='bbox 862 1031 994 1104; x_wconf 83' lang='lat' dir='ltr'>eiecisse,</span> <span class='ocrx_word' id='word_1_45' title='bbox 1021 1033 1086 1096; x_wconf 90' lang='lat' dir='ltr'>hia·</span> 
     </span>
     <span class='ocr_line' id='line_1_7' title="bbox 59 1129 1085 1218; baseline 0.009 -30"><span class='ocrx_word' id='word_1_46' title='bbox 59 1147 110 1206; x_wconf 83' lang='lat' dir='ltr'>que</span> <span class='ocrx_word' id='word_1_47' title='bbox 125 1129 378 1212; x_wconf 87' lang='lat' dir='ltr'>Corcyraeorum</span> <span class='ocrx_word' id='word_1_48' title='bbox 393 1135 525 1195; x_wconf 87' lang='lat' dir='ltr'>colouoa</span> <span class='ocrx_word' id='word_1_49' title='bbox 540 1131 629 1194; x_wconf 84' lang='lat' dir='ltr'>suiffe</span> <span class='ocrx_word' id='word_1_50' title='bbox 646 1133 815 1196; x_wconf 82' lang='lat' dir='ltr'>admixtoa.</span> <span class='ocrx_word' id='word_1_51' title='bbox 860 1133 923 1196; x_wconf 89' lang='lat' dir='ltr'>Pro</span> <span class='ocrx_word' id='word_1_52' title='bbox 941 1131 1085 1218; x_wconf 73' lang='lat' dir='ltr'>Phryge·</span> 
     </span>
     <span class='ocr_line' id='line_1_8' title="bbox 59 1233 1086 1318; baseline 0.012 -32"><span class='ocrx_word' id='word_1_53' title='bbox 59 1243 151 1292; x_wconf 87' lang='lat' dir='ltr'>autern</span> <span class='ocrx_word' id='word_1_54' title='bbox 183 1233 233 1293; x_wconf 88' lang='lat' dir='ltr'>ibi</span> <span class='ocrx_word' id='word_1_55' title='bbox 265 1233 577 1318; x_wconf 82' lang='lat' dir='ltr'>Schweighaeuserue</span> <span class='ocrx_word' id='word_1_56' title='bbox 601 1255 641 1296; x_wconf 85' lang='lat' dir='ltr'>ex</span> <span class='ocrx_word' id='word_1_57' title='bbox 674 1233 780 1298; x_wconf 90' lang='lat' dir='ltr'>Codd.</span> <span class='ocrx_word' id='word_1_58' title='bbox 809 1235 969 1316; x_wconf 84' lang='lat' dir='ltr'>aliquibue</span> <span class='ocrx_word' id='word_1_59' title='bbox 995 1237 1086 1298; x_wconf 87' lang='lat' dir='ltr'>dedit</span> 
     </span>
     <span class='ocr_line' id='line_1_9' title="bbox 59 1329 1088 1420; baseline 0.006 -28.62"><span class='ocrx_word' id='word_1_60' title='bbox 59 1329 185 1418; x_wconf 70' lang='grc' dir='ltr'><strong><em>Βρίγας,</em></strong></span> <span class='ocrx_word' id='word_1_61' title='bbox 212 1337 270 1416; x_wconf 88' lang='lat' dir='ltr'>qui</span> <span class='ocrx_word' id='word_1_62' title='bbox 295 1335 363 1417; x_wconf 81' lang='lat' dir='ltr'>post</span> <span class='ocrx_word' id='word_1_63' title='bbox 379 1341 530 1407; x_wconf 86' lang='lat' dir='ltr'>demunt,</span> <span class='ocrx_word' id='word_1_64' title='bbox 556 1355 629 1396; x_wconf 84' lang='lat' dir='ltr'>cunt</span> <span class='ocrx_word' id='word_1_65' title='bbox 645 1337 679 1396; x_wconf 87' lang='lat' dir='ltr'>iu</span> <span class='ocrx_word' id='word_1_66' title='bbox 699 1335 800 1398; x_wconf 77' lang='lat' dir='ltr'>Adam</span> <span class='ocrx_word' id='word_1_67' title='bbox 819 1335 1009 1420; x_wconf 78' lang='lat' dir='ltr'>migrassent,</span> <span class='ocrx_word' id='word_1_68' title='bbox 1036 1337 1088 1398; x_wconf 85' lang='lat' dir='ltr'>ad·</span> 
     </span>
     <span class='ocr_line' id='line_1_10' title="bbox 60 1435 1086 1522; baseline 0.012 -30"><span class='ocrx_word' id='word_1_69' title='bbox 60 1435 154 1512; x_wconf 86' lang='lat' dir='ltr'>pellati</span> <span class='ocrx_word' id='word_1_70' title='bbox 169 1435 247 1496; x_wconf 87' lang='lat' dir='ltr'>sunt</span> <span class='ocrx_word' id='word_1_71' title='bbox 263 1437 414 1522; x_wconf 70' lang='lat' dir='ltr'>Phryges.</span> <span class='ocrx_word' id='word_1_72' title='bbox 461 1439 533 1502; x_wconf 88' lang='lat' dir='ltr'>Vid.</span> <span class='ocrx_word' id='word_1_73' title='bbox 551 1437 705 1500; x_wconf 82' lang='lat' dir='ltr'>Herodot.</span> <span class='ocrx_word' id='word_1_74' title='bbox 724 1453 756 1516; x_wconf 87' lang='lat'>7,</span> <span class='ocrx_word' id='word_1_75' title='bbox 782 1451 840 1517; x_wconf 80' lang='lat'>73.</span> <span class='ocrx_word' id='word_1_76' title='bbox 862 1451 982 1519; x_wconf 89' lang='lat' dir='ltr'>praeter</span> <span class='ocrx_word' id='word_1_77' title='bbox 996 1439 1086 1504; x_wconf 79' lang='lat' dir='ltr'>dior.</span> 
     </span>
     <span class='ocr_line' id='line_1_11' title="bbox 61 1532 1087 1620; baseline 0.011 -28"><span class='ocrx_word' id='word_1_78' title='bbox 61 1532 183 1598; x_wconf 76' lang='lat' dir='ltr'>Obscura</span> <span class='ocrx_word' id='word_1_79' title='bbox 201 1535 365 1610; x_wconf 74' lang='lat' dir='ltr'>ostiam,</span> <span class='ocrx_word' id='word_1_80' title='bbox 391 1559 483 1620; x_wconf 89' lang='lat' dir='ltr'>quarn</span> <span class='ocrx_word' id='word_1_81' title='bbox 502 1537 623 1600; x_wconf 79' lang='lat' dir='ltr'>secutur</span> <span class='ocrx_word' id='word_1_82' title='bbox 644 1537 696 1600; x_wconf 89' lang='lat' dir='ltr'>hic</span> <span class='ocrx_word' id='word_1_83' title='bbox 712 1537 771 1601; x_wconf 82' lang='lat' dir='ltr'>eise</span> <span class='ocrx_word' id='word_1_84' title='bbox 790 1539 873 1600; x_wconf 85' lang='lat' dir='ltr'>Mela</span> <span class='ocrx_word' id='word_1_85' title='bbox 899 1541 1027 1601; x_wconf 84' lang='lat' dir='ltr'>videtur</span> <span class='ocrx_word' id='word_1_86' title='bbox 1046 1541 1087 1604; x_wconf 84' lang='lat' dir='ltr'>de</span> 
     </span>
     <span class='ocr_line' id='line_1_12' title="bbox 60 1633 1085 1722; baseline 0.011 -29"><span class='ocrx_word' id='word_1_87' title='bbox 60 1633 229 1699; x_wconf 86' lang='lat' dir='ltr'>Phaeacum</span> <span class='ocrx_word' id='word_1_88' title='bbox 252 1641 286 1700; x_wconf 91' lang='lat' dir='ltr'>irt</span> <span class='ocrx_word' id='word_1_89' title='bbox 303 1641 363 1702; x_wconf 89' lang='lat' dir='ltr'>hoc</span> <span class='ocrx_word' id='word_1_90' title='bbox 385 1659 438 1700; x_wconf 90' lang='lat' dir='ltr'>ora</span> <span class='ocrx_word' id='word_1_91' title='bbox 455 1637 588 1702; x_wconf 72' lang='lat' dir='ltr'>sedibus.</span> <span class='ocrx_word' id='word_1_92' title='bbox 639 1639 736 1722; x_wconf 85' lang='lat' dir='ltr'>Quod</span> <span class='ocrx_word' id='word_1_93' title='bbox 758 1661 796 1702; x_wconf 85' lang='lat' dir='ltr'>ex</span> <span class='ocrx_word' id='word_1_94' title='bbox 816 1641 958 1702; x_wconf 81' lang='lat' dir='ltr'>Homero</span> <span class='ocrx_word' id='word_1_95' title='bbox 975 1641 1085 1722; x_wconf 81' lang='lat' dir='ltr'>odyff.</span> 
     </span>
     <span class='ocr_line' id='line_1_13' title="bbox 62 1737 1086 1822; baseline 0.008 -26"><span class='ocrx_word' id='word_1_96' title='bbox 62 1737 87 1804; x_wconf 77' lang='grc'>6,</span> <span class='ocrx_word' id='word_1_97' title='bbox 109 1753 236 1818; x_wconf 77' lang='lat'>2—8.</span> <span class='ocrx_word' id='word_1_98' title='bbox 263 1739 407 1812; x_wconf 83' lang='lat' dir='ltr'>discitur,</span> <span class='ocrx_word' id='word_1_99' title='bbox 439 1743 545 1802; x_wconf 84' lang='lat' dir='ltr'>relicta</span> <span class='ocrx_word' id='word_1_100' title='bbox 575 1741 737 1822; x_wconf 79' lang='lat' dir='ltr'>Hyperea.</span> <span class='ocrx_word' id='word_1_101' title='bbox 772 1743 897 1804; x_wconf 79' lang='lat' dir='ltr'>Siciliae</span> <span class='ocrx_word' id='word_1_102' title='bbox 921 1742 1015 1812; x_wconf 85' lang='lat' dir='ltr'>urbe,</span> <span class='ocrx_word' id='word_1_103' title='bbox 1043 1742 1086 1806; x_wconf 87' lang='lat' dir='ltr'>ob</span> 
     </span>
    </p>
   </div>
   <div class='ocr_carea' id='block_1_3' title="bbox 59 1837 1186 1926">
    <p class='ocr_par' dir='ltr' id='par_1_3' title="bbox 59 1837 1186 1926">
     <span class='ocr_line' id='line_1_14' title="bbox 59 1837 1186 1926; baseline 0.008 -30"><span class='ocrx_word' id='word_1_104' title='bbox 59 1837 192 1902; x_wconf 85' lang='lat' dir='ltr'>iniuriam</span> <span class='ocrx_word' id='word_1_105' title='bbox 234 1863 251 1902; x_wconf 89' lang='lat' dir='ltr'>a</span> <span class='ocrx_word' id='word_1_106' title='bbox 284 1841 478 1926; x_wconf 84' lang='lat' dir='ltr'>Cyclopibur</span> <span class='ocrx_word' id='word_1_107' title='bbox 513 1843 661 1912; x_wconf 82' lang='lat' dir='ltr'>inlatam,</span> <span class='ocrx_word' id='word_1_108' title='bbox 704 1843 863 1904; x_wconf 88' lang='lat' dir='ltr'>Scheriaru</span> <span class='ocrx_word' id='word_1_109' title='bbox 900 1845 1087 1926; x_wconf 83' lang='lat' dir='ltr'>migrarunt,</span> <span class='ocrx_word' id='word_1_110' title='bbox 1183 1903 1186 1918; x_wconf 73' lang='grc'>,</span> 
     </span>
    </p>
   </div>
   <div class='ocr_carea' id='block_1_4' title="bbox 59 1941 1088 2128">
    <p class='ocr_par' dir='ltr' id='par_1_4' title="bbox 59 1941 1088 2128">
     <span class='ocr_line' id='line_1_15' title="bbox 59 1941 1088 2026; baseline 0.013 -30"><span class='ocrx_word' id='word_1_111' title='bbox 59 1959 139 2018; x_wconf 82' lang='lat' dir='ltr'>quam</span> <span class='ocrx_word' id='word_1_112' title='bbox 169 1943 348 2022; x_wconf 82' lang='lat' dir='ltr'>Corcyram</span> <span class='ocrx_word' id='word_1_113' title='bbox 374 1943 441 2026; x_wconf 83' lang='lat' dir='ltr'>posi</span> <span class='ocrx_word' id='word_1_114' title='bbox 471 1959 615 2005; x_wconf 83' lang='lat' dir='ltr'>vocatam</span> <span class='ocrx_word' id='word_1_115' title='bbox 645 1941 705 2004; x_wconf 82' lang='lat' dir='ltr'>eise</span> <span class='ocrx_word' id='word_1_116' title='bbox 735 1959 879 2006; x_wconf 75' lang='lat' dir='ltr'>auctores</span> <span class='ocrx_word' id='word_1_117' title='bbox 910 1945 1088 2010; x_wconf 81' lang='lat' dir='ltr'>adfirmant.</span> 
     </span>
     <span class='ocr_line' id='line_1_16' title="bbox 60 2043 1088 2128; baseline 0.01 -28"><span class='ocrx_word' id='word_1_118' title='bbox 60 2043 184 2106; x_wconf 68' lang='lat' dir='ltr'>Colchos</span> <span class='ocrx_word' id='word_1_119' title='bbox 206 2046 368 2127; x_wconf 80' lang='lat' dir='ltr'>quosdam</span> <span class='ocrx_word' id='word_1_120' title='bbox 390 2047 644 2128; x_wconf 77' lang='lat' dir='ltr'>Argonautarum</span> <span class='ocrx_word' id='word_1_121' title='bbox 662 2057 807 2127; x_wconf 87' lang='lat' dir='ltr'>tempore</span> <span class='ocrx_word' id='word_1_122' title='bbox 823 2047 908 2128; x_wconf 89' lang='lat' dir='ltr'>apud</span> <span class='ocrx_word' id='word_1_123' title='bbox 935 2047 1088 2110; x_wconf 83' lang='lat' dir='ltr'>Phaeacaa</span> 
     </span>
    </p>
   </div>
   <div class='ocr_carea' id='block_1_5' title="bbox 59 2143 1089 2430">
    <p class='ocr_par' dir='ltr' id='par_1_5' title="bbox 59 2143 1089 2430">
     <span class='ocr_line' id='line_1_17' title="bbox 59 2143 1089 2230; baseline 0.01 -30"><span class='ocrx_word' id='word_1_124' title='bbox 59 2143 217 2208; x_wconf 80' lang='lat' dir='ltr'>consedisse</span> <span class='ocrx_word' id='word_1_125' title='bbox 246 2147 341 2206; x_wconf 88' lang='lat' dir='ltr'>tradit</span> <span class='ocrx_word' id='word_1_126' title='bbox 364 2147 512 2227; x_wconf 80' lang='lat' dir='ltr'>Apollon.</span> <span class='ocrx_word' id='word_1_127' title='bbox 534 2145 642 2208; x_wconf 86' lang='lat' dir='ltr'>iihod.</span> <span class='ocrx_word' id='word_1_128' title='bbox 662 2158 696 2225; x_wconf 67' lang='lat'>4,</span> <span class='ocrx_word' id='word_1_129' title='bbox 726 2165 831 2224; x_wconf 80' lang='lat'>²2⁰9·</span> <span class='ocrx_word' id='word_1_130' title='bbox 868 2143 919 2209; x_wconf 83' lang='lat' dir='ltr'>Ci.</span> <span class='ocrx_word' id='word_1_131' title='bbox 936 2161 968 2210; x_wconf 91' lang='lat' dir='ltr'>et</span> <span class='ocrx_word' id='word_1_132' title='bbox 994 2149 1089 2230; x_wconf 80' lang='lat' dir='ltr'>Apol·</span> 
     </span>
     <span class='ocr_line' id='line_1_18' title="bbox 59 2243 1088 2329; baseline 0.013 -29"><span class='ocrx_word' id='word_1_133' title='bbox 59 2243 147 2308; x_wconf 87' lang='lat' dir='ltr'>lodor.</span> <span class='ocrx_word' id='word_1_134' title='bbox 171 2269 200 2316; x_wconf 82' lang='lat' dir='ltr'>t,</span> <span class='ocrx_word' id='word_1_135' title='bbox 219 2265 259 2326; x_wconf 82' lang='lat'>9.</span> <span class='ocrx_word' id='word_1_136' title='bbox 281 2261 335 2324; x_wconf 72' lang='lat'>25.</span> <span class='ocrx_word' id='word_1_137' title='bbox 374 2246 500 2308; x_wconf 81' lang='lat' dir='ltr'>Postero</span> <span class='ocrx_word' id='word_1_138' title='bbox 515 2261 659 2329; x_wconf 86' lang='lat' dir='ltr'>tempore</span> <span class='ocrx_word' id='word_1_139' title='bbox 674 2247 853 2326; x_wconf 82' lang='lat' dir='ltr'>Corcyraei.</span> <span class='ocrx_word' id='word_1_140' title='bbox 879 2250 966 2328; x_wconf 85' lang='lat' dir='ltr'>quod</span> <span class='ocrx_word' id='word_1_141' title='bbox 985 2247 1088 2322; x_wconf 76' lang='lat' dir='ltr'>sciam,</span> 
     </span>
     <span class='ocr_line' id='line_1_19' title="bbox 59 2340 1089 2430; baseline 0.011 -28"><span class='ocrx_word' id='word_1_142' title='bbox 59 2340 105 2406; x_wconf 85' lang='lat' dir='ltr'>soii</span> <span class='ocrx_word' id='word_1_143' title='bbox 124 2363 316 2418; x_wconf 85' lang='lat' dir='ltr'>occurrunt,</span> <span class='ocrx_word' id='word_1_144' title='bbox 348 2349 500 2410; x_wconf 84' lang='lat' dir='ltr'>l&#39;haeacea</span> <span class='ocrx_word' id='word_1_145' title='bbox 521 2369 695 2430; x_wconf 81' lang='lat' dir='ltr'>nusquam,</span> <span class='ocrx_word' id='word_1_146' title='bbox 722 2349 827 2410; x_wconf 84' lang='lat' dir='ltr'>multo</span> <span class='ocrx_word' id='word_1_147' title='bbox 843 2351 951 2412; x_wconf 86' lang='lat' dir='ltr'>mittut</span> <span class='ocrx_word' id='word_1_148' title='bbox 974 2352 1008 2412; x_wconf 89' lang='lat' dir='ltr'>io</span> <span class='ocrx_word' id='word_1_149' title='bbox 1031 2355 1089 2414; x_wconf 87' lang='lat' dir='ltr'>hac</span> 
     </span>
    </p>
   </div>
   <div class='ocr_carea' id='block_1_6' title="bbox 58 2447 1091 3041">
    <p class='ocr_par' dir='ltr' id='par_1_6' title="bbox 58 2447 1091 3041">
     <span class='ocr_line' id='line_1_20' title="bbox 61 2447 1089 2535; baseline 0.007 -29"><span class='ocrx_word' id='word_1_150' title='bbox 61 2465 112 2510; x_wconf 88' lang='lat' dir='ltr'>ora.</span> <span class='ocrx_word' id='word_1_151' title='bbox 144 2449 295 2512; x_wconf 84' lang='lat' dir='ltr'>Orteiiua</span> <span class='ocrx_word' id='word_1_152' title='bbox 309 2452 342 2510; x_wconf 89' lang='lat' dir='ltr'>iu</span> <span class='ocrx_word' id='word_1_153' title='bbox 360 2447 436 2512; x_wconf 88' lang='lat' dir='ltr'>thes.</span> <span class='ocrx_word' id='word_1_154' title='bbox 452 2449 570 2535; x_wconf 78' lang='lat' dir='ltr'>Geogr.</span> <span class='ocrx_word' id='word_1_155' title='bbox 589 2451 620 2512; x_wconf 90' lang='lat' dir='ltr'>h.</span> <span class='ocrx_word' id='word_1_156' title='bbox 639 2471 672 2512; x_wconf 82' lang='lat' dir='ltr'>v.</span> <span class='ocrx_word' id='word_1_157' title='bbox 695 2449 751 2510; x_wconf 91' lang='lat' dir='ltr'>ubi</span> <span class='ocrx_word' id='word_1_158' title='bbox 768 2451 949 2532; x_wconf 86' lang='lat' dir='ltr'>Pomponio</span> <span class='ocrx_word' id='word_1_159' title='bbox 965 2453 1089 2532; x_wconf 84' lang='lat' dir='ltr'>illyriae</span> 
     </span>
     <span class='ocr_line' id='line_1_21' title="bbox 61 2547 1090 2633; baseline 0.006 -23"><span class='ocrx_word' id='word_1_160' title='bbox 61 2566 176 2631; x_wconf 79' lang='lat' dir='ltr'>gentem</span> <span class='ocrx_word' id='word_1_161' title='bbox 193 2550 260 2614; x_wconf 80' lang='lat' dir='ltr'>effe</span> <span class='ocrx_word' id='word_1_162' title='bbox 278 2564 382 2622; x_wconf 87' lang='lat' dir='ltr'>notat,</span> <span class='ocrx_word' id='word_1_163' title='bbox 414 2551 446 2610; x_wconf 88' lang='lat' dir='ltr'>in</span> <span class='ocrx_word' id='word_1_164' title='bbox 463 2552 602 2630; x_wconf 81' lang='lat' dir='ltr'>Corcyra</span> <span class='ocrx_word' id='word_1_165' title='bbox 621 2547 705 2612; x_wconf 89' lang='lat' dir='ltr'>iorte</span> <span class='ocrx_word' id='word_1_166' title='bbox 725 2553 894 2633; x_wconf 74' lang='lat' dir='ltr'>ponendo·</span> <span class='ocrx_word' id='word_1_167' title='bbox 910 2553 1015 2624; x_wconf 82' lang='lat' dir='ltr'>addit,</span> <span class='ocrx_word' id='word_1_168' title='bbox 1049 2555 1090 2616; x_wconf 86' lang='lat' dir='ltr'>sic</span> 
     </span>
     <span class='ocr_line' id='line_1_22' title="bbox 60 2651 1091 2738; baseline 0.009 -32"><span class='ocrx_word' id='word_1_169' title='bbox 60 2655 176 2728; x_wconf 88' lang='lat' dir='ltr'>quidem</span> <span class='ocrx_word' id='word_1_170' title='bbox 200 2673 275 2716; x_wconf 88' lang='lat' dir='ltr'>nort</span> <span class='ocrx_word' id='word_1_171' title='bbox 300 2655 364 2716; x_wconf 87' lang='lat' dir='ltr'>fine</span> <span class='ocrx_word' id='word_1_172' title='bbox 386 2655 474 2738; x_wconf 77' lang='lat' dir='ltr'>gravi</span> <span class='ocrx_word' id='word_1_173' title='bbox 499 2653 603 2714; x_wconf 77' lang='lat' dir='ltr'>Melae</span> <span class='ocrx_word' id='word_1_174' title='bbox 626 2671 748 2724; x_wconf 85' lang='lat' dir='ltr'>errore.</span> <span class='ocrx_word' id='word_1_175' title='bbox 782 2653 900 2735; x_wconf 83' lang='lat' dir='ltr'>quippe</span> <span class='ocrx_word' id='word_1_176' title='bbox 929 2655 983 2734; x_wconf 90' lang='lat' dir='ltr'>qui</span> <span class='ocrx_word' id='word_1_177' title='bbox 1011 2651 1091 2716; x_wconf 81' lang='lat' dir='ltr'>insta</span> 
     </span>
     <span class='ocr_line' id='line_1_23' title="bbox 59 2751 1091 2836; baseline 0.006 -26"><span class='ocrx_word' id='word_1_178' title='bbox 59 2754 214 2836; x_wconf 85' lang='lat' dir='ltr'>separatim</span> <span class='ocrx_word' id='word_1_179' title='bbox 242 2756 413 2835; x_wconf 79' lang='lat' dir='ltr'>Corcyram</span> <span class='ocrx_word' id='word_1_180' title='bbox 435 2757 468 2816; x_wconf 88' lang='lat' dir='ltr'>in</span> <span class='ocrx_word' id='word_1_181' title='bbox 490 2753 599 2816; x_wconf 87' lang='lat' dir='ltr'>insulia</span> <span class='ocrx_word' id='word_1_182' title='bbox 620 2751 772 2816; x_wconf 83' lang='lat' dir='ltr'>recenset.</span> <span class='ocrx_word' id='word_1_183' title='bbox 824 2754 958 2816; x_wconf 71' lang='lat' dir='ltr'>Codices</span> <span class='ocrx_word' id='word_1_184' title='bbox 983 2767 1091 2816; x_wconf 87' lang='lat' dir='ltr'>tamen</span> 
     </span>
     <span class='ocr_line' id='line_1_24' title="bbox 59 2855 1091 2942; baseline 0.01 -32"><span class='ocrx_word' id='word_1_185' title='bbox 59 2855 139 2916; x_wconf 84' lang='lat' dir='ltr'>aliam</span> <span class='ocrx_word' id='word_1_186' title='bbox 164 2859 347 2918; x_wconf 85' lang='lat' dir='ltr'>lectionem</span> <span class='ocrx_word' id='word_1_187' title='bbox 369 2859 420 2918; x_wconf 87' lang='lat' dir='ltr'>bic</span> <span class='ocrx_word' id='word_1_188' title='bbox 442 2855 613 2942; x_wconf 87' lang='lat' dir='ltr'>respuunt,</span> <span class='ocrx_word' id='word_1_189' title='bbox 639 2875 699 2919; x_wconf 90' lang='lat' dir='ltr'>uec</span> <span class='ocrx_word' id='word_1_190' title='bbox 723 2857 763 2918; x_wconf 88' lang='lat' dir='ltr'>ad</span> <span class='ocrx_word' id='word_1_191' title='bbox 791 2855 948 2918; x_wconf 73' lang='lat' dir='ltr'>Phaeaces</span> <span class='ocrx_word' id='word_1_192' title='bbox 972 2871 1091 2920; x_wconf 84' lang='lat' dir='ltr'>temere</span> 
     </span>
     <span class='ocr_line' id='line_1_25' title="bbox 58 2957 353 3041; baseline 0.031 -29"><span class='ocrx_word' id='word_1_193' title='bbox 58 2957 160 3041; x_wconf 75' lang='lat' dir='ltr'>delapsi</span> <span class='ocrx_word' id='word_1_194' title='bbox 183 2959 353 3021; x_wconf 82' lang='lat' dir='ltr'>videntur.</span> 
     </span>
    </p>
   </div>
   <div class='ocr_carea' id='block_1_7' title="bbox 58 3157 1094 3448">
    <p class='ocr_par' dir='ltr' id='par_1_7' title="bbox 58 3157 1094 3448">
     <span class='ocr_line' id='line_1_26' title="bbox 217 3157 1094 3242; baseline 0.001 -22"><span class='ocrx_word' id='word_1_195' title='bbox 217 3164 248 3240; x_wconf 73' lang='grc' dir='ltr'>ς.</span> <span class='ocrx_word' id='word_1_196' title='bbox 283 3177 338 3225; x_wconf 85' lang='lat'>12.</span> <span class='ocrx_word' id='word_1_197' title='bbox 389 3158 576 3242; x_wconf 78' lang='lat' dir='ltr'>Deinde)</span> <span class='ocrx_word' id='word_1_198' title='bbox 626 3159 728 3223; x_wconf 87' lang='lat' dir='ltr'>Vatic.</span> <span class='ocrx_word' id='word_1_199' title='bbox 755 3159 918 3224; x_wconf 78' lang='lat' dir='ltr'>etcibtn.</span> <span class='ocrx_word' id='word_1_200' title='bbox 942 3157 1029 3230; x_wconf 77' lang='lat' dir='ltr'>dein,</span> <span class='ocrx_word' id='word_1_201' title='bbox 1055 3173 1094 3222; x_wconf 89' lang='lat' dir='ltr'>ut</span> 
     </span>
     <span class='ocr_line' id='line_1_27' title="bbox 60 3257 1092 3346; baseline 0.009 -30"><span class='ocrx_word' id='word_1_202' title='bbox 60 3257 178 3323; x_wconf 87' lang='lat' dir='ltr'>dederat</span> <span class='ocrx_word' id='word_1_203' title='bbox 203 3265 245 3324; x_wconf 76' lang='lat' dir='ltr'>A.</span> <span class='ocrx_word' id='word_1_204' title='bbox 264 3262 365 3326; x_wconf 87' lang='lat' dir='ltr'>Gron.</span> <span class='ocrx_word' id='word_1_205' title='bbox 388 3263 421 3324; x_wconf 91' lang='lat' dir='ltr'>in</span> <span class='ocrx_word' id='word_1_206' title='bbox 443 3263 493 3323; x_wconf 90' lang='lat' dir='ltr'>ed.</span> <span class='ocrx_word' id='word_1_207' title='bbox 511 3273 571 3346; x_wconf 69' lang='lat'>44.</span> <span class='ocrx_word' id='word_1_208' title='bbox 611 3259 1092 3346; x_wconf 74' lang='lat' dir='ltr'>ef.a‹t1,o,2.err‚4.3.</span> 
     </span>
     <span class='ocr_line' id='line_1_28' title="bbox 58 3359 823 3448; baseline 0.005 -27"><span class='ocrx_word' id='word_1_209' title='bbox 58 3359 121 3424; x_wconf 76' lang='lat' dir='ltr'>1³0st</span> <span class='ocrx_word' id='word_1_210' title='bbox 138 3365 275 3444; x_wconf 84' lang='lat' dir='ltr'>proprie</span> <span class='ocrx_word' id='word_1_211' title='bbox 298 3363 381 3426; x_wconf 84' lang='lat' dir='ltr'>deest</span> <span class='ocrx_word' id='word_1_212' title='bbox 400 3365 434 3424; x_wconf 89' lang='lat' dir='ltr'>itr</span> <span class='ocrx_word' id='word_1_213' title='bbox 454 3362 550 3428; x_wconf 87' lang='lat' dir='ltr'>Paris.</span> <span class='ocrx_word' id='word_1_214' title='bbox 573 3383 602 3427; x_wconf 88' lang='lat' dir='ltr'>t.</span> <span class='ocrx_word' id='word_1_215' title='bbox 627 3377 661 3426; x_wconf 88' lang='lat' dir='ltr'>et</span> <span class='ocrx_word' id='word_1_216' title='bbox 680 3363 771 3448; x_wconf 78' lang='lat' dir='ltr'>Prag.</span> <span class='ocrx_word' id='word_1_217' title='bbox 811 3373 823 3414; x_wconf 72' lang='lat'><em>⁴</em></span> 
     </span>
    </p>
   </div>
   <div class='ocr_carea' id='block_1_8' title="bbox 61 3563 1094 4156">
    <p class='ocr_par' dir='ltr' id='par_1_8' title="bbox 61 3563 1094 4156">
     <span class='ocr_line' id='line_1_29' title="bbox 125 3563 1094 3650; baseline -0.004 -22"><span class='ocrx_word' id='word_1_218' title='bbox 125 3566 366 3650; x_wconf 78' lang='lat' dir='ltr'>Illyricos)</span> <span class='ocrx_word' id='word_1_219' title='bbox 406 3567 594 3630; x_wconf 81' lang='lat' dir='ltr'>Ciacconius</span> <span class='ocrx_word' id='word_1_220' title='bbox 616 3567 713 3628; x_wconf 83' lang='lat' dir='ltr'>haec:</span> <span class='ocrx_word' id='word_1_221' title='bbox 743 3565 828 3628; x_wconf 77' lang='lat' dir='ltr'>Aliae</span> <span class='ocrx_word' id='word_1_222' title='bbox 843 3564 981 3647; x_wconf 78' lang='lat' dir='ltr'>illyrios,</span> <span class='ocrx_word' id='word_1_223' title='bbox 1006 3563 1094 3645; x_wconf 90' lang='lat' dir='ltr'>quod</span> 
     </span>
     <span class='ocr_line' id='line_1_30' title="bbox 61 3665 1094 3750; baseline -0.001 -25"><span class='ocrx_word' id='word_1_224' title='bbox 61 3668 199 3730; x_wconf 87' lang='lat' dir='ltr'>codicem</span> <span class='ocrx_word' id='word_1_225' title='bbox 235 3667 370 3750; x_wconf 86' lang='lat' dir='ltr'>spectare</span> <span class='ocrx_word' id='word_1_226' title='bbox 403 3667 491 3732; x_wconf 85' lang='lat' dir='ltr'>solet.</span> <span class='ocrx_word' id='word_1_227' title='bbox 544 3667 638 3732; x_wconf 82' lang='lat' dir='ltr'>Certe</span> <span class='ocrx_word' id='word_1_228' title='bbox 664 3687 703 3728; x_wconf 87' lang='lat' dir='ltr'>err</span> <span class='ocrx_word' id='word_1_229' title='bbox 732 3669 813 3728; x_wconf 82' lang='lat' dir='ltr'>meir</span> <span class='ocrx_word' id='word_1_230' title='bbox 847 3665 932 3728; x_wconf 86' lang='lat' dir='ltr'>Gud.</span> <span class='ocrx_word' id='word_1_231' title='bbox 966 3665 1094 3738; x_wconf 67' lang='lat' dir='ltr'>illotos,-</span> 
     </span>
     <span class='ocr_line' id='line_1_31' title="bbox 62 3767 1094 3854; baseline -0.004 -26"><span class='ocrx_word' id='word_1_232' title='bbox 62 3767 481 3854; x_wconf 73' lang='lat' dir='ltr'>ethin.1tehdtg.utyrios,·</span> <span class='ocrx_word' id='word_1_233' title='bbox 514 3771 567 3830; x_wconf 85' lang='lat' dir='ltr'>alii</span> <span class='ocrx_word' id='word_1_234' title='bbox 590 3769 735 3850; x_wconf 78' lang='lat' dir='ltr'>Illyricos</span> <span class='ocrx_word' id='word_1_235' title='bbox 743 3789 755 3840; x_wconf 91' lang='lat'>,·</span> <span class='ocrx_word' id='word_1_236' title='bbox 783 3767 922 3830; x_wconf 89' lang='lat' dir='ltr'>Viudob.</span> <span class='ocrx_word' id='word_1_237' title='bbox 947 3767 1094 3839; x_wconf 77' lang='lat' dir='ltr'>illiricos,-</span> 
     </span>
     <span class='ocr_line' id='line_1_32' title="bbox 63 3866 1094 3954; baseline 0.001 -27"><span class='ocrx_word' id='word_1_238' title='bbox 63 3866 144 3954; x_wconf 83' lang='lat' dir='ltr'>Prag.</span> <span class='ocrx_word' id='word_1_239' title='bbox 170 3871 303 3932; x_wconf 80' lang='lat' dir='ltr'>ila&#39;ct&#39;cos.</span> <span class='ocrx_word' id='word_1_240' title='bbox 355 3873 521 3934; x_wconf 82' lang='lat' dir='ltr'>Editiorret</span> <span class='ocrx_word' id='word_1_241' title='bbox 544 3889 657 3934; x_wconf 75' lang='lat' dir='ltr'>ornnes</span> <span class='ocrx_word' id='word_1_242' title='bbox 681 3867 833 3930; x_wconf 85' lang='lat' dir='ltr'>informa</span> <span class='ocrx_word' id='word_1_243' title='bbox 855 3867 998 3951; x_wconf 81' lang='lat' dir='ltr'>Illyricos</span> <span class='ocrx_word' id='word_1_244' title='bbox 1019 3887 1094 3929; x_wconf 87' lang='lat' dir='ltr'>con·</span> 
     </span>
     <span class='ocr_line' id='line_1_33' title="bbox 63 3967 1094 4054; baseline 0.004 -28"><span class='ocrx_word' id='word_1_245' title='bbox 63 3969 214 4042; x_wconf 85' lang='lat' dir='ltr'>sentiunt,</span> <span class='ocrx_word' id='word_1_246' title='bbox 250 3991 329 4053; x_wconf 86' lang='lat' dir='ltr'>quae</span> <span class='ocrx_word' id='word_1_247' title='bbox 354 3975 483 4053; x_wconf 88' lang='lat' dir='ltr'>quidem</span> <span class='ocrx_word' id='word_1_248' title='bbox 510 3993 548 4034; x_wconf 87' lang='lat' dir='ltr'>art</span> <span class='ocrx_word' id='word_1_249' title='bbox 576 3972 702 4054; x_wconf 86' lang='lat' dir='ltr'>probari</span> <span class='ocrx_word' id='word_1_250' title='bbox 725 3967 837 4052; x_wconf 74' lang='lat' dir='ltr'>podir,</span> <span class='ocrx_word' id='word_1_251' title='bbox 880 3989 947 4030; x_wconf 87' lang='lat' dir='ltr'>uon</span> <span class='ocrx_word' id='word_1_252' title='bbox 974 3985 1094 4030; x_wconf 86' lang='lat' dir='ltr'>teruere</span> 
     </span>
     <span class='ocr_line' id='line_1_34' title="bbox 64 4069 1093 4156; baseline 0.003 -27"><span class='ocrx_word' id='word_1_253' title='bbox 64 4071 206 4134; x_wconf 86' lang='lat' dir='ltr'>dubitant</span> <span class='ocrx_word' id='word_1_254' title='bbox 236 4075 297 4133; x_wconf 88' lang='lat' dir='ltr'>viri</span> <span class='ocrx_word' id='word_1_255' title='bbox 319 4075 423 4143; x_wconf 81' lang='lat' dir='ltr'>docti.</span> <span class='ocrx_word' id='word_1_256' title='bbox 461 4087 493 4136; x_wconf 91' lang='lat' dir='ltr'>et</span> <span class='ocrx_word' id='word_1_257' title='bbox 523 4075 652 4156; x_wconf 79' lang='lat' dir='ltr'>Illyrios</span> <span class='ocrx_word' id='word_1_258' title='bbox 683 4070 925 4153; x_wconf 78' lang='lat' dir='ltr'>praeferendum</span> <span class='ocrx_word' id='word_1_259' title='bbox 954 4069 1093 4132; x_wconf 84' lang='lat' dir='ltr'>consent.</span> 
     </span>
    </p>
   </div>
   <div class='ocr_carea' id='block_1_9' title="bbox 62 4167 1211 4258">
    <p class='ocr_par' dir='ltr' id='par_1_9' title="bbox 62 4167 1211 4258">
     <span class='ocr_line' id='line_1_35' title="bbox 62 4167 1211 4258; baseline -0.001 -25"><span class='ocrx_word' id='word_1_260' title='bbox 62 4173 106 4233; x_wconf 73' lang='lat' dir='ltr'>iic</span> <span class='ocrx_word' id='word_1_261' title='bbox 126 4175 343 4258; x_wconf 86' lang='lat' dir='ltr'>Oudendorp.</span> <span class='ocrx_word' id='word_1_262' title='bbox 360 4175 397 4238; x_wconf 90' lang='lat' dir='ltr'>ad</span> <span class='ocrx_word' id='word_1_263' title='bbox 416 4177 559 4239; x_wconf 83' lang='lat' dir='ltr'>Frontiu·</span> <span class='ocrx_word' id='word_1_264' title='bbox 579 4191 611 4246; x_wconf 80' lang='lat' dir='ltr'>a,</span> <span class='ocrx_word' id='word_1_265' title='bbox 632 4189 663 4256; x_wconf 82' lang='lat'>5,</span> <span class='ocrx_word' id='word_1_266' title='bbox 685 4191 717 4236; x_wconf 72' lang='grc' dir='ltr'>Ω.</span> <span class='ocrx_word' id='word_1_267' title='bbox 748 4191 779 4244; x_wconf 80' lang='lat' dir='ltr'>ra,</span> <span class='ocrx_word' id='word_1_268' title='bbox 800 4187 832 4252; x_wconf 86' lang='lat'>5,</span> <span class='ocrx_word' id='word_1_269' title='bbox 853 4191 910 4238; x_wconf 80' lang='grc' dir='ltr'>ιο.</span> <span class='ocrx_word' id='word_1_270' title='bbox 935 4173 993 4234; x_wconf 88' lang='lat' dir='ltr'>ubi</span> <span class='ocrx_word' id='word_1_271' title='bbox 1009 4173 1093 4234; x_wconf 81' lang='lat' dir='ltr'>Tou·</span> <span class='ocrx_word' id='word_1_272' title='bbox 1204 4167 1211 4178; x_wconf 82' lang='grc'>’</span> 
     </span>
    </p>
   </div>
   <div class='ocr_carea' id='block_1_10' title="bbox 0 0 1386 4944">
    <p class='ocr_par' dir='ltr' id='par_1_10' title="bbox 0 0 1386 4944">
     <span class='ocr_line' id='line_1_36' title="bbox 0 0 1386 4944; baseline 0 0"><span class='ocrx_word' id='word_1_273' title='bbox 0 0 1386 4944; x_wconf 95' lang='lat' dir='ltr'> </span> 
     </span>
    </p>
   </div>
  </div>
 </body>
</html>
