<?xml version="1.0" encoding="UTF-8"?>
<!DOCTYPE html PUBLIC "-//W3C//DTD XHTML 1.0 Transitional//EN"
    "http://www.w3.org/TR/xhtml1/DTD/xhtml1-transitional.dtd">
<html xmlns="http://www.w3.org/1999/xhtml" xml:lang="en" lang="en">
 <head>
  <title>
</title>
<meta http-equiv="Content-Type" content="text/html;charset=utf-8" />
  <meta name='ocr-system' content='tesseract 3.04.00' />
  <meta name='ocr-capabilities' content='ocr_page ocr_carea ocr_par ocr_line ocrx_word'/>
</head>
<body>
  <div class='ocr_page' id='page_1' title='image "./pomponiimelaede05melagoog_0410.png"; bbox 0 0 2810 4944; ppageno 0'>
   <div class='ocr_carea' id='block_1_1' title="bbox 319 483 1061 562">
    <p class='ocr_par' dir='ltr' id='par_1_1' title="bbox 319 483 1061 562">
     <span class='ocr_line' id='line_1_1' title="bbox 319 483 1061 562; baseline -0.005 -18"><span class='ocrx_word' id='word_1_1' title='bbox 319 493 382 562; x_wconf 78' lang='lat'><strong>404</strong></span> <span class='ocrx_word' id='word_1_2' title='bbox 618 485 861 544; x_wconf 79' lang='lat' dir='ltr'><strong>sourouu</strong></span> <span class='ocrx_word' id='word_1_3' title='bbox 900 483 1061 562; x_wconf 70' lang='lat' dir='ltr'><strong>uncas</strong></span> 
     </span>
    </p>
   </div>
   <div class='ocr_carea' id='block_1_2' title="bbox 324 655 1350 1230">
    <p class='ocr_par' dir='ltr' id='par_1_2' title="bbox 324 655 1350 1230">
     <span class='ocr_line' id='line_1_2' title="bbox 402 655 1348 744; baseline -0.003 -24"><span class='ocrx_word' id='word_1_4' title='bbox 402 657 454 720; x_wconf 81' lang='lat' dir='ltr'><strong>ad</strong></span> <span class='ocrx_word' id='word_1_5' title='bbox 486 657 630 740; x_wconf 82' lang='lat' dir='ltr'><strong>imum)</strong></span> <span class='ocrx_word' id='word_1_6' title='bbox 681 659 826 720; x_wconf 83' lang='lat' dir='ltr'><strong>Vindob.</strong></span> <span class='ocrx_word' id='word_1_7' title='bbox 859 658 904 720; x_wconf 72' lang='lat' dir='ltr'><strong>aa</strong></span> <span class='ocrx_word' id='word_1_8' title='bbox 935 659 1085 732; x_wconf 67' lang='lat' dir='ltr'><strong>annium</strong></span> <span class='ocrx_word' id='word_1_9' title='bbox 1120 657 1286 744; x_wconf 81' lang='lat' dir='ltr'><strong>Rehtsiger.</strong></span> <span class='ocrx_word' id='word_1_10' title='bbox 1309 655 1348 717; x_wconf 77' lang='lat' dir='ltr'><strong>nl</strong></span> 
     </span>
     <span class='ocr_line' id='line_1_3' title="bbox 324 757 1348 846; baseline -0.002 -24"><span class='ocrx_word' id='word_1_11' title='bbox 324 779 433 822; x_wconf 87' lang='lat' dir='ltr'><strong>unum.</strong></span> <span class='ocrx_word' id='word_1_12' title='bbox 485 762 556 822; x_wconf 86' lang='lat' dir='ltr'><strong>Posi</strong></span> <span class='ocrx_word' id='word_1_13' title='bbox 574 761 658 822; x_wconf 88' lang='lat' dir='ltr'><strong>Gud.</strong></span> <span class='ocrx_word' id='word_1_14' title='bbox 684 759 766 842; x_wconf 89' lang='lat' dir='ltr'><strong>Lips.</strong></span> <span class='ocrx_word' id='word_1_15' title='bbox 788 761 926 846; x_wconf 82' lang='lat' dir='ltr'><strong>Rehdig.</strong></span> <span class='ocrx_word' id='word_1_16' title='bbox 953 761 1096 822; x_wconf 89' lang='lat' dir='ltr'><strong>Vindob.</strong></span> <span class='ocrx_word' id='word_1_17' title='bbox 1116 762 1222 842; x_wconf 56' lang='lat' dir='ltr'><strong>grain</strong></span> <span class='ocrx_word' id='word_1_18' title='bbox 1251 757 1348 822; x_wconf 89' lang='lat' dir='ltr'><strong>Cihin.</strong></span> 
     </span>
     <span class='ocr_line' id='line_1_4' title="bbox 325 860 1350 946; baseline -0.004 -25"><span class='ocrx_word' id='word_1_19' title='bbox 325 883 440 946; x_wconf 59' lang='lat' dir='ltr'><strong>gram</strong></span> <span class='ocrx_word' id='word_1_20' title='bbox 472 863 662 924; x_wconf 85' lang='lat' dir='ltr'><strong>Vindobon.</strong></span> <span class='ocrx_word' id='word_1_21' title='bbox 687 860 867 922; x_wconf 77' lang='lat' dir='ltr'><strong>auctoribus</strong></span> <span class='ocrx_word' id='word_1_22' title='bbox 889 877 918 923; x_wconf 81' lang='lat' dir='ltr'><strong>et</strong></span> <span class='ocrx_word' id='word_1_23' title='bbox 938 865 1024 934; x_wconf 57' lang='lat' dir='ltr'><strong>laum·</strong></span> <span class='ocrx_word' id='word_1_24' title='bbox 1057 865 1101 924; x_wconf 82' lang='lat' dir='ltr'><strong>id.</strong></span> <span class='ocrx_word' id='word_1_25' title='bbox 1123 865 1244 923; x_wconf 77' lang='lat' dir='ltr'><strong>versut</strong></span> <span class='ocrx_word' id='word_1_26' title='bbox 1265 863 1350 920; x_wconf 79' lang='lat' dir='ltr'><strong>etiam</strong></span> 
     </span>
     <span class='ocr_line' id='line_1_5' title="bbox 329 959 1349 1044; baseline -0.003 -19"><span class='ocrx_word' id='word_1_27' title='bbox 329 967 534 1044; x_wconf 47' lang='lat' dir='ltr'><strong>ieiunanti&amp;</strong></span> <span class='ocrx_word' id='word_1_28' title='bbox 562 963 669 1026; x_wconf 88' lang='lat' dir='ltr'><strong>Cibin.</strong></span> <span class='ocrx_word' id='word_1_29' title='bbox 694 965 818 1026; x_wconf 83' lang='lat' dir='ltr'><strong>omittit</strong></span> <span class='ocrx_word' id='word_1_30' title='bbox 833 965 947 1037; x_wconf 80' lang='lat' dir='ltr'><strong>etiam,·</strong></span> <span class='ocrx_word' id='word_1_31' title='bbox 973 964 1044 1026; x_wconf 87' lang='lat' dir='ltr'>Cib.</span> <span class='ocrx_word' id='word_1_32' title='bbox 1065 964 1149 1025; x_wconf 87' lang='lat' dir='ltr'><strong>Gud.</strong></span> <span class='ocrx_word' id='word_1_33' title='bbox 1168 959 1258 1025; x_wconf 85' lang='lat' dir='ltr'><strong>Paris.</strong></span> <span class='ocrx_word' id='word_1_34' title='bbox 1275 982 1302 1022; x_wconf 88' lang='lat'><strong>1.</strong></span> <span class='ocrx_word' id='word_1_35' title='bbox 1322 973 1349 1040; x_wconf 77' lang='lat'><strong>3.</strong></span> 
     </span>
     <span class='ocr_line' id='line_1_6' title="bbox 327 1063 1350 1149; baseline -0.006 -21"><span class='ocrx_word' id='word_1_36' title='bbox 327 1067 501 1149; x_wconf 76' lang='lat' dir='ltr'><strong>Residiger.</strong></span> <span class='ocrx_word' id='word_1_37' title='bbox 526 1065 671 1128; x_wconf 89' lang='lat' dir='ltr'><strong>Vindob.</strong></span> <span class='ocrx_word' id='word_1_38' title='bbox 692 1068 767 1128; x_wconf 83' lang='lat' dir='ltr'><strong>edd.</strong></span> <span class='ocrx_word' id='word_1_39' title='bbox 787 1085 818 1130; x_wconf 85' lang='lat'><strong>1.</strong></span> <span class='ocrx_word' id='word_1_40' title='bbox 842 1082 875 1129; x_wconf 84' lang='lat'><strong>2.</strong></span> <span class='ocrx_word' id='word_1_41' title='bbox 899 1084 933 1146; x_wconf 87' lang='lat'><strong>9.</strong></span> <span class='ocrx_word' id='word_1_42' title='bbox 958 1063 1146 1139; x_wconf 63' lang='lat' dir='ltr'><strong>niandactin</strong></span> <span class='ocrx_word' id='word_1_43' title='bbox 1175 1063 1350 1129; x_wconf 85' lang='lat' dir='ltr'><strong>vindobon.</strong></span> 
     </span>
     <span class='ocr_line' id='line_1_7' title="bbox 328 1167 586 1230; baseline 0.004 -1"><span class='ocrx_word' id='word_1_44' title='bbox 328 1167 456 1229; x_wconf 74' lang='lat' dir='ltr'><strong>libidine</strong></span> <span class='ocrx_word' id='word_1_45' title='bbox 479 1169 586 1230; x_wconf 82' lang='lat' dir='ltr'><strong>etiam.</strong></span> 
     </span>
    </p>
   </div>
   <div class='ocr_carea' id='block_1_3' title="bbox 257 1367 1355 4294">
    <p class='ocr_par' dir='ltr' id='par_1_3' title="bbox 257 1367 1355 4294">
     <span class='ocr_line' id='line_1_8' title="bbox 406 1367 1351 1453; baseline -0.002 -23"><span class='ocrx_word' id='word_1_46' title='bbox 406 1369 536 1453; x_wconf 86' lang='lat' dir='ltr'><strong>oriri)</strong></span> <span class='ocrx_word' id='word_1_47' title='bbox 572 1371 625 1434; x_wconf 85' lang='lat' dir='ltr'><strong>stc</strong></span> <span class='ocrx_word' id='word_1_48' title='bbox 642 1370 725 1434; x_wconf 82' lang='lat' dir='ltr'><strong>cod.</strong></span> <span class='ocrx_word' id='word_1_49' title='bbox 746 1371 784 1434; x_wconf 80' lang='lat' dir='ltr'><strong>A.</strong></span> <span class='ocrx_word' id='word_1_50' title='bbox 802 1369 947 1434; x_wconf 85' lang='lat' dir='ltr'><strong>Gronov.</strong></span> <span class='ocrx_word' id='word_1_51' title='bbox 968 1370 1087 1436; x_wconf 81' lang='lat' dir='ltr'><strong>Vener.</strong></span> <span class='ocrx_word' id='word_1_52' title='bbox 1110 1367 1203 1432; x_wconf 89' lang='lat' dir='ltr'><strong>Paris.</strong></span> <span class='ocrx_word' id='word_1_53' title='bbox 1222 1384 1252 1432; x_wconf 76' lang='grc' dir='ltr'><strong>Ω.</strong></span> <span class='ocrx_word' id='word_1_54' title='bbox 1271 1368 1351 1450; x_wconf 82' lang='lat' dir='ltr'><strong>Prag.</strong></span> 
     </span>
     <span class='ocr_line' id='line_1_9' title="bbox 330 1467 1352 1536; baseline -0.006 -4"><span class='ocrx_word' id='word_1_55' title='bbox 330 1469 412 1533; x_wconf 89' lang='lat' dir='ltr'><strong>sorte</strong></span> <span class='ocrx_word' id='word_1_56' title='bbox 435 1475 531 1532; x_wconf 85' lang='lat' dir='ltr'><strong>etiam</strong></span> <span class='ocrx_word' id='word_1_57' title='bbox 558 1472 704 1536; x_wconf 81' lang='lat' dir='ltr'><strong>Ciaccon.</strong></span> <span class='ocrx_word' id='word_1_58' title='bbox 756 1476 794 1534; x_wconf 89' lang='lat' dir='ltr'><strong>ln</strong></span> <span class='ocrx_word' id='word_1_59' title='bbox 817 1475 885 1535; x_wconf 83' lang='lat' dir='ltr'><strong>aliie</strong></span> <span class='ocrx_word' id='word_1_60' title='bbox 908 1487 1013 1534; x_wconf 89' lang='lat' dir='ltr'><strong>tamen</strong></span> <span class='ocrx_word' id='word_1_61' title='bbox 1034 1473 1104 1535; x_wconf 85' lang='lat' dir='ltr'><strong>MS.</strong></span> <span class='ocrx_word' id='word_1_62' title='bbox 1126 1488 1163 1534; x_wconf 90' lang='lat' dir='ltr'><strong>ut</strong></span> <span class='ocrx_word' id='word_1_63' title='bbox 1186 1486 1217 1532; x_wconf 84' lang='lat' dir='ltr'><strong>et</strong></span> <span class='ocrx_word' id='word_1_64' title='bbox 1236 1472 1303 1532; x_wconf 75' lang='lat' dir='ltr'><strong>edii.</strong></span> <span class='ocrx_word' id='word_1_65' title='bbox 1319 1467 1352 1528; x_wconf 86' lang='lat' dir='ltr'><strong>ad</strong></span> 
     </span>
     <span class='ocr_line' id='line_1_10' title="bbox 329 1568 1352 1656; baseline -0.008 -20"><span class='ocrx_word' id='word_1_66' title='bbox 329 1568 477 1636; x_wconf 82' lang='lat' dir='ltr'><strong>Vosstuur</strong></span> <span class='ocrx_word' id='word_1_67' title='bbox 509 1575 624 1656; x_wconf 81' lang='lat' dir='ltr'><strong>legitur</strong></span> <span class='ocrx_word' id='word_1_68' title='bbox 663 1575 743 1642; x_wconf 82' lang='lat' dir='ltr'><strong>erui.</strong></span> <span class='ocrx_word' id='word_1_69' title='bbox 786 1576 842 1655; x_wconf 85' lang='lat' dir='ltr'><strong>qui</strong></span> <span class='ocrx_word' id='word_1_70' title='bbox 874 1573 1014 1654; x_wconf 81' lang='lat' dir='ltr'><strong>reposuit</strong></span> <span class='ocrx_word' id='word_1_71' title='bbox 1039 1575 1131 1642; x_wconf 81' lang='lat' dir='ltr'><strong>oriri.</strong></span> <span class='ocrx_word' id='word_1_72' title='bbox 1167 1571 1352 1654; x_wconf 87' lang='lat' dir='ltr'><strong>sequentibus</strong></span> 
     </span>
     <span class='ocr_line' id='line_1_11' title="bbox 330 1675 1354 1757; baseline -0.002 -25"><span class='ocrx_word' id='word_1_73' title='bbox 330 1675 472 1757; x_wconf 88' lang='lat' dir='ltr'><strong>posteris.</strong></span> <span class='ocrx_word' id='word_1_74' title='bbox 503 1693 705 1736; x_wconf 74' lang='lat' dir='ltr'><strong>Tzscttvctttt.</strong></span> <span class='ocrx_word' id='word_1_75' title='bbox 758 1675 860 1736; x_wconf 84' lang='lat' dir='ltr'><strong>Mirus</strong></span> <span class='ocrx_word' id='word_1_76' title='bbox 877 1675 919 1736; x_wconf 91' lang='lat' dir='ltr'><strong>est</strong></span> <span class='ocrx_word' id='word_1_77' title='bbox 936 1676 1034 1740; x_wconf 84' lang='lat' dir='ltr'><strong>Mela.</strong></span> <span class='ocrx_word' id='word_1_78' title='bbox 1069 1677 1215 1754; x_wconf 90' lang='lat' dir='ltr'><strong>quicum</strong></span> <span class='ocrx_word' id='word_1_79' title='bbox 1236 1675 1354 1732; x_wconf 87' lang='lat' dir='ltr'><strong>illorum</strong></span> 
     </span>
     <span class='ocr_line' id='line_1_12' title="bbox 257 1771 1353 1858; baseline -0.009 -20"><span class='ocrx_word' id='word_1_80' title='bbox 257 1789 264 1796; x_wconf 85' lang='lat'>&#39;</span> <span class='ocrx_word' id='word_1_81' title='bbox 332 1777 481 1858; x_wconf 79' lang='lat' dir='ltr'>explodat</span> <span class='ocrx_word' id='word_1_82' title='bbox 501 1777 707 1855; x_wconf 85' lang='lat' dir='ltr'><strong>opinionem,</strong></span> <span class='ocrx_word' id='word_1_83' title='bbox 733 1779 788 1856; x_wconf 85' lang='lat' dir='ltr'><strong>qui</strong></span> <span class='ocrx_word' id='word_1_84' title='bbox 811 1777 958 1838; x_wconf 83' lang='lat' dir='ltr'><strong>dixerunt</strong></span> <span class='ocrx_word' id='word_1_85' title='bbox 981 1775 1076 1858; x_wconf 78' lang='lat' dir='ltr'><strong>pisces</strong></span> <span class='ocrx_word' id='word_1_86' title='bbox 1093 1779 1147 1836; x_wconf 83' lang='lat' dir='ltr'><strong>hic</strong></span> <span class='ocrx_word' id='word_1_87' title='bbox 1164 1798 1181 1837; x_wconf 92' lang='lat' dir='ltr'><strong>e</strong></span> <span class='ocrx_word' id='word_1_88' title='bbox 1198 1791 1272 1836; x_wconf 82' lang='lat' dir='ltr'><strong>terra</strong></span> <span class='ocrx_word' id='word_1_89' title='bbox 1287 1771 1353 1839; x_wconf 83' lang='lat' dir='ltr'><strong>erui,</strong></span> 
     </span>
     <span class='ocr_line' id='line_1_13' title="bbox 332 1873 1353 1959; baseline -0.008 -21"><span class='ocrx_word' id='word_1_90' title='bbox 332 1879 420 1938; x_wconf 85' lang='lat' dir='ltr'><strong>idem</strong></span> <span class='ocrx_word' id='word_1_91' title='bbox 456 1890 561 1936; x_wconf 86' lang='lat' dir='ltr'><strong>tamen</strong></span> <span class='ocrx_word' id='word_1_92' title='bbox 593 1874 657 1956; x_wconf 91' lang='lat' dir='ltr'><strong>ipse</strong></span> <span class='ocrx_word' id='word_1_93' title='bbox 687 1879 841 1940; x_wconf 83' lang='lat' dir='ltr'><strong>adfirmet.</strong></span> <span class='ocrx_word' id='word_1_94' title='bbox 905 1873 966 1939; x_wconf 80' lang='lat' dir='ltr'><strong>Seit</strong></span> <span class='ocrx_word' id='word_1_95' title='bbox 1000 1875 1144 1959; x_wconf 86' lang='lat' dir='ltr'><strong>profecto</strong></span> <span class='ocrx_word' id='word_1_96' title='bbox 1177 1879 1262 1936; x_wconf 86' lang='lat' dir='ltr'><strong>aliter</strong></span> <span class='ocrx_word' id='word_1_97' title='bbox 1289 1890 1353 1933; x_wconf 88' lang='lat' dir='ltr'><strong>eum</strong></span> 
     </span>
     <span class='ocr_line' id='line_1_14' title="bbox 333 1975 1354 2065; baseline -0.005 -27"><span class='ocrx_word' id='word_1_98' title='bbox 333 1977 475 2058; x_wconf 74' lang='lat' dir='ltr'><strong>scripsisse</strong></span> <span class='ocrx_word' id='word_1_99' title='bbox 498 1977 627 2037; x_wconf 83' lang='lat' dir='ltr'><strong>suadent</strong></span> <span class='ocrx_word' id='word_1_100' title='bbox 647 1999 741 2038; x_wconf 88' lang='lat' dir='ltr'><strong>manu</strong></span> <span class='ocrx_word' id='word_1_101' title='bbox 764 1981 879 2040; x_wconf 86' lang='lat' dir='ltr'><strong>exarati</strong></span> <span class='ocrx_word' id='word_1_102' title='bbox 905 1979 994 2046; x_wconf 84' lang='lat' dir='ltr'><strong>libri.</strong></span> <span class='ocrx_word' id='word_1_103' title='bbox 1021 1975 1125 2065; x_wconf 88' lang='lat' dir='ltr'><strong>[nihii</strong></span> <span class='ocrx_word' id='word_1_104' title='bbox 1146 1981 1186 2038; x_wconf 88' lang='lat' dir='ltr'><strong>de</strong></span> <span class='ocrx_word' id='word_1_105' title='bbox 1209 1979 1245 2038; x_wconf 82' lang='lat' dir='ltr'><strong>iis</strong></span> <span class='ocrx_word' id='word_1_106' title='bbox 1260 1978 1354 2036; x_wconf 82' lang='lat' dir='ltr'><strong>admo·</strong></span> 
     </span>
     <span class='ocr_line' id='line_1_15' title="bbox 331 2071 1354 2162; baseline -0.008 -22"><span class='ocrx_word' id='word_1_107' title='bbox 331 2081 405 2140; x_wconf 88' lang='lat' dir='ltr'><strong>nuit</strong></span> <span class='ocrx_word' id='word_1_108' title='bbox 435 2079 470 2140; x_wconf 75' lang='lat' dir='ltr'><strong>A.</strong></span> <span class='ocrx_word' id='word_1_109' title='bbox 493 2071 698 2162; x_wconf 75' lang='lat' dir='ltr'><strong>Gronovius]</strong></span> <span class='ocrx_word' id='word_1_110' title='bbox 731 2099 866 2160; x_wconf 90' lang='lat' dir='ltr'><strong>quorum</strong></span> <span class='ocrx_word' id='word_1_111' title='bbox 893 2082 1008 2161; x_wconf 90' lang='lat' dir='ltr'><strong>optimi</strong></span> <span class='ocrx_word' id='word_1_112' title='bbox 1031 2081 1144 2162; x_wconf 83' lang='lat' dir='ltr'><strong>legunt</strong></span> <span class='ocrx_word' id='word_1_113' title='bbox 1173 2081 1265 2146; x_wconf 84' lang='lat' dir='ltr'><strong>oriri,</strong></span> <span class='ocrx_word' id='word_1_114' title='bbox 1297 2093 1354 2136; x_wconf 87' lang='lat' dir='ltr'><strong>non</strong></span> 
     </span>
     <span class='ocr_line' id='line_1_16' title="bbox 259 2179 1355 2258; baseline -0.007 -18"><span class='ocrx_word' id='word_1_115' title='bbox 259 2211 265 2222; x_wconf 92' lang='lat'><strong>·</strong></span> <span class='ocrx_word' id='word_1_116' title='bbox 334 2181 409 2240; x_wconf 82' lang='lat' dir='ltr'><strong>enti.</strong></span> <span class='ocrx_word' id='word_1_117' title='bbox 447 2181 497 2240; x_wconf 82' lang='lat' dir='ltr'><strong>Sic</strong></span> <span class='ocrx_word' id='word_1_118' title='bbox 518 2181 621 2258; x_wconf 88' lang='lat' dir='ltr'><strong>itaque</strong></span> <span class='ocrx_word' id='word_1_119' title='bbox 640 2179 737 2240; x_wconf 91' lang='lat' dir='ltr'><strong>scribo</strong></span> <span class='ocrx_word' id='word_1_120' title='bbox 760 2193 864 2241; x_wconf 87' lang='lat' dir='ltr'><strong>totum</strong></span> <span class='ocrx_word' id='word_1_121' title='bbox 882 2183 968 2241; x_wconf 90' lang='lat' dir='ltr'><strong>hunc</strong></span> <span class='ocrx_word' id='word_1_122' title='bbox 984 2181 1111 2240; x_wconf 68' lang='lat' dir='ltr'><strong>incunte</strong></span> <span class='ocrx_word' id='word_1_123' title='bbox 1137 2183 1177 2240; x_wconf 86' lang='lat' dir='ltr'><strong>Iu</strong></span> <span class='ocrx_word' id='word_1_124' title='bbox 1195 2203 1230 2240; x_wconf 82' lang='lat' dir='ltr'><strong>ea</strong></span> <span class='ocrx_word' id='word_1_125' title='bbox 1245 2181 1355 2258; x_wconf 76' lang='lat' dir='ltr'><strong>regione</strong></span> 
     </span>
     <span class='ocr_line' id='line_1_17' title="bbox 332 2272 1353 2370; baseline -0.005 -32"><span class='ocrx_word' id='word_1_126' title='bbox 332 2272 450 2370; x_wconf 79' lang='lat' dir='ltr'><strong>piscem</strong></span> <span class='ocrx_word' id='word_1_127' title='bbox 473 2293 593 2340; x_wconf 82' lang='lat' dir='ltr'><strong>eterra</strong></span> <span class='ocrx_word' id='word_1_128' title='bbox 614 2282 740 2358; x_wconf 80' lang='lat' dir='ltr'><strong>pertitus</strong></span> <span class='ocrx_word' id='word_1_129' title='bbox 761 2283 845 2352; x_wconf 84' lang='lat' dir='ltr'><strong>oriri,</strong></span> <span class='ocrx_word' id='word_1_130' title='bbox 872 2285 958 2364; x_wconf 76' lang='lat' dir='ltr'><strong>prtia,</strong></span> <span class='ocrx_word' id='word_1_131' title='bbox 983 2280 1035 2341; x_wconf 84' lang='lat' dir='ltr'><strong>ubi</strong></span> <span class='ocrx_word' id='word_1_132' title='bbox 1050 2304 1088 2340; x_wconf 81' lang='lat' dir='ltr'><strong>ex</strong></span> <span class='ocrx_word' id='word_1_133' title='bbox 1110 2283 1179 2342; x_wconf 84' lang='lat' dir='ltr'><strong>alto</strong></span> <span class='ocrx_word' id='word_1_134' title='bbox 1195 2283 1253 2340; x_wconf 80' lang='lat' dir='ltr'><strong>susc</strong></span> <span class='ocrx_word' id='word_1_135' title='bbox 1270 2295 1353 2359; x_wconf 78' lang='lat' dir='ltr'><strong>usque</strong></span> 
     </span>
     <span class='ocr_line' id='line_1_18' title="bbox 331 2372 1354 2470; baseline -0.005 -30"><span class='ocrx_word' id='word_1_136' title='bbox 331 2383 521 2463; x_wconf 60' lang='lat' dir='ltr'><strong>pererravit,</strong></span> <span class='ocrx_word' id='word_1_137' title='bbox 547 2401 601 2460; x_wconf 81' lang='lat' dir='ltr'><strong>per</strong></span> <span class='ocrx_word' id='word_1_138' title='bbox 615 2402 651 2439; x_wconf 85' lang='lat' dir='ltr'><strong>ea</strong></span> <span class='ocrx_word' id='word_1_139' title='bbox 663 2372 836 2469; x_wconf 81' lang='lat' dir='ltr'><strong>foramina</strong></span> <span class='ocrx_word' id='word_1_140' title='bbox 857 2385 920 2442; x_wconf 84' lang='lat' dir='ltr'><strong>ictu</strong></span> <span class='ocrx_word' id='word_1_141' title='bbox 941 2383 1160 2460; x_wconf 71' lang='lat' dir='ltr'><strong>copulantium</strong></span> <span class='ocrx_word' id='word_1_142' title='bbox 1181 2373 1354 2470; x_wconf 76' lang='lat' dir='ltr'><strong>interfectus</strong></span> 
     </span>
     <span class='ocr_line' id='line_1_19' title="bbox 332 2479 1354 2564; baseline -0.01 -20"><span class='ocrx_word' id='word_1_143' title='bbox 332 2485 526 2544; x_wconf 75' lang='lat' dir='ltr'><strong>extrahitur.</strong></span> <span class='ocrx_word' id='word_1_144' title='bbox 565 2479 669 2564; x_wconf 80' lang='lat' dir='ltr'><strong>Negat</strong></span> <span class='ocrx_word' id='word_1_145' title='bbox 685 2483 736 2542; x_wconf 87' lang='lat' dir='ltr'><strong>hic</strong></span> <span class='ocrx_word' id='word_1_146' title='bbox 754 2483 836 2543; x_wconf 83' lang='lat' dir='ltr'><strong>Mela</strong></span> <span class='ocrx_word' id='word_1_147' title='bbox 852 2483 948 2564; x_wconf 83' lang='lat' dir='ltr'><strong>pisces</strong></span> <span class='ocrx_word' id='word_1_148' title='bbox 964 2484 1037 2544; x_wconf 85' lang='lat' dir='ltr'><strong>ilios</strong></span> <span class='ocrx_word' id='word_1_149' title='bbox 1058 2483 1117 2544; x_wconf 83' lang='lat' dir='ltr'><strong>else</strong></span> <span class='ocrx_word' id='word_1_150' title='bbox 1137 2499 1284 2550; x_wconf 81' lang='lat' dir='ltr'><strong>terrenos,</strong></span> <span class='ocrx_word' id='word_1_151' title='bbox 1308 2489 1354 2540; x_wconf 89' lang='lat' dir='ltr'><strong>aut</strong></span> 
     </span>
     <span class='ocr_line' id='line_1_20' title="bbox 332 2581 1355 2665; baseline -0.007 -20"><span class='ocrx_word' id='word_1_152' title='bbox 332 2585 367 2645; x_wconf 88' lang='lat' dir='ltr'><strong>in</strong></span> <span class='ocrx_word' id='word_1_153' title='bbox 389 2597 468 2642; x_wconf 80' lang='lat' dir='ltr'><strong>terra</strong></span> <span class='ocrx_word' id='word_1_154' title='bbox 490 2581 589 2652; x_wconf 81' lang='lat' dir='ltr'><strong>nasci,</strong></span> <span class='ocrx_word' id='word_1_155' title='bbox 624 2581 674 2642; x_wconf 88' lang='lat' dir='ltr'><strong>sed</strong></span> <span class='ocrx_word' id='word_1_156' title='bbox 696 2603 734 2643; x_wconf 87' lang='lat' dir='ltr'><strong>ex</strong></span> <span class='ocrx_word' id='word_1_157' title='bbox 758 2583 870 2646; x_wconf 80' lang='lat' dir='ltr'><strong>suffuso</strong></span> <span class='ocrx_word' id='word_1_158' title='bbox 891 2585 966 2644; x_wconf 88' lang='lat' dir='ltr'><strong>huic</strong></span> <span class='ocrx_word' id='word_1_159' title='bbox 986 2583 1102 2644; x_wconf 86' lang='lat' dir='ltr'><strong>insulae</strong></span> <span class='ocrx_word' id='word_1_160' title='bbox 1121 2589 1232 2644; x_wconf 87' lang='lat' dir='ltr'><strong>maria</strong></span> <span class='ocrx_word' id='word_1_161' title='bbox 1253 2582 1355 2665; x_wconf 84' lang='lat' dir='ltr'><strong>piscan-</strong></span> 
     </span>
     <span class='ocr_line' id='line_1_21' title="bbox 331 2683 1354 2770; baseline -0.007 -24"><span class='ocrx_word' id='word_1_162' title='bbox 331 2685 419 2746; x_wconf 84' lang='lat' dir='ltr'><strong>tibus</strong></span> <span class='ocrx_word' id='word_1_163' title='bbox 439 2685 571 2746; x_wconf 80' lang='lat' dir='ltr'><strong>extrahi.</strong></span> <span class='ocrx_word' id='word_1_164' title='bbox 599 2713 648 2725; x_wconf 89' lang='lat'><em>-</em></span> <span class='ocrx_word' id='word_1_165' title='bbox 700 2683 776 2745; x_wconf 90' lang='lat' dir='ltr'><strong>Non</strong></span> <span class='ocrx_word' id='word_1_166' title='bbox 792 2699 907 2770; x_wconf 81' lang='lat' dir='ltr'><strong>tamen</strong></span> <span class='ocrx_word' id='word_1_167' title='bbox 917 2699 1080 2767; x_wconf 86' lang='lat' dir='ltr'><strong>propterea</strong></span> <span class='ocrx_word' id='word_1_168' title='bbox 1096 2685 1168 2746; x_wconf 86' lang='lat' dir='ltr'><strong>salsa</strong></span> <span class='ocrx_word' id='word_1_169' title='bbox 1186 2686 1263 2754; x_wconf 87' lang='lat' dir='ltr'><strong>sunt,</strong></span> <span class='ocrx_word' id='word_1_170' title='bbox 1286 2699 1354 2764; x_wconf 85' lang='lat' dir='ltr'><strong>quae</strong></span> 
     </span>
     <span class='ocr_line' id='line_1_22' title="bbox 332 2781 1355 2868; baseline -0.007 -21"><span class='ocrx_word' id='word_1_171' title='bbox 332 2789 386 2848; x_wconf 85' lang='lat' dir='ltr'><strong>alii</strong></span> <span class='ocrx_word' id='word_1_172' title='bbox 410 2789 449 2846; x_wconf 82' lang='lat' dir='ltr'><strong>de</strong></span> <span class='ocrx_word' id='word_1_173' title='bbox 473 2781 628 2846; x_wconf 74' lang='lat' dir='ltr'><strong>fossilibus</strong></span> <span class='ocrx_word' id='word_1_174' title='bbox 649 2784 786 2867; x_wconf 83' lang='lat' dir='ltr'><strong>piscibus</strong></span> <span class='ocrx_word' id='word_1_175' title='bbox 812 2789 1032 2868; x_wconf 80' lang='lat' dir='ltr'><strong>prodiderunt.</strong></span> <span class='ocrx_word' id='word_1_176' title='bbox 1073 2807 1219 2849; x_wconf 73' lang='lat' dir='ltr'><strong>rosetus.</strong></span> <span class='ocrx_word' id='word_1_177' title='bbox 1281 2781 1355 2844; x_wconf 69' lang='lat' dir='ltr'><strong>oriri</strong></span> 
     </span>
     <span class='ocr_line' id='line_1_23' title="bbox 332 2882 1353 2972; baseline -0.003 -25"><span class='ocrx_word' id='word_1_178' title='bbox 332 2901 441 2952; x_wconf 85' lang='lat' dir='ltr'><strong>tuetur</strong></span> <span class='ocrx_word' id='word_1_179' title='bbox 463 2882 600 2950; x_wconf 75' lang='lat' dir='ltr'><strong>Vossius.</strong></span> <span class='ocrx_word' id='word_1_180' title='bbox 655 2885 777 2948; x_wconf 82' lang='lat' dir='ltr'><strong>Verum</strong></span> <span class='ocrx_word' id='word_1_181' title='bbox 799 2889 851 2947; x_wconf 87' lang='lat' dir='ltr'><strong>alii</strong></span> <span class='ocrx_word' id='word_1_182' title='bbox 876 2888 968 2950; x_wconf 71' lang='lat' dir='ltr'><strong>MSS.</strong></span> <span class='ocrx_word' id='word_1_183' title='bbox 993 2883 1128 2972; x_wconf 85' lang='lat' dir='ltr'><strong>[nempe</strong></span> <span class='ocrx_word' id='word_1_184' title='bbox 1151 2902 1353 2971; x_wconf 81' lang='lat' dir='ltr'><strong>praeterquam</strong></span> 
     </span>
     <span class='ocr_line' id='line_1_24' title="bbox 330 2983 1353 3073; baseline -0.009 -23"><span class='ocrx_word' id='word_1_185' title='bbox 330 2983 448 3073; x_wconf 83' lang='lat' dir='ltr'><strong>ipsum]</strong></span> <span class='ocrx_word' id='word_1_186' title='bbox 478 2989 605 3066; x_wconf 83' lang='lat' dir='ltr'><strong>penitus</strong></span> <span class='ocrx_word' id='word_1_187' title='bbox 632 2989 715 3058; x_wconf 83' lang='lat' dir='ltr'><strong>erui,</strong></span> <span class='ocrx_word' id='word_1_188' title='bbox 755 2990 842 3068; x_wconf 90' lang='lat' dir='ltr'><strong>quod</strong></span> <span class='ocrx_word' id='word_1_189' title='bbox 865 2990 995 3072; x_wconf 75' lang='lat' dir='ltr'><strong>vulgato</strong></span> <span class='ocrx_word' id='word_1_190' title='bbox 1017 2987 1213 3072; x_wconf 86' lang='lat' dir='ltr'><strong>praeferebat</strong></span> <span class='ocrx_word' id='word_1_191' title='bbox 1238 2990 1353 3049; x_wconf 82' lang='lat' dir='ltr'><strong>Ouden-</strong></span> 
     </span>
     <span class='ocr_line' id='line_1_25' title="bbox 332 3083 1353 3180; baseline -0.004 -32"><span class='ocrx_word' id='word_1_192' title='bbox 332 3091 483 3170; x_wconf 69' lang='lat' dir='ltr'><strong>domiue,</strong></span> <span class='ocrx_word' id='word_1_193' title='bbox 521 3091 593 3168; x_wconf 87' lang='lat' dir='ltr'><strong>quia</strong></span> <span class='ocrx_word' id='word_1_194' title='bbox 618 3090 734 3148; x_wconf 78' lang='lat' dir='ltr'><strong>Auctor</strong></span> <span class='ocrx_word' id='word_1_195' title='bbox 756 3109 822 3150; x_wconf 93' lang='lat' dir='ltr'><strong>non</strong></span> <span class='ocrx_word' id='word_1_196' title='bbox 845 3091 970 3150; x_wconf 87' lang='lat' dir='ltr'><strong>dubitat</strong></span> <span class='ocrx_word' id='word_1_197' title='bbox 998 3083 1112 3180; x_wconf 78' lang='lat' dir='ltr'><strong>piscem</strong></span> <span class='ocrx_word' id='word_1_198' title='bbox 1133 3115 1150 3150; x_wconf 84' lang='lat' dir='ltr'><strong>e</strong></span> <span class='ocrx_word' id='word_1_199' title='bbox 1172 3105 1255 3152; x_wconf 75' lang='lat' dir='ltr'><strong>terro</strong></span> <span class='ocrx_word' id='word_1_200' title='bbox 1280 3085 1353 3152; x_wconf 84' lang='lat' dir='ltr'><strong>oriri,</strong></span> 
     </span>
     <span class='ocr_line' id='line_1_26' title="bbox 332 3184 1353 3280; baseline -0.007 -30"><span class='ocrx_word' id='word_1_201' title='bbox 332 3189 383 3250; x_wconf 89' lang='lat' dir='ltr'><strong>sed</strong></span> <span class='ocrx_word' id='word_1_202' title='bbox 405 3191 551 3268; x_wconf 81' lang='lat' dir='ltr'><strong>pertitus;</strong></span> <span class='ocrx_word' id='word_1_203' title='bbox 584 3209 656 3249; x_wconf 88' lang='lat' dir='ltr'><strong>cum</strong></span> <span class='ocrx_word' id='word_1_204' title='bbox 672 3191 789 3250; x_wconf 88' lang='lat' dir='ltr'><strong>constat</strong></span> <span class='ocrx_word' id='word_1_205' title='bbox 803 3213 842 3251; x_wconf 80' lang='lat' dir='ltr'><strong>ex</strong></span> <span class='ocrx_word' id='word_1_206' title='bbox 858 3191 924 3250; x_wconf 86' lang='lat' dir='ltr'><strong>alto</strong></span> <span class='ocrx_word' id='word_1_207' title='bbox 940 3193 1000 3250; x_wconf 74' lang='lat' dir='ltr'><strong>leuc</strong></span> <span class='ocrx_word' id='word_1_208' title='bbox 1016 3214 1110 3271; x_wconf 82' lang='lat' dir='ltr'><strong>usque</strong></span> <span class='ocrx_word' id='word_1_209' title='bbox 1126 3215 1183 3271; x_wconf 85' lang='lat' dir='ltr'><strong>per</strong></span> <span class='ocrx_word' id='word_1_210' title='bbox 1194 3184 1353 3280; x_wconf 83' lang='lat' dir='ltr'><strong>foramina</strong></span> 
     </span>
     <span class='ocr_line' id='line_1_27' title="bbox 329 3288 1352 3374; baseline -0.002 -26"><span class='ocrx_word' id='word_1_211' title='bbox 329 3303 502 3372; x_wconf 80' lang='lat' dir='ltr'><strong>penetrare.</strong></span> <span class='ocrx_word' id='word_1_212' title='bbox 540 3309 572 3351; x_wconf 84' lang='grc' dir='ltr'><strong>Α.</strong></span> <span class='ocrx_word' id='word_1_213' title='bbox 599 3307 804 3353; x_wconf 77' lang='lat' dir='ltr'><strong>esouovtvs.</strong></span> <span class='ocrx_word' id='word_1_214' title='bbox 863 3291 946 3352; x_wconf 82' lang='lat' dir='ltr'><strong>Mela</strong></span> <span class='ocrx_word' id='word_1_215' title='bbox 967 3297 1083 3374; x_wconf 89' lang='lat' dir='ltr'><strong>repetit</strong></span> <span class='ocrx_word' id='word_1_216' title='bbox 1106 3294 1160 3353; x_wconf 84' lang='lat' dir='ltr'><strong>hic</strong></span> <span class='ocrx_word' id='word_1_217' title='bbox 1183 3288 1352 3356; x_wconf 83' lang='lat' dir='ltr'><strong>fabulosam,</strong></span> 
     </span>
     <span class='ocr_line' id='line_1_28' title="bbox 331 3395 1354 3476; baseline -0.003 -26"><span class='ocrx_word' id='word_1_218' title='bbox 331 3411 426 3471; x_wconf 87' lang='lat' dir='ltr'><strong>quarn</strong></span> <span class='ocrx_word' id='word_1_219' title='bbox 450 3403 550 3470; x_wconf 85' lang='lat' dir='ltr'><strong>putat,</strong></span> <span class='ocrx_word' id='word_1_220' title='bbox 576 3405 740 3451; x_wconf 85' lang='lat' dir='ltr'><strong>unctorum</strong></span> <span class='ocrx_word' id='word_1_221' title='bbox 762 3395 984 3472; x_wconf 81' lang='lat' dir='ltr'><strong>narrationem,</strong></span> <span class='ocrx_word' id='word_1_222' title='bbox 1019 3413 1150 3474; x_wconf 88' lang='lat' dir='ltr'><strong>eamque</strong></span> <span class='ocrx_word' id='word_1_223' title='bbox 1171 3395 1283 3476; x_wconf 85' lang='lat' dir='ltr'><strong>postea,</strong></span> <span class='ocrx_word' id='word_1_224' title='bbox 1310 3407 1354 3449; x_wconf 83' lang='lat' dir='ltr'><strong>ert-</strong></span> 
     </span>
     <span class='ocr_line' id='line_1_29' title="bbox 330 3490 1354 3574; baseline 0.001 -27"><span class='ocrx_word' id='word_1_225' title='bbox 330 3491 430 3573; x_wconf 87' lang='lat' dir='ltr'><strong>posita</strong></span> <span class='ocrx_word' id='word_1_226' title='bbox 447 3511 519 3552; x_wconf 81' lang='lat' dir='ltr'><strong>vera</strong></span> <span class='ocrx_word' id='word_1_227' title='bbox 538 3493 581 3551; x_wconf 90' lang='lat' dir='ltr'><strong>rei</strong></span> <span class='ocrx_word' id='word_1_228' title='bbox 600 3493 722 3574; x_wconf 85' lang='lat' dir='ltr'><strong>origine</strong></span> <span class='ocrx_word' id='word_1_229' title='bbox 744 3508 776 3551; x_wconf 90' lang='lat' dir='ltr'><strong>et</strong></span> <span class='ocrx_word' id='word_1_230' title='bbox 796 3492 891 3562; x_wconf 83' lang='lat' dir='ltr'><strong>causa,</strong></span> <span class='ocrx_word' id='word_1_231' title='bbox 914 3491 1039 3556; x_wconf 84' lang='lat' dir='ltr'><strong>refutat.</strong></span> <span class='ocrx_word' id='word_1_232' title='bbox 1084 3499 1130 3555; x_wconf 84' lang='lat' dir='ltr'><strong>ltu</strong></span> <span class='ocrx_word' id='word_1_233' title='bbox 1152 3517 1228 3556; x_wconf 88' lang='lat' dir='ltr'><strong>vero</strong></span> <span class='ocrx_word' id='word_1_234' title='bbox 1247 3490 1354 3558; x_wconf 79' lang='lat' dir='ltr'><strong>Graeci,</strong></span> 
     </span>
     <span class='ocr_line' id='line_1_30' title="bbox 332 3586 1353 3682; baseline 0.008 -30"><span class='ocrx_word' id='word_1_235' title='bbox 332 3613 473 3674; x_wconf 89' lang='lat' dir='ltr'><strong>quorum</strong></span> <span class='ocrx_word' id='word_1_236' title='bbox 496 3594 563 3654; x_wconf 83' lang='lat' dir='ltr'><strong>loca</strong></span> <span class='ocrx_word' id='word_1_237' title='bbox 585 3594 666 3652; x_wconf 87' lang='lat' dir='ltr'><strong>dabo</strong></span> <span class='ocrx_word' id='word_1_238' title='bbox 684 3593 758 3656; x_wconf 88' lang='lat' dir='ltr'><strong>Vol.</strong></span> <span class='ocrx_word' id='word_1_239' title='bbox 785 3616 812 3656; x_wconf 85' lang='lat'><strong>1.</strong></span> <span class='ocrx_word' id='word_1_240' title='bbox 836 3611 963 3676; x_wconf 89' lang='lat' dir='ltr'><strong>ponunt</strong></span> <span class='ocrx_word' id='word_1_241' title='bbox 986 3586 1140 3682; x_wconf 76' lang='grc' dir='ltr'>ὀρύττειν,</span> <span class='ocrx_word' id='word_1_242' title='bbox 1167 3587 1353 3682; x_wconf 66' lang='grc' dir='ltr'>ἀνορύττειν,</span> 
     </span>
     <span class='ocr_line' id='line_1_31' title="bbox 330 3686 1352 3780; baseline -0.002 -26"><span class='ocrx_word' id='word_1_243' title='bbox 330 3693 415 3776; x_wconf 85' lang='lat' dir='ltr'><strong>ipsos</strong></span> <span class='ocrx_word' id='word_1_244' title='bbox 435 3693 533 3776; x_wconf 84' lang='lat' dir='ltr'><strong>pisces</strong></span> <span class='ocrx_word' id='word_1_245' title='bbox 559 3686 716 3780; x_wconf 78' lang='grc' dir='ltr'>ὀρυκτοὺς</span> <span class='ocrx_word' id='word_1_246' title='bbox 738 3709 869 3764; x_wconf 82' lang='lat' dir='ltr'><strong>vocant.</strong></span> <span class='ocrx_word' id='word_1_247' title='bbox 904 3710 940 3755; x_wconf 89' lang='lat' dir='ltr'><strong>ut</strong></span> <span class='ocrx_word' id='word_1_248' title='bbox 963 3697 1075 3759; x_wconf 87' lang='lat' dir='ltr'><strong>Strabo</strong></span> <span class='ocrx_word' id='word_1_249' title='bbox 1099 3709 1133 3776; x_wconf 75' lang='lat'><strong>4.</strong></span> <span class='ocrx_word' id='word_1_250' title='bbox 1158 3719 1189 3778; x_wconf 88' lang='lat' dir='ltr'><strong>p.</strong></span> <span class='ocrx_word' id='word_1_251' title='bbox 1215 3719 1257 3758; x_wconf 90' lang='lat' dir='ltr'><strong>m.</strong></span> <span class='ocrx_word' id='word_1_252' title='bbox 1283 3693 1352 3754; x_wconf 76' lang='lat'><strong>126.</strong></span> 
     </span>
     <span class='ocr_line' id='line_1_32' title="bbox 330 3791 1352 3882; baseline -0.006 -26"><span class='ocrx_word' id='word_1_253' title='bbox 330 3793 352 3856; x_wconf 89' lang='lat' dir='ltr'><strong>s.</strong></span> <span class='ocrx_word' id='word_1_254' title='bbox 377 3809 456 3872; x_wconf 75' lang='lat'><strong>182.</strong></span> <span class='ocrx_word' id='word_1_255' title='bbox 486 3795 640 3857; x_wconf 81' lang='lat' dir='ltr'><strong>Aristotel.</strong></span> <span class='ocrx_word' id='word_1_256' title='bbox 658 3797 697 3856; x_wconf 86' lang='lat' dir='ltr'><strong>de</strong></span> <span class='ocrx_word' id='word_1_257' title='bbox 713 3798 784 3856; x_wconf 89' lang='lat' dir='ltr'><strong>mir.</strong></span> <span class='ocrx_word' id='word_1_258' title='bbox 802 3795 881 3857; x_wconf 82' lang='lat' dir='ltr'><strong>ausc.</strong></span> <span class='ocrx_word' id='word_1_259' title='bbox 897 3817 923 3858; x_wconf 90' lang='lat' dir='ltr'><strong>c.</strong></span> <span class='ocrx_word' id='word_1_260' title='bbox 942 3812 999 3874; x_wconf 72' lang='lat'><strong>75,</strong></span> <span class='ocrx_word' id='word_1_261' title='bbox 1036 3799 1104 3859; x_wconf 89' lang='lat' dir='ltr'><strong>Nec</strong></span> <span class='ocrx_word' id='word_1_262' title='bbox 1121 3814 1252 3882; x_wconf 79' lang='lat' dir='ltr'><strong>pugnat,</strong></span> <span class='ocrx_word' id='word_1_263' title='bbox 1276 3791 1352 3875; x_wconf 87' lang='lat' dir='ltr'><strong>quod</strong></span> 
     </span>
     <span class='ocr_line' id='line_1_33' title="bbox 331 3885 1351 3980; baseline 0.001 -22"><span class='ocrx_word' id='word_1_264' title='bbox 331 3885 501 3978; x_wconf 66' lang='grc' dir='ltr'><em>ὑπογείους</em></span> <span class='ocrx_word' id='word_1_265' title='bbox 532 3917 587 3958; x_wconf 82' lang='lat' dir='ltr'><strong>eos</strong></span> <span class='ocrx_word' id='word_1_266' title='bbox 622 3913 714 3958; x_wconf 83' lang='lat' dir='ltr'><strong>vocat</strong></span> <span class='ocrx_word' id='word_1_267' title='bbox 741 3897 893 3976; x_wconf 83' lang='lat' dir='ltr'><strong>Polybius</strong></span> <span class='ocrx_word' id='word_1_268' title='bbox 927 3902 1010 3980; x_wconf 89' lang='lat' dir='ltr'><strong>apud</strong></span> <span class='ocrx_word' id='word_1_269' title='bbox 1045 3901 1244 3961; x_wconf 86' lang='lat' dir='ltr'><strong>Athenaeum</strong></span> <span class='ocrx_word' id='word_1_270' title='bbox 1270 3912 1299 3974; x_wconf 78' lang='lat'><strong>8.</strong></span> <span class='ocrx_word' id='word_1_271' title='bbox 1324 3909 1351 3953; x_wconf 78' lang='lat'><strong>2.</strong></span> 
     </span>
     <span class='ocr_line' id='line_1_34' title="bbox 328 3986 1353 4088; baseline 0 -28"><span class='ocrx_word' id='word_1_272' title='bbox 328 4017 361 4079; x_wconf 83' lang='lat' dir='ltr'><strong>p.</strong></span> <span class='ocrx_word' id='word_1_273' title='bbox 385 4011 466 4074; x_wconf 83' lang='lat'><strong>532.</strong></span> <span class='ocrx_word' id='word_1_274' title='bbox 500 4000 572 4078; x_wconf 86' lang='lat' dir='ltr'><strong>quia</strong></span> <span class='ocrx_word' id='word_1_275' title='bbox 599 3996 696 4058; x_wconf 78' lang='lat' dir='ltr'><strong>statim</strong></span> <span class='ocrx_word' id='word_1_276' title='bbox 721 3997 862 4068; x_wconf 86' lang='lat' dir='ltr'><strong>subiicit,</strong></span> <span class='ocrx_word' id='word_1_277' title='bbox 898 3995 953 4072; x_wconf 68' lang='grc' dir='ltr'><strong>οὓς</strong></span> <span class='ocrx_word' id='word_1_278' title='bbox 980 3993 1211 4088; x_wconf 70' lang='grc' dir='ltr'><strong>ἀνορύττοντες</strong></span> <span class='ocrx_word' id='word_1_279' title='bbox 1234 3986 1353 4084; x_wconf 61' lang='grc' dir='ltr'><em>λαμβά-</em></span> 
     </span>
     <span class='ocr_line' id='line_1_35' title="bbox 329 4093 1352 4186; baseline 0.003 -26"><span class='ocrx_word' id='word_1_280' title='bbox 329 4119 429 4160; x_wconf 80' lang='grc' dir='ltr'>νουσι.</span> <span class='ocrx_word' id='word_1_281' title='bbox 468 4099 648 4159; x_wconf 82' lang='lat' dir='ltr'><strong>Aristoteles</strong></span> <span class='ocrx_word' id='word_1_282' title='bbox 663 4121 689 4160; x_wconf 87' lang='lat' dir='ltr'><strong>c.</strong></span> <span class='ocrx_word' id='word_1_283' title='bbox 709 4101 728 4161; x_wconf 92' lang='lat' dir='ltr'><strong>l.</strong></span> <span class='ocrx_word' id='word_1_284' title='bbox 754 4121 896 4182; x_wconf 82' lang='lat' dir='ltr'><strong>cap.91.</strong></span> <span class='ocrx_word' id='word_1_285' title='bbox 923 4107 1016 4164; x_wconf 83' lang='lat' dir='ltr'><strong>etiam</strong></span> <span class='ocrx_word' id='word_1_286' title='bbox 1040 4107 1116 4164; x_wconf 85' lang='lat' dir='ltr'><strong>dicit</strong></span> <span class='ocrx_word' id='word_1_287' title='bbox 1140 4093 1283 4186; x_wconf 66' lang='grc' dir='ltr'>ἐξαίρειν.</span> <span class='ocrx_word' id='word_1_288' title='bbox 1320 4099 1352 4158; x_wconf 81' lang='lat' dir='ltr'><strong>ln</strong></span> 
     </span>
     <span class='ocr_line' id='line_1_36' title="bbox 328 4199 1353 4294; baseline -0.001 -31"><span class='ocrx_word' id='word_1_289' title='bbox 328 4200 450 4264; x_wconf 81' lang='lat' dir='ltr'><strong>Latims</strong></span> <span class='ocrx_word' id='word_1_290' title='bbox 472 4201 655 4266; x_wconf 83' lang='lat' dir='ltr'><strong>auctoribus</strong></span> <span class='ocrx_word' id='word_1_291' title='bbox 675 4201 798 4266; x_wconf 83' lang='lat' dir='ltr'><strong>Plinius</strong></span> <span class='ocrx_word' id='word_1_292' title='bbox 823 4221 857 4283; x_wconf 85' lang='lat'><strong>9,</strong></span> <span class='ocrx_word' id='word_1_293' title='bbox 882 4217 941 4284; x_wconf 78' lang='lat'><strong>33.</strong></span> <span class='ocrx_word' id='word_1_294' title='bbox 959 4205 981 4268; x_wconf 89' lang='lat' dir='ltr'><strong>s.</strong></span> <span class='ocrx_word' id='word_1_295' title='bbox 999 4221 1058 4285; x_wconf 81' lang='lat'><strong>57.</strong></span> <span class='ocrx_word' id='word_1_296' title='bbox 1082 4208 1158 4268; x_wconf 84' lang='lat' dir='ltr'><strong>dicit</strong></span> <span class='ocrx_word' id='word_1_297' title='bbox 1182 4199 1293 4294; x_wconf 77' lang='lat' dir='ltr'><strong>effodi.</strong></span> <span class='ocrx_word' id='word_1_298' title='bbox 1326 4208 1353 4256; x_wconf 87' lang='lat' dir='ltr'><strong>et</strong></span> 
     </span>
    </p>
   </div>
   <div class='ocr_carea' id='block_1_4' title="bbox 0 0 1413 4944">
    <p class='ocr_par' dir='ltr' id='par_1_4' title="bbox 0 0 1413 4944">
     <span class='ocr_line' id='line_1_37' title="bbox 0 0 1413 4944; baseline 0 0"><span class='ocrx_word' id='word_1_299' title='bbox 0 0 1413 4944; x_wconf 95' lang='lat' dir='ltr'><strong> </strong></span> 
     </span>
    </p>
   </div>
  </div>
 </body>
</html>
