2814 4946
282 451 372 512 utu.
401 453 438 507 11.
490 451 612 510 ΗΠ.
655 451 832 528 iau-¹9·
1013 463 1075 530 5⁹3

35 625 153 690 Aeolias
177 627 360 696 nominata.
394 639 427 688 et
447 627 527 688 duae
549 627 627 688 alias
649 625 766 688 eodem
789 627 924 688 nomine
942 627 981 688 ,iu
1004 629 1073 690 lrnu

35 731 151 808 Libyco
170 747 271 811 prope
287 728 513 812 Carthaginem
528 729 705 809 Stephano.
743 727 958 813 Adssipulatur
975 735 1073 792 etiarn

15 831 126 896 Narro
148 833 236 893 libro
258 833 298 891 de
319 831 478 892 seruilius
502 831 612 891 tertio:
639 825 686 918 [c.
704 841 737 908 5,
754 823 809 916 7.]
844 831 927 901 Hoc,
955 834 1071 913 inquit,

35 934 80 991 ita
98 931 181 1022 fieri
200 947 337 1012 appares
359 933 393 993 in
420 925 529 1023 bisulir
560 933 751 1014 propinquis
773 933 918 1000 Pontiae.
947 935 1071 995 Pulmo-

34 1035 109 1104 τίοι,
138 1033 362 1096 Pandateria.
392 1051 593 1094 murraurs.
646 1030 697 1096 Cf.
721 1053 802 1114 quae
823 1031 912 1114 snpra
935 1037 974 1095 rie
997 1037 1071 1096 Plri-

34 1138 115 1194 tonia
129 1136 245 1196 adtuli.
273 1135 435 1196 Palmaria
445 1155 482 1196 ex
492 1135 670 1195 mutatione
685 1135 790 1196 crebra
804 1135 966 1196 literarum
983 1158 998 1193 r
1012 1151 1043 1198 st
1058 1137 1070 1198 l

35 1235 243 1306 scribendum,
267 1235 334 1298 fatis
357 1237 456 1298 evicit
479 1235 657 1298 Pintianus.
711 1237 793 1298 Addi
820 1233 931 1318 possit,
957 1237 977 1296 fi
1000 1241 1071 1320 quis

36 1339 132 1398 valere
154 1351 266 1420 putet,
293 1339 488 1400 hodiernum
512 1357 631 1398 nomen
656 1337 869 1400 Palmaruolo.
923 1337 1072 1401 Occurrit

35 1441 160 1518 quidem
196 1441 359 1505 Palmaria
378 1441 476 1502 etiam
500 1441 536 1500 in
564 1439 725 1504 Antonini
749 1440 822 1502 itin.
849 1460 881 1522 p.
905 1451 990 1524 5¹4·
1017 1440 1071 1504 sed

37 1539 88 1599 litu
111 1539 247 1604 diverfi.

102 1743 263 1826 laseri)
302 1745 386 1808 Gurl.
405 1745 499 1831 Prag.
516 1747 615 1808 i'atic.
635 1759 668 1824 5.
689 1745 808 1817 lictori,
834 1747 921 1828 quoti
941 1745 1071 1810 volebat

35 1847 122 1906 stiam
143 1847 316 1910 Cluverius
336 1850 370 1908 in
394 1849 482 1910 italia
498 1863 563 1910 ant.
582 1861 615 1926 3,
634 1861 667 1922 7.
690 1869 723 1930 p.
744 1859 851 1929 toni.
902 1851 963 1911 Sed
987 1847 1069 1910 illud

35 1949 166 2028 probum
191 1947 243 2017 eli.
265 1961 297 2010 et
312 1949 352 2010 sic
371 1953 452 2031 apud
470 1949 611 2012 nostrum
633 1945 743 2031 passim
763 1949 940 2020 adhibetur,
968 1951 1070 2012 veluti

40 2069 65 2116 ι.
82 2065 110 2128 5.
134 2071 164 2114 ι.
193 2051 274 2111 etin
296 2050 385 2110 simili
403 2071 487 2112 nexu
505 2067 536 2120 2.
554 2063 589 2134 4.
606 2067 641 2130 9.
691 2051 781 2112 Turn
800 2053 973 2135 iiebdiger.
996 2053 1069 2134 rhy-

37 2147 152 2225 beriua,·
192 2151 277 2212 Gud.
304 2153 441 2214 Vindob.
462 2153 536 2215 edd.
563 2171 595 2216 t.
622 2169 653 2214 o.
677 2165 711 2230 3.
734 2163 769 2230 4.
791 2163 823 2229 5.
848 2169 902 2216 ro.
927 2163 980 2236 ιιι.
1006 2171 1064 2233 19.

37 2251 138 2340 iustu,
166 2265 205 2312 ut
227 2254 312 2314 alibi.
350 2255 496 2336 Denique
511 2271 569 2334 pro
586 2249 731 2314 obiacens
749 2255 873 2316 codices
889 2269 921 2316 et
938 2255 1011 2318 edd.
1035 2275 1066 2319 ι.

40 2367 68 2414 o.
85 2369 116 2431 3.
137 2369 174 2432 4.
194 2365 224 2430 5.
249 2355 282 2416 6.
300 2369 332 2426 7·
351 2367 385 2431 8·
400 2373 433 2434 9·
458 2373 511 2416 ro.
538 2374 593 2416 ιι.
614 2371 670 2417 to.
698 2367 754 2434 13.
777 2368 833 2436 tlt.
853 2367 910 2432 15.
931 2371 987 2431 17.
1009 2374 1064 2436 ¹9·

40 2469 89 2516 oo.
108 2473 166 2518 ut.
189 2469 246 2533 23.
267 2455 391 2526 meent,-
415 2458 448 2516 in
466 2457 564 2518 vatic.
577 2469 610 2534 5.
628 2455 740 2519 venet.
753 2457 844 2541 Prag.
860 2459 953 2539 plane
971 2457 1065 2522 abest.

40 2555 204 2627 vadianus,
237 2577 334 2638 quem
364 2557 416 2618 hic
440 2557 578 2638 sequitur
603 2557 654 2618 ed.
681 2571 736 2635 23.
761 2559 886 2620 invexit
910 2555 1066 2629 obiacent.

41 2659 111 2734 qnod
128 2676 160 2720 es
176 2659 298 2718 habent
311 2658 449 2739 reliquae
464 2677 588 2720 omnes.
617 2659 701 2718 Dedi
717 2679 755 2720 ex
769 2659 933 2720 codicibus
950 2662 1064 2730 iacent,

39 2761 113 2836 quod
130 2764 196 2820 iarn
214 2761 365 2819 maluerat
381 2759 581 2822 Ciacconius.
607 2759 762 2821 Ceterum
777 2761 863 2842 quod
879 2759 960 2852 (fiio
977 2759 1067 2822 scribi

39 2861 99 2918 vult
121 2865 144 2923 l.
165 2861 353 2923 Gronovius
370 2862 545 2924 maiuscula
562 2861 669 2932 litera,
696 2861 737 2923 de
756 2881 796 2924 eo
818 2863 885 2924 rid.
911 2863 1068 2946 disputata

38 2961 240 3044 mmm&

193 3167 224 3244 §.
265 3183 319 3247 ¹9·
378 3164 610 3248 Dianium)
676 3163 849 3250 Rebiliger.
889 3163 1070 3247 Dyouium.

37 3263 258 3330 PoltCiaccon.
275 3289 313 3329 ex
327 3267 413 3330 libris
427 3281 518 3330 notat
534 3269 662 3348 Igilium
678 3282 708 3326 et
723 3267 850 3341 lilinum
874 3267 911 3330 Δ.
923 3267 1068 3334 Gronotr.

38 3385 71 3426 ex
93 3367 238 3431 Perizon.
265 3369 423 3452 Igylium,·
445 3369 611 3432 Salmasius
627 3369 665 3428 ad
685 3369 786 3432 Solin.
806 3389 873 3451 cap.
891 3383 923 3448 5.
942 3368 963 3432 l.
982 3383 1015 3448 3.
1035 3391 1067 3452 p.

39 3487 78 3530 ιιι.
95 3471 150 3532 67.
176 3491 215 3530 ex
238 3469 388 3533 Palatinis
413 3471 562 3547 i'gilium.
615 3471 663 3530 Do
684 3472 766 3532 meis
789 3469 884 3532 baec:
916 3471 1013 3534 Vatic.
1033 3485 1067 3550 3.

38 3567 173 3652 Progeni.
197 3572 351 3652 Igilium,
377 3574 490 3654 reliqui
515 3571 641 3650 Igilium
665 3589 740 3630 cum
763 3571 874 3634 codice
900 3571 1066 3644 Hollienii,

39 3691 123 3748 quem
143 3671 207 3754 ipse
222 3675 347 3756 adlegat
364 3675 395 3734 in
413 3685 567 3736 annotatt.
585 3674 620 3732 in
634 3671 777 3734 Cluverii
796 3673 946 3736 itabant.
964 3693 994 3756 p.
1008 3685 1067 3752 58.

40 3771 199 3836 [ditiones
222 3795 335 3836 ornnes
352 3777 500 3855 Igiuium.
556 3775 688 3836 Vinctus
710 3788 743 3834 et
764 3775 833 3854 post
849 3769 972 3837 Voffius
993 3793 1069 3836 cum

42 3877 140 3938 ceteris
161 3873 490 3957 poltreruutlgilium.
518 3893 723 3938 rascnvcrtu.
763 3873 927 3959 iginium)
970 3873 1069 3936 Plinii

41 3989 123 4036 vetus
140 3981 299 4058 exemplar
317 3973 372 4065 [3.
395 3995 448 4040 ro.
465 3976 486 4040 l.
505 3971 560 4062 6.]
582 3991 615 4038 et
634 3977 777 4038 Romana
794 3977 899 4048 lectio,
924 3979 1069 4058 itemque

42 4071 209 4140 Mucianus
236 4075 433 4166 [Martianus
462 4081 588 4163 Capella
609 4079 665 4140 iib.
688 4077 722 4140 6.
746 4098 778 4160 p.
804 4071 910 4164 207.]
937 4079 1067 4160 Igilium

85 4193 174 4270 Pomp.
196 4197 290 4252 Malo·
314 4197 353 4254 L·
373 4199 411 4252 ll.
675 4179 735 4262 PP
