2836 4940
306 421 366 486 06⁰
594 423 847 484 rottrotw
888 427 1057 484 mauult

381 599 514 660 intret
546 597 756 680 interius)
807 597 891 682 Lips.
915 599 1044 678 (omissa
1072 603 1172 662 etiam
1199 601 1354 683 particula

308 701 393 778 uon)
417 699 527 764 Cibin.
546 699 729 764 vindobon.
751 701 925 786 lleltdiger.
944 705 1043 764 Vatia.
1065 723 1094 765 t.
1120 703 1352 774 intimarum

308 805 422 866 Vener.
439 803 542 863 itttrut
557 803 694 882 pertitus.
728 804 815 864 Turn
831 822 889 886 pro
905 817 1020 865 urcrtut
1035 803 1133 867 Paris.
1153 825 1184 866 r.
1203 819 1240 880 5.
1266 801 1351 886 Lipl

311 903 396 968 Gud.
426 901 535 966 Cibin.
560 903 734 988 llehrliger.
759 903 900 966 vindob.
923 905 1035 966 Venet.
1065 907 1173 967 Haru.
1196 907 1304 968 vatic.
1323 925 1350 967 t.

309 1025 384 1070 mm
401 1003 599 1070 editionibut
616 1005 769 1068 omuibut
783 1005 821 1066 ad
838 1001 980 1067 voffium
997 1019 1078 1070 erut.
1125 1008 1190 1068 llic
1208 1005 1351 1089 reposuit

308 1119 440 1178 meunt.
465 1106 553 1190 quod
571 1121 777 1192 propagatum
793 1105 848 1170 esi.
878 1125 1080 1170 thctavcrta.
1133 1109 1235 1170 Forte
1253 1111 1350 1169 iutro·

309 1221 368 1272 ret.
404 1225 617 1272 cttccotttvt.
671 1207 896 1290 Rescripliruna
922 1229 962 1270 ex
994 1211 1127 1290 optitnia
1152 1211 1350 1272 membrauir

309 1321 442 1382 arettae.
475 1307 564 1372 sensu
591 1325 655 1372 tant
679 1307 858 1382 manisello,
892 1325 1018 1374 utnon
1040 1327 1132 1398 egeat
1163 1315 1349 1394 interprete.

309 1431 450 1478 votttrt.
513 1413 550 1474 lu
572 1411 654 1474 meir
682 1431 749 1474 non
772 1413 887 1494 optirni
915 1413 1048 1494 quidem
1076 1413 1207 1476 codices
1233 1415 1349 1474 habent

308 1527 441 1588 arcuatt
474 1511 542 1583 sed.
568 1513 653 1596 quod
675 1510 783 1595 paffim
807 1514 856 1585 fit,
883 1515 1000 1596 peioris
1021 1517 1119 1576 etiam
1141 1529 1244 1576 notae
1270 1515 1348 1582 libri.

309 1635 388 1700 quae
428 1615 617 1676 invenerant
647 1613 766 1676 librarii
798 1613 897 1686 bona,
940 1616 1027 1678 fideli
1063 1637 1158 1698 opera
1195 1617 1349 1678 reddunt.

309 1717 406 1782 Certe
429 1717 467 1778 arl
485 1729 665 1778 commenta
687 1717 887 1780 librariorum
910 1717 963 1778 vel
985 1717 1254 1780 hallucinationes
1277 1719 1350 1780 lraec

309 1839 376 1882 vox
390 1819 477 1880 reiici
499 1819 553 1878 vix
575 1816 692 1901 potell,
718 1817 773 1879 etst
789 1817 826 1878 ad
849 1816 952 1900 ipsum
969 1839 1087 1881 nexum
1110 1821 1349 1882 continendum

308 1941 419 2004 pamm
442 1917 549 1981 efficax
572 1919 727 1982 videatur.
766 1919 905 1982 Forsitan
924 1935 1011 1982 arcet
1026 1921 1078 1983 vel
1097 1935 1201 1982 artat.
1243 1923 1347 1984 lutra-

308 2035 355 2084 ret
383 2021 498 2082 maluit
529 2019 732 2092 ciacconius,
771 2033 808 2080 ut
837 2033 1019 2103 temporum
1045 2019 1278 2085 consecutione
1303 2044 1346 2086 re·

308 2121 477 2206 sponderet
498 2119 549 2201 rui
570 2133 646 2185 nat.
698 2120 770 2183 Post
791 2141 848 2201 pro
870 2113 1068 2204 aliquantum
1087 2124 1176 2186 Gud.
1201 2127 1346 2208 aliquau-

306 2223 416 2286 trduu.
469 2221 620 2285 Ceterum
647 2223 732 2302 quod
757 2221 953 2284 llluchaueut
972 2227 1010 2284 atl
1034 2225 1201 2285 Aurelium
1227 2227 1342 2288 Victor.

306 2323 399 2386 dev.
422 2325 492 2386 l.c.
512 2337 569 2399 77,
588 2337 621 2398 7.
655 2323 742 2382 huuc
773 2323 881 2384 locum
908 2325 1011 2386 lllelae
1037 2329 1080 2386 ita
1104 2325 1226 2396 adfert,
1252 2325 1343 2420 finus

306 2439 389 2488 rrrut
411 2422 619 2509 Arabiotuque
640 2423 747 2496 alluit,
774 2425 860 2488 nulla
875 2427 908 2488 id
929 2423 1003 2488 satit
1023 2429 1212 2492 auctoritate
1230 2445 1265 2492 et
1284 2429 1341 2513 ipse

306 2541 399 2592 θῐῐίῑ.

383 2729 460 2794 sut
482 2721 614 2814 puers)
663 2727 757 2792 Paris.
779 2751 808 2793 t.
832 2729 894 2792 sed
916 2733 1012 2814 quiu,·
1048 2731 1155 2796 Cibin.
1179 2733 1230 2794 Et
1252 2756 1341 2816 quur.

307 2833 427 2897 Vocula
447 2830 494 2894 bis
515 2831 597 2894 abesl
617 2833 652 2892 irt
671 2832 744 2894 edd.
759 2845 816 2908 3⁰·
835 2845 894 2910 52.
912 2845 969 2911 57.
991 2847 1024 2894 et
1041 2835 1271 2915 posterioribus
1291 2839 1342 2898 Va·

306 2935 420 2998 diruit.
463 2933 609 2998 Servavit
643 2945 749 2994 tamen
781 2935 831 2994 erl.
858 2947 915 3010 32.
958 2932 1205 3019 (Henischint.)
1257 2939 1340 3010 Poll.

307 3035 414 3100 omllsa
428 3035 553 3103 lineola,
577 3033 749 3118 lieltdiger.
772 3033 908 3114 t'rrttpt't3
935 3036 1075 3098 Vindob.
1100 3040 1269 3115 imrurnpt't
1287 3062 1341 3122 pro
1408 3035 1409 3081 l

306 3137 471 3216 inrumpit,
486 3137 647 3216 antiquam
663 3133 844 3217 scripturam
860 3135 1012 3199 imitatur.
1047 3139 1125 3200 lnde
1144 3139 1229 3220 Lips
1248 3141 1338 3226 l'rag.

306 3237 405 3306 Vatic.
421 3251 453 3314 3.
468 3232 564 3326 finus
578 3237 701 3299 iterum.
739 3237 802 3298 Pro
816 3239 919 3316 aperit
936 3257 975 3299 ex
992 3237 1157 3321 superioria
1179 3241 1275 3302 verbi
1297 3263 1338 3304 re·

307 3338 489 3402 cordatione
505 3336 679 3422 llehrliger.
699 3339 853 3418 irrumpit.
882 3357 1086 3404 aztcuvcrru.
1139 3343 1254 3405 Forte:
1277 3365 1336 3428 quo
1407 3325 1408 3399 l

307 3441 397 3524 ripas
412 3432 587 3527 inflexerat.
613 3439 742 3502 Solinus
756 3459 821 3520 cap.
839 3441 896 3516 68.
915 3433 963 3525 [c.
979 3454 1036 3518 58.
1054 3441 1074 3504 s.
1086 3435 1167 3528 54]
1189 3446 1335 3524 irrumpit

306 3542 383 3604 sture
396 3541 493 3602 litora
508 3536 648 3600 Rubrum
664 3561 756 3602 mare.
790 3541 913 3601 Plinius
928 3541 983 3605 lib.
994 3544 1027 3606 6.
1045 3563 1111 3626 cap.
1124 3559 1181 3623 23.
1200 3540 1246 3632 [s.
1260 3537 1332 3630 oft]

306 3643 463 3723 Irrumpu
482 3639 592 3702 deinde
607 3643 639 3702 itt
655 3644 718 3704 stuc
735 3655 828 3721 purte
842 3643 999 3722 genrirtum
1013 3665 1100 3705 ruore
1113 3657 1229 3717 terras,
1254 3645 1333 3731 quoti

306 3741 451 3806 Rubrum
470 3741 578 3804 dixere
594 3741 717 3838 Nrfiri.
752 3761 957 3808 cruccoutvt.
1008 3747 1048 3807 ln
1072 3745 1136 3809 hoc
1160 3768 1250 3810 nexu
1270 3747 1334 3812 vul·

305 3859 375 3932 gata
396 3841 608 3928 praeferentia.

381 4037 637 4138 Persicus)
686 4046 816 4118 Nescio,
846 4049 903 4130 qui
927 4050 996 4121 fiat,
1030 4051 1122 4112 utin
1146 4052 1333 4132 quibusdam

305 4169 404 4214 mauu
427 4149 556 4212 exaratis
577 4149 664 4210 libria
685 4151 797 4214 Elicus
814 4151 951 4235 legatur,
978 4173 1045 4215 nou
1064 4149 1217 4244 Persaeus.
1261 4155 1332 4218 Nou
