2848 4942
385 371 477 427 cin
509 371 546 423 n.
589 369 622 426 c.
652 371 674 424 ι.
717 369 795 446 ις.
1074 383 1114 446 μ

92 547 123 607 ln
141 547 229 626 priori
246 543 347 606 verbo
370 537 473 625 pollio
496 543 642 614 haerere,
676 545 730 626 qui
748 545 871 629 vulgari
896 543 947 606 illa
968 543 1116 630 fignifica-

91 651 164 708 tiooe
180 646 385 716 intellexerit,
425 665 503 706 cum
528 645 568 704 de
592 647 679 706 coitu
708 645 790 706 nihil
813 647 973 710 eiusmodi
1001 647 1116 710 inferat

90 749 257 818 Herodotus,
286 768 358 816 nec,
388 749 450 827 qni
473 747 591 806 Melam
615 748 720 808 reddit
741 749 872 810 Solinus
892 768 920 812 c.
936 763 995 812 ιο.
1012 747 1033 812 l.
1057 765 1113 828 15.

89 853 145 911 eine
165 853 361 911 mentionem
385 847 500 918 facian
543 850 647 909 immo
671 861 779 910 coetus
806 863 1054 921 commemoret,
1082 865 1116 914 et

88 952 249 1014 Herodotus
274 949 393 1021 δαῖτα,
429 949 589 1030 adquam
613 967 727 1010 vocem
754 965 860 1012 coetus
893 949 988 1012 refert
1016 955 1114 1014 etiam

87 1055 197 1114 Servius
218 1055 250 1114 in
269 1053 381 1136 Virgil.
405 1053 491 1113 ten.
515 1073 544 1120 ι,
569 1065 653 1128 755.
704 1047 807 1114 Pollio
830 1053 986 1136 igiturex
1008 1056 1112 1118 Ciacc.

88 1153 189 1215 Codice
205 1153 388 1214 substituere
409 1167 514 1222 coetu,
537 1153 572 1210 ni
589 1153 706 1214 Melam
729 1154 857 1214 aliunde
873 1155 993 1236 aliquid
1014 1157 1115 1218 Hero·

85 1257 171 1316 doleia
186 1271 218 1316 et
234 1257 286 1316 hic
305 1254 459 1316 adiecille
477 1254 585 1324 malie,
612 1267 665 1314 atit
683 1257 788 1334 potine
805 1257 917 1316 nativo
935 1271 967 1316 et
983 1262 1114 1339 proprio

83 1355 160 1416 [enin
176 1376 284 1419 vocem
299 1358 340 1418 de
356 1371 453 1416 coetu
470 1357 607 1436 explices
625 1354 799 1436 promiscua
821 1357 968 1440 scriptura
985 1359 1115 1422 editam.

82 1450 131 1519 sic'
150 1455 226 1518 iulra
251 1479 275 1521 c.
300 1475 333 1528 2,
364 1475 400 1519 2.
444 1456 502 1517 ubi
534 1457 588 1516 alii
627 1455 746 1518 habeut
781 1471 870 1519 coetu
905 1459 1114 1530 Maenadum,

83 1559 155 1620 t'off.
178 1581 205 1620 ι.
230 1573 262 1622 et
285 1560 399 1622 Cibin.
436 1557 585 1620 adferunt
617 1561 702 1618 coitu
734 1558 944 1621 Maenadum.
999 1559 1052 1623 Cf.
1075 1563 1115 1622 ad

80 1661 156 1722 Livii
179 1664 311 1742 epitom.
338 1663 403 1724 61.
458 1662 507 1722 lta
531 1678 610 1721 vero
641 1657 739 1744 prisca
771 1659 921 1744 scriptura
945 1663 978 1724 oi
1001 1681 1060 1745 pro
1081 1681 1117 1724 oe

80 1761 192 1823 editum
214 1763 268 1825 est.

148 1965 367 2047 immixta)
420 1967 474 2028 Sic
505 1965 599 2030 MSS.
634 1965 671 2028 Δ.
699 1967 859 2030 Gronovii
894 1981 927 2028 et
958 1987 997 2028 ex
1024 1967 1117 2040 meio,

82 2083 219 2146 qnantum
241 2071 343 2136 novi,
379 2066 465 2150 Lipl.
489 2067 597 2130 Cibin.
623 2069 707 2130 (iud.
732 2069 822 2152 Prag.
846 2067 1017 2150 liehdigee.
1041 2089 1117 2130 cnm

81 2170 205 2250 antiquie
222 2171 444 2232 editionibus.
499 2170 573 2230 Poll
598 2183 650 2246 15.
672 2185 728 2242 17.
753 2187 812 2232 oo.
837 2185 895 2248 25.
918 2168 1117 2232 Olivarianae

80 2272 202 2350 aliquae,
233 2275 397 2340 vinetus,
427 2269 595 2340 schottus,
631 2266 772 2342 Vossius,
805 2271 964 2332 Gronovii
986 2273 1024 2330 ad
1054 2287 1115 2350 42.

79 2371 214 2464 intuliſse.
268 2375 360 2434 lude
393 2391 467 2432 cum
502 2373 675 2434 Reiuoldio
708 2373 747 2432 ab
774 2373 826 2436 ed.
856 2385 917 2456 41¹4·
957 2373 1115 2434 iminixea.

76 2473 199 2535 variatio
217 2477 253 2536 in
278 2475 380 2536 librie
398 2473 505 2543 obvia,
533 2475 573 2534 de
595 2495 654 2554 qua
677 2471 717 2536 cl.
736 2473 889 2536 Cellariue
911 2473 1116 2557 in·Ortliogr.

77 2573 136 2636 Lat.
154 2577 191 2638 Τ.
216 2598 245 2639 ι.
271 2597 306 2658 p.
331 2591 423 2652 290.
450 2587 482 2635 et
496 2595 574 2655 quae
596 2575 641 2634 ibi
661 2577 776 2636 adiecit
794 2575 959 2636 llarleliua.
1011 2569 1059 2636 Τὸ
1081 2595 1116 2646 x,

75 2677 122 2734 etli
137 2677 269 2739 altemm
286 2679 397 2761 magia
413 2674 600 2756 respondeat
615 2677 785 2760 analogiae,
812 2673 992 2758 praeierunt
1009 2687 1117 2736 tamen

75 2777 199 2842 Codices
217 2800 293 2840 cum
311 2777 488 2860 lapidibus,
515 2775 694 2858 praeferunt
710 2779 806 2838 etiam
829 2779 889 2836 viti
905 2777 993 2837 docti
1010 2777 1117 2848 multi,

74 2880 333 2949 volunluntas,
364 2879 578 2948 Burmannus,
602 2877 894 2938 Drakenborchiue.
935 2877 1007 2938 l'id.
1026 2878 1119 2939 Gara·

72 2993 135 3042 tou.
151 2983 188 3043 ad
205 2983 278 3046 Cic.
296 3001 363 3063 pro
378 2981 464 3042 Sext.
483 2999 510 3042 c.
521 2981 580 3056 56.
607 2981 778 3042 Schwartz.
797 2981 836 3039 ad
852 2981 947 3040 Plinii
966 2999 1117 3062 panegyr.

75 3099 99 3139 c.
119 3096 172 3158 32.
195 3107 226 3166 p.
249 3103 340 3144 120.
369 3083 426 3162 qui
445 3101 609 3163 uunquam
630 3084 781 3152 mixtura,
809 3083 924 3142 naixtio
941 3078 1040 3152 scribi,
1064 3079 1118 3142 led

74 3197 192 3256 contra,
216 3185 384 3248 observat.

139 3387 324 3468 vincta)
377 3387 431 3449 Sic
456 3382 612 3456 Volsoni,
654 3385 802 3448 Ciaccon.
837 3385 929 3461 Prae.
965 3385 1119 3454 Vaticani,

74 3503 146 3568 puto
162 3505 196 3550 et
210 3487 418 3550 Parilienses.
457 3486 567 3550 Codex
587 3489 685 3549 eliani
704 3489 864 3548 Puluillus
882 3486 955 3548 telle
969 3487 1117 3547 Saltnolto

74 3591 106 3647 ad
128 3591 312 3672 lampridii
340 3589 538 3672 Heliogabal.
563 3609 589 3650 c.
617 3589 649 3650 si.
674 3589 696 3651 f.
726 3589 873 3648 exhibuit
901 3591 1022 3648 vincta.
1076 3591 1118 3647 At

75 3689 174 3754 Cibin.
192 3693 285 3754 Gud.
304 3692 444 3774 Relulig.
470 3704 560 3751 etex
579 3691 712 3758 filetum,
741 3691 853 3751 Venet.
875 3689 980 3750 llavn.
997 3689 1117 3758 nelina.

76 3794 123 3851 etfi
151 3797 186 3854 in
218 3793 421 3874 quibusdam
456 3789 624 3852 difficulter
653 3790 768 3866 lecetni
801 3805 974 3870 utrumque
1006 3787 1117 3870 potest,

77 3893 213 3954 velutin
242 3893 485 3976 liehdigerano.
538 3893 620 3954 Edtl.
652 3913 680 3955 ι.
702 3909 734 3953 ιι.
758 3907 790 3968 3.
812 3903 846 3970 4.
868 3904 899 3968 5.
921 3893 954 3954 (i.
974 3905 1005 3966 7.
1025 3903 1056 3966 8.
1082 3909 1116 3968 9.

80 4012 127 4056 ιο.
149 4015 206 4058 ιι.
236 4009 374 4074 1215.
402 3997 689 4073 14.19.iuncta‚·
728 3995 783 4056 16.
812 4005 1032 4070 18.ot.2a.
1062 3999 1118 4066 24.

79 4107 128 4172 25.
149 4097 333 4168 Vedianae,
364 4095 586 4168 ottonianae,
622 4095 777 4158 Schottue
802 4096 928 4166 cinctu
974 4105 1031 4169 ι5.
1064 4107 1118 4168 ι7.

701 4197 731 4258 D
762 4211 783 4259 2
