<?xml version="1.0" encoding="UTF-8"?>
<!DOCTYPE html PUBLIC "-//W3C//DTD XHTML 1.0 Transitional//EN"
    "http://www.w3.org/TR/xhtml1/DTD/xhtml1-transitional.dtd">
<html xmlns="http://www.w3.org/1999/xhtml" xml:lang="en" lang="en">
 <head>
  <title>
</title>
<meta http-equiv="Content-Type" content="text/html;charset=utf-8" />
  <meta name='ocr-system' content='tesseract 3.04.00' />
  <meta name='ocr-capabilities' content='ocr_page ocr_carea ocr_par ocr_line ocrx_word'/>
</head>
<body>
  <div class='ocr_page' id='page_1' title='image "./pomponiimelaede05melagoog_0049.png"; bbox 0 0 2848 4942; ppageno 0'>
   <div class='ocr_carea' id='block_1_1' title="bbox 364 433 1124 514">
    <p class='ocr_par' dir='ltr' id='par_1_1' title="bbox 364 433 1124 514">
     <span class='ocr_line' id='line_1_1' title="bbox 364 433 1124 514; baseline 0.003 -20"><span class='ocrx_word' id='word_1_1' title='bbox 364 436 474 494; x_wconf 72' lang='grc' dir='ltr'><strong><em>ΗΒ.</em></strong></span> <span class='ocrx_word' id='word_1_2' title='bbox 505 439 549 494; x_wconf 82' lang='lat'><strong>11.</strong></span> <span class='ocrx_word' id='word_1_3' title='bbox 595 439 630 496; x_wconf 83' lang='lat' dir='ltr'><strong>c.</strong></span> <span class='ocrx_word' id='word_1_4' title='bbox 662 441 685 494; x_wconf 83' lang='lat' dir='ltr'><strong>t.</strong></span> <span class='ocrx_word' id='word_1_5' title='bbox 726 433 802 506; x_wconf 58' lang='lat' dir='ltr'><strong>id.</strong></span> <span class='ocrx_word' id='word_1_6' title='bbox 1082 445 1124 514; x_wconf 72' lang='lat'><strong>4²</strong></span> 
     </span>
    </p>
   </div>
   <div class='ocr_carea' id='block_1_2' title="bbox 63 605 1124 1911">
    <p class='ocr_par' dir='ltr' id='par_1_2' title="bbox 63 605 1124 1911">
     <span class='ocr_line' id='line_1_2' title="bbox 65 605 1123 698; baseline 0.003 -26"><span class='ocrx_word' id='word_1_7' title='bbox 65 607 206 680; x_wconf 76' lang='lat' dir='ltr'><strong>consului,</strong></span> <span class='ocrx_word' id='word_1_8' title='bbox 237 629 364 673; x_wconf 72' lang='lat' dir='ltr'><strong>omnes</strong></span> <span class='ocrx_word' id='word_1_9' title='bbox 386 605 632 698; x_wconf 72' lang='grc' dir='ltr'><strong>Βορυσθένης,</strong></span> <span class='ocrx_word' id='word_1_10' title='bbox 661 611 789 694; x_wconf 87' lang='lat' dir='ltr'><strong>quidam</strong></span> <span class='ocrx_word' id='word_1_11' title='bbox 812 607 967 694; x_wconf 78' lang='lat' dir='ltr'><strong>subpreiio</strong></span> <span class='ocrx_word' id='word_1_12' title='bbox 987 611 1123 676; x_wconf 84' lang='lat' dir='ltr'><strong>nomina</strong></span> 
     </span>
     <span class='ocr_line' id='line_1_3' title="bbox 65 711 1123 798; baseline 0.005 -24"><span class='ocrx_word' id='word_1_13' title='bbox 65 714 150 774; x_wconf 80' lang='lat' dir='ltr'><strong>fluvio</strong></span> <span class='ocrx_word' id='word_1_14' title='bbox 163 725 247 774; x_wconf 87' lang='lat' dir='ltr'><strong>certe</strong></span> <span class='ocrx_word' id='word_1_15' title='bbox 264 715 530 798; x_wconf 81' lang='lat' dir='ltr'><strong>cognominem</strong></span> <span class='ocrx_word' id='word_1_16' title='bbox 548 713 674 784; x_wconf 79' lang='lat' dir='ltr'><strong>dicunt,</strong></span> <span class='ocrx_word' id='word_1_17' title='bbox 698 711 855 778; x_wconf 84' lang='lat' dir='ltr'><strong>ntStrabo</strong></span> <span class='ocrx_word' id='word_1_18' title='bbox 872 727 906 788; x_wconf 89' lang='lat'><strong>7.</strong></span> <span class='ocrx_word' id='word_1_19' title='bbox 922 733 955 796; x_wconf 89' lang='lat' dir='ltr'><strong>p.</strong></span> <span class='ocrx_word' id='word_1_20' title='bbox 971 733 1017 778; x_wconf 87' lang='lat' dir='ltr'><strong>m.</strong></span> <span class='ocrx_word' id='word_1_21' title='bbox 1036 729 1123 779; x_wconf 73' lang='grc' dir='ltr'><strong><em>Μ.</em></strong></span> 
     </span>
     <span class='ocr_line' id='line_1_4' title="bbox 66 811 1119 896; baseline 0.008 -24"><span class='ocrx_word' id='word_1_22' title='bbox 66 813 83 875; x_wconf 83' lang='lat' dir='ltr'><strong>i.</strong></span> <span class='ocrx_word' id='word_1_23' title='bbox 107 811 180 892; x_wconf 83' lang='lat'><strong>506.</strong></span> <span class='ocrx_word' id='word_1_24' title='bbox 212 830 248 875; x_wconf 83' lang='lat' dir='ltr'><strong>et</strong></span> <span class='ocrx_word' id='word_1_25' title='bbox 268 817 312 876; x_wconf 87' lang='lat' dir='ltr'><strong>de</strong></span> <span class='ocrx_word' id='word_1_26' title='bbox 338 827 503 896; x_wconf 84' lang='lat' dir='ltr'><strong>utroque</strong></span> <span class='ocrx_word' id='word_1_27' title='bbox 529 813 711 896; x_wconf 77' lang='lat' dir='ltr'><strong>Stephanae</strong></span> <span class='ocrx_word' id='word_1_28' title='bbox 733 813 765 876; x_wconf 79' lang='lat' dir='ltr'><strong>h.</strong></span> <span class='ocrx_word' id='word_1_29' title='bbox 790 835 823 876; x_wconf 83' lang='lat' dir='ltr'><strong>v.</strong></span> <span class='ocrx_word' id='word_1_30' title='bbox 861 813 1001 880; x_wconf 86' lang='lat' dir='ltr'><strong>Ptolem.</strong></span> <span class='ocrx_word' id='word_1_31' title='bbox 1025 829 1058 894; x_wconf 78' lang='lat'><strong>3.</strong></span> <span class='ocrx_word' id='word_1_32' title='bbox 1085 825 1119 894; x_wconf 77' lang='lat'><strong>5.</strong></span> 
     </span>
     <span class='ocr_line' id='line_1_5' title="bbox 64 895 1121 1000; baseline 0.005 -25"><span class='ocrx_word' id='word_1_33' title='bbox 64 917 137 976; x_wconf 75' lang='grc' dir='ltr'><strong><em>ιι...</em></strong></span> <span class='ocrx_word' id='word_1_34' title='bbox 161 913 277 978; x_wconf 66' lang='lat' dir='ltr'><strong>uren.</strong></span> <span class='ocrx_word' id='word_1_35' title='bbox 304 916 515 977; x_wconf 68' lang='lat' dir='ltr'><strong>adfirmant.</strong></span> <span class='ocrx_word' id='word_1_36' title='bbox 570 915 665 978; x_wconf 72' lang='lat' dir='ltr'><strong>Nau·</strong></span> <span class='ocrx_word' id='word_1_37' title='bbox 694 917 795 1000; x_wconf 69' lang='lat' dir='ltr'><strong>igitur</strong></span> <span class='ocrx_word' id='word_1_38' title='bbox 825 915 905 978; x_wconf 69' lang='lat' dir='ltr'><strong>artu·</strong></span> <span class='ocrx_word' id='word_1_39' title='bbox 931 895 1121 982; x_wconf 66' lang='lat' dir='ltr'><strong>nunnoni.</strong></span> 
     </span>
     <span class='ocr_line' id='line_1_6' title="bbox 66 1016 1120 1100; baseline 0.006 -24"><span class='ocrx_word' id='word_1_40' title='bbox 66 1016 196 1078; x_wconf 79' lang='lat' dir='ltr'><strong>tuttutnn</strong></span> <span class='ocrx_word' id='word_1_41' title='bbox 223 1019 259 1078; x_wconf 85' lang='lat' dir='ltr'><strong>in</strong></span> <span class='ocrx_word' id='word_1_42' title='bbox 281 1021 463 1097; x_wconf 81' lang='lat' dir='ltr'><strong>anonymi</strong></span> <span class='ocrx_word' id='word_1_43' title='bbox 494 1017 622 1100; x_wconf 80' lang='lat' dir='ltr'><strong>periplo</strong></span> <span class='ocrx_word' id='word_1_44' title='bbox 650 1017 748 1080; x_wconf 82' lang='lat' dir='ltr'><strong>Ponti</strong></span> <span class='ocrx_word' id='word_1_45' title='bbox 768 1017 888 1078; x_wconf 83' lang='lat' dir='ltr'>Euxini</span> <span class='ocrx_word' id='word_1_46' title='bbox 906 1037 938 1100; x_wconf 87' lang='lat' dir='ltr'><strong>p.</strong></span> <span class='ocrx_word' id='word_1_47' title='bbox 962 1027 996 1096; x_wconf 83' lang='lat'><strong>8.</strong></span> <span class='ocrx_word' id='word_1_48' title='bbox 1019 1017 1120 1082; x_wconf 81' lang='lat' dir='ltr'><strong>Hudl.</strong></span> 
     </span>
     <span class='ocr_line' id='line_1_7' title="bbox 66 1113 1124 1206; baseline 0.003 -27"><span class='ocrx_word' id='word_1_49' title='bbox 66 1119 200 1179; x_wconf 86' lang='lat' dir='ltr'><strong>emendat</strong></span> <span class='ocrx_word' id='word_1_50' title='bbox 224 1119 396 1182; x_wconf 73' lang='lat' dir='ltr'><strong>Collatino</strong></span> <span class='ocrx_word' id='word_1_51' title='bbox 423 1119 465 1179; x_wconf 89' lang='lat' dir='ltr'><strong>in</strong></span> <span class='ocrx_word' id='word_1_52' title='bbox 492 1118 613 1203; x_wconf 83' lang='lat' dir='ltr'><strong>Geogr.</strong></span> <span class='ocrx_word' id='word_1_53' title='bbox 634 1131 698 1180; x_wconf 87' lang='lat' dir='ltr'><strong>ant.</strong></span> <span class='ocrx_word' id='word_1_54' title='bbox 724 1135 758 1187; x_wconf 73' lang='lat' dir='ltr'><strong>u.</strong></span> <span class='ocrx_word' id='word_1_55' title='bbox 782 1119 816 1188; x_wconf 87' lang='lat'><strong>6.</strong></span> <span class='ocrx_word' id='word_1_56' title='bbox 843 1137 898 1182; x_wconf 87' lang='lat' dir='ltr'><strong>tt.</strong></span> <span class='ocrx_word' id='word_1_57' title='bbox 929 1113 1124 1206; x_wconf 69' lang='grc' dir='ltr'><strong><em>Βορυσθιιὶς</em></strong></span> 
     </span>
     <span class='ocr_line' id='line_1_8' title="bbox 65 1215 1122 1306; baseline 0.005 -27"><span class='ocrx_word' id='word_1_58' title='bbox 65 1241 113 1302; x_wconf 88' lang='lat' dir='ltr'><strong>pro</strong></span> <span class='ocrx_word' id='word_1_59' title='bbox 133 1217 361 1306; x_wconf 69' lang='grc' dir='ltr'><strong>Βορυσθένης,</strong></span> <span class='ocrx_word' id='word_1_60' title='bbox 392 1217 491 1282; x_wconf 77' lang='lat' dir='ltr'><strong>forte</strong></span> <span class='ocrx_word' id='word_1_61' title='bbox 511 1221 585 1300; x_wconf 86' lang='lat' dir='ltr'><strong>qnia</strong></span> <span class='ocrx_word' id='word_1_62' title='bbox 603 1218 797 1302; x_wconf 69' lang='lat' dir='ltr'><strong>subsequitur</strong></span> <span class='ocrx_word' id='word_1_63' title='bbox 811 1215 987 1304; x_wconf 71' lang='grc' dir='ltr'>κληθεῖσα·</span> <span class='ocrx_word' id='word_1_64' title='bbox 1021 1235 1052 1282; x_wconf 90' lang='lat' dir='ltr'><strong>at</strong></span> <span class='ocrx_word' id='word_1_65' title='bbox 1074 1241 1122 1284; x_wconf 84' lang='lat' dir='ltr'><strong>re·</strong></span> 
     </span>
     <span class='ocr_line' id='line_1_9' title="bbox 64 1315 1122 1404; baseline 0.004 -22"><span class='ocrx_word' id='word_1_66' title='bbox 64 1321 154 1382; x_wconf 84' lang='lat' dir='ltr'><strong>lertur</strong></span> <span class='ocrx_word' id='word_1_67' title='bbox 183 1323 223 1382; x_wconf 92' lang='lat' dir='ltr'><strong>ad</strong></span> <span class='ocrx_word' id='word_1_68' title='bbox 252 1325 350 1404; x_wconf 74' lang='lat' dir='ltr'><strong>princ</strong></span> <span class='ocrx_word' id='word_1_69' title='bbox 381 1319 573 1384; x_wconf 65' lang='grc' dir='ltr'><strong><em>κτισθεῖσα</em></strong></span> <span class='ocrx_word' id='word_1_70' title='bbox 598 1315 702 1396; x_wconf 73' lang='grc' dir='ltr'><strong><em>πόλις.</em></strong></span> <span class='ocrx_word' id='word_1_71' title='bbox 754 1323 804 1384; x_wconf 84' lang='grc' dir='ltr'><strong>Διι</strong></span> <span class='ocrx_word' id='word_1_72' title='bbox 833 1323 928 1404; x_wconf 77' lang='lat' dir='ltr'><strong>igitur</strong></span> <span class='ocrx_word' id='word_1_73' title='bbox 959 1323 993 1382; x_wconf 93' lang='lat' dir='ltr'><strong>in</strong></span> <span class='ocrx_word' id='word_1_74' title='bbox 1015 1323 1122 1386; x_wconf 84' lang='lat' dir='ltr'><strong>noilro</strong></span> 
     </span>
     <span class='ocr_line' id='line_1_10' title="bbox 63 1421 1122 1496; baseline 0.002 -14"><span class='ocrx_word' id='word_1_75' title='bbox 63 1425 211 1482; x_wconf 82' lang='lat' dir='ltr'><strong>mutanda</strong></span> <span class='ocrx_word' id='word_1_76' title='bbox 228 1421 271 1484; x_wconf 81' lang='lat' dir='ltr'><strong>est</strong></span> <span class='ocrx_word' id='word_1_77' title='bbox 284 1423 518 1484; x_wconf 68' lang='lat' dir='ltr'><strong>terminatio?</strong></span> <span class='ocrx_word' id='word_1_78' title='bbox 569 1422 684 1492; x_wconf 83' lang='lat' dir='ltr'><strong>Immo.</strong></span> <span class='ocrx_word' id='word_1_79' title='bbox 709 1443 784 1484; x_wconf 85' lang='lat' dir='ltr'><strong>cum</strong></span> <span class='ocrx_word' id='word_1_80' title='bbox 805 1423 895 1484; x_wconf 83' lang='lat' dir='ltr'><strong>aliter</strong></span> <span class='ocrx_word' id='word_1_81' title='bbox 914 1423 1019 1484; x_wconf 82' lang='lat' dir='ltr'><strong>nolint</strong></span> <span class='ocrx_word' id='word_1_82' title='bbox 1037 1423 1122 1496; x_wconf 86' lang='lat' dir='ltr'><strong>libri,</strong></span> 
     </span>
     <span class='ocr_line' id='line_1_11' title="bbox 66 1521 1123 1608; baseline 0.003 -25"><span class='ocrx_word' id='word_1_83' title='bbox 66 1521 154 1584; x_wconf 88' lang='lat' dir='ltr'><strong>iuum</strong></span> <span class='ocrx_word' id='word_1_84' title='bbox 177 1539 343 1586; x_wconf 87' lang='lat' dir='ltr'><strong>auctorem</strong></span> <span class='ocrx_word' id='word_1_85' title='bbox 366 1523 511 1586; x_wconf 78' lang='lat' dir='ltr'><strong>secutur</strong></span> <span class='ocrx_word' id='word_1_86' title='bbox 526 1523 586 1586; x_wconf 86' lang='lat' dir='ltr'><strong>elle</strong></span> <span class='ocrx_word' id='word_1_87' title='bbox 606 1525 750 1596; x_wconf 80' lang='lat' dir='ltr'><strong>videtur,</strong></span> <span class='ocrx_word' id='word_1_88' title='bbox 783 1537 816 1586; x_wconf 89' lang='lat' dir='ltr'><strong>et</strong></span> <span class='ocrx_word' id='word_1_89' title='bbox 837 1521 918 1586; x_wconf 79' lang='lat' dir='ltr'><strong>forte</strong></span> <span class='ocrx_word' id='word_1_90' title='bbox 939 1525 1022 1608; x_wconf 83' lang='lat' dir='ltr'><strong>apud</strong></span> <span class='ocrx_word' id='word_1_91' title='bbox 1040 1525 1123 1586; x_wconf 83' lang='lat' dir='ltr'><strong>Lati·</strong></span> 
     </span>
     <span class='ocr_line' id='line_1_12' title="bbox 66 1623 1124 1706; baseline 0 -20"><span class='ocrx_word' id='word_1_92' title='bbox 66 1645 120 1686; x_wconf 79' lang='lat' dir='ltr'><strong>nos</strong></span> <span class='ocrx_word' id='word_1_93' title='bbox 134 1641 281 1688; x_wconf 76' lang='lat' dir='ltr'><strong>auctores</strong></span> <span class='ocrx_word' id='word_1_94' title='bbox 300 1624 404 1686; x_wconf 84' lang='lat' dir='ltr'><strong>nium</strong></span> <span class='ocrx_word' id='word_1_95' title='bbox 427 1625 580 1686; x_wconf 85' lang='lat' dir='ltr'><strong>obtinuit</strong></span> <span class='ocrx_word' id='word_1_96' title='bbox 602 1625 654 1686; x_wconf 88' lang='lat' dir='ltr'><strong>illa</strong></span> <span class='ocrx_word' id='word_1_97' title='bbox 675 1623 787 1696; x_wconf 78' lang='lat' dir='ltr'><strong>forma,</strong></span> <span class='ocrx_word' id='word_1_98' title='bbox 817 1645 877 1706; x_wconf 87' lang='lat' dir='ltr'><strong>qua</strong></span> <span class='ocrx_word' id='word_1_99' title='bbox 895 1639 979 1688; x_wconf 87' lang='lat' dir='ltr'><strong>certe</strong></span> <span class='ocrx_word' id='word_1_100' title='bbox 998 1625 1124 1688; x_wconf 84' lang='lat' dir='ltr'><strong>inveni·</strong></span> 
     </span>
     <span class='ocr_line' id='line_1_13' title="bbox 67 1725 1122 1811; baseline 0.006 -25"><span class='ocrx_word' id='word_1_101' title='bbox 67 1743 113 1787; x_wconf 86' lang='lat' dir='ltr'><strong>tur</strong></span> <span class='ocrx_word' id='word_1_102' title='bbox 135 1731 234 1788; x_wconf 83' lang='lat' dir='ltr'><strong>etiam</strong></span> <span class='ocrx_word' id='word_1_103' title='bbox 257 1729 292 1787; x_wconf 87' lang='lat' dir='ltr'><strong>in</strong></span> <span class='ocrx_word' id='word_1_104' title='bbox 316 1727 498 1788; x_wconf 85' lang='lat' dir='ltr'><strong>lornande</strong></span> <span class='ocrx_word' id='word_1_105' title='bbox 521 1725 561 1787; x_wconf 82' lang='lat' dir='ltr'><strong>de</strong></span> <span class='ocrx_word' id='word_1_106' title='bbox 580 1725 676 1790; x_wconf 81' lang='lat' dir='ltr'><strong>rebut</strong></span> <span class='ocrx_word' id='word_1_107' title='bbox 698 1727 818 1790; x_wconf 79' lang='lat' dir='ltr'><strong>Geticic</strong></span> <span class='ocrx_word' id='word_1_108' title='bbox 839 1745 905 1811; x_wconf 70' lang='lat' dir='ltr'><strong>cap.</strong></span> <span class='ocrx_word' id='word_1_109' title='bbox 924 1739 957 1806; x_wconf 85' lang='grc'><strong><em>5.</em></strong></span> <span class='ocrx_word' id='word_1_110' title='bbox 995 1725 1122 1794; x_wconf 69' lang='lat' dir='ltr'><strong>Plinio·</strong></span> 
     </span>
     <span class='ocr_line' id='line_1_14' title="bbox 65 1825 591 1911; baseline 0.004 -23"><span class='ocrx_word' id='word_1_111' title='bbox 65 1849 177 1890; x_wconf 85' lang='lat' dir='ltr'><strong>nomen</strong></span> <span class='ocrx_word' id='word_1_112' title='bbox 199 1825 308 1911; x_wconf 85' lang='lat' dir='ltr'><strong>ipsum</strong></span> <span class='ocrx_word' id='word_1_113' title='bbox 328 1847 409 1890; x_wconf 89' lang='lat' dir='ltr'><strong>non</strong></span> <span class='ocrx_word' id='word_1_114' title='bbox 429 1825 591 1909; x_wconf 79' lang='lat' dir='ltr'><strong>adposuit.</strong></span> 
     </span>
    </p>
   </div>
   <div class='ocr_carea' id='block_1_3' title="bbox 69 2029 1204 3430">
    <p class='ocr_par' dir='ltr' id='par_1_3' title="bbox 69 2029 1204 3430">
     <span class='ocr_line' id='line_1_15' title="bbox 138 2029 1119 2119; baseline 0.004 -26"><span class='ocrx_word' id='word_1_115' title='bbox 138 2029 327 2119; x_wconf 76' lang='lat' dir='ltr'><strong>leion)</strong></span> <span class='ocrx_word' id='word_1_116' title='bbox 386 2031 547 2095; x_wconf 86' lang='lat' dir='ltr'><strong>Ciaccon.</strong></span> <span class='ocrx_word' id='word_1_117' title='bbox 579 2029 754 2116; x_wconf 78' lang='lat' dir='ltr'><strong>llelnliger.</strong></span> <span class='ocrx_word' id='word_1_118' title='bbox 785 2031 899 2092; x_wconf 86' lang='lat' dir='ltr'><strong>Venet.</strong></span> <span class='ocrx_word' id='word_1_119' title='bbox 933 2029 1119 2098; x_wconf 81' lang='lat' dir='ltr'><strong>vindobon.</strong></span> 
     </span>
     <span class='ocr_line' id='line_1_16' title="bbox 73 2129 1122 2218; baseline 0 -24"><span class='ocrx_word' id='word_1_120' title='bbox 73 2133 155 2218; x_wconf 76' lang='lat' dir='ltr'><strong>Prag.</strong></span> <span class='ocrx_word' id='word_1_121' title='bbox 173 2155 254 2195; x_wconf 74' lang='grc' dir='ltr'><strong><em>ππ.</em></strong></span> <span class='ocrx_word' id='word_1_122' title='bbox 280 2139 320 2196; x_wconf 92' lang='lat' dir='ltr'><strong>in</strong></span> <span class='ocrx_word' id='word_1_123' title='bbox 348 2134 438 2196; x_wconf 88' lang='lat' dir='ltr'><strong>edit.</strong></span> <span class='ocrx_word' id='word_1_124' title='bbox 463 2149 524 2210; x_wconf 79' lang='lat'><strong>29.</strong></span> <span class='ocrx_word' id='word_1_125' title='bbox 547 2129 689 2202; x_wconf 80' lang='lat' dir='ltr'><strong>Olbiam,</strong></span> <span class='ocrx_word' id='word_1_126' title='bbox 721 2131 808 2214; x_wconf 92' lang='lat' dir='ltr'><strong>qnod</strong></span> <span class='ocrx_word' id='word_1_127' title='bbox 832 2145 865 2194; x_wconf 87' lang='lat' dir='ltr'><strong>et</strong></span> <span class='ocrx_word' id='word_1_128' title='bbox 889 2129 984 2192; x_wconf 84' lang='lat' dir='ltr'><strong>habet</strong></span> <span class='ocrx_word' id='word_1_129' title='bbox 1006 2131 1122 2194; x_wconf 84' lang='lat' dir='ltr'><strong>llocca·</strong></span> 
     </span>
     <span class='ocr_line' id='line_1_17' title="bbox 74 2229 1119 2314; baseline 0.003 -22"><span class='ocrx_word' id='word_1_130' title='bbox 74 2237 208 2298; x_wconf 63' lang='lat' dir='ltr'><strong>tiurcl.</strong></span> <span class='ocrx_word' id='word_1_131' title='bbox 229 2235 338 2298; x_wconf 78' lang='lat' dir='ltr'><strong>Paris.</strong></span> <span class='ocrx_word' id='word_1_132' title='bbox 363 2249 401 2314; x_wconf 82' lang='lat'><strong>3.</strong></span> <span class='ocrx_word' id='word_1_133' title='bbox 432 2231 572 2305; x_wconf 59' lang='lat' dir='ltr'><strong>Olbiam</strong></span> <span class='ocrx_word' id='word_1_134' title='bbox 606 2233 690 2296; x_wconf 87' lang='lat' dir='ltr'><strong>Gud.</strong></span> <span class='ocrx_word' id='word_1_135' title='bbox 712 2229 868 2304; x_wconf 74' lang='lat' dir='ltr'><strong>olbidnm3</strong></span> <span class='ocrx_word' id='word_1_136' title='bbox 903 2231 1010 2296; x_wconf 82' lang='lat' dir='ltr'><strong>cibin.</strong></span> <span class='ocrx_word' id='word_1_137' title='bbox 1036 2229 1119 2314; x_wconf 81' lang='lat' dir='ltr'><strong>Lipl.</strong></span> 
     </span>
     <span class='ocr_line' id='line_1_18' title="bbox 72 2331 1123 2417; baseline 0.002 -23"><span class='ocrx_word' id='word_1_138' title='bbox 72 2337 202 2398; x_wconf 77' lang='lat' dir='ltr'><strong>Vaticani</strong></span> <span class='ocrx_word' id='word_1_139' title='bbox 223 2359 254 2398; x_wconf 88' lang='grc' dir='ltr'><strong><em>ι.</em></strong></span> <span class='ocrx_word' id='word_1_140' title='bbox 280 2351 320 2416; x_wconf 84' lang='lat'><strong>3.</strong></span> <span class='ocrx_word' id='word_1_141' title='bbox 346 2350 385 2398; x_wconf 84' lang='lat' dir='ltr'><strong>et</strong></span> <span class='ocrx_word' id='word_1_142' title='bbox 408 2335 555 2417; x_wconf 80' lang='lat' dir='ltr'><strong>plerique</strong></span> <span class='ocrx_word' id='word_1_143' title='bbox 577 2335 612 2396; x_wconf 78' lang='lat' dir='ltr'><strong>A.</strong></span> <span class='ocrx_word' id='word_1_144' title='bbox 630 2333 788 2396; x_wconf 85' lang='lat' dir='ltr'><strong>Gronovii</strong></span> <span class='ocrx_word' id='word_1_145' title='bbox 812 2331 948 2404; x_wconf 78' lang='lat' dir='ltr'><strong>Olbian,</strong></span> <span class='ocrx_word' id='word_1_146' title='bbox 980 2335 1065 2414; x_wconf 89' lang='lat' dir='ltr'><strong>quod</strong></span> <span class='ocrx_word' id='word_1_147' title='bbox 1088 2342 1123 2396; x_wconf 77' lang='lat' dir='ltr'><strong>et</strong></span> 
     </span>
     <span class='ocr_line' id='line_1_19' title="bbox 70 2431 1122 2520; baseline 0 -22"><span class='ocrx_word' id='word_1_148' title='bbox 70 2439 101 2498; x_wconf 85' lang='lat' dir='ltr'><strong>in</strong></span> <span class='ocrx_word' id='word_1_149' title='bbox 126 2437 178 2498; x_wconf 87' lang='lat' dir='ltr'><strong>luo</strong></span> <span class='ocrx_word' id='word_1_150' title='bbox 202 2439 336 2502; x_wconf 83' lang='lat' dir='ltr'><strong>Codice</strong></span> <span class='ocrx_word' id='word_1_151' title='bbox 365 2438 454 2520; x_wconf 82' lang='lat' dir='ltr'><strong>legit</strong></span> <span class='ocrx_word' id='word_1_152' title='bbox 482 2435 682 2506; x_wconf 68' lang='lat' dir='ltr'><strong>Eumenius,</strong></span> <span class='ocrx_word' id='word_1_153' title='bbox 723 2437 779 2517; x_wconf 86' lang='lat' dir='ltr'><strong>qni</strong></span> <span class='ocrx_word' id='word_1_154' title='bbox 812 2431 852 2496; x_wconf 83' lang='lat' dir='ltr'><strong>ci.</strong></span> <span class='ocrx_word' id='word_1_155' title='bbox 886 2435 925 2494; x_wconf 87' lang='lat' dir='ltr'><strong>ad</strong></span> <span class='ocrx_word' id='word_1_156' title='bbox 960 2433 1122 2498; x_wconf 88' lang='lat' dir='ltr'><strong>Ortelium</strong></span> 
     </span>
     <span class='ocr_line' id='line_1_20' title="bbox 70 2535 1204 2624; baseline 0 -26"><span class='ocrx_word' id='word_1_157' title='bbox 70 2560 99 2620; x_wconf 90' lang='lat' dir='ltr'><strong>p.</strong></span> <span class='ocrx_word' id='word_1_158' title='bbox 119 2551 195 2622; x_wconf 82' lang='lat'><strong>135.</strong></span> <span class='ocrx_word' id='word_1_159' title='bbox 221 2542 280 2600; x_wconf 85' lang='lat' dir='ltr'><strong>alii</strong></span> <span class='ocrx_word' id='word_1_160' title='bbox 305 2539 446 2600; x_wconf 72' lang='lat' dir='ltr'><strong>codices</strong></span> <span class='ocrx_word' id='word_1_161' title='bbox 469 2557 544 2598; x_wconf 87' lang='lat' dir='ltr'><strong>cum</strong></span> <span class='ocrx_word' id='word_1_162' title='bbox 567 2537 659 2597; x_wconf 72' lang='lat' dir='ltr'><strong>editis</strong></span> <span class='ocrx_word' id='word_1_163' title='bbox 681 2535 779 2598; x_wconf 76' lang='lat' dir='ltr'><strong>libris.</strong></span> <span class='ocrx_word' id='word_1_164' title='bbox 830 2535 914 2596; x_wconf 87' lang='lat' dir='ltr'><strong>Edd.</strong></span> <span class='ocrx_word' id='word_1_165' title='bbox 934 2551 1014 2624; x_wconf 73' lang='lat'><strong>¹·,2·</strong></span> <span class='ocrx_word' id='word_1_166' title='bbox 1033 2551 1065 2598; x_wconf 73' lang='grc' dir='ltr'><strong><em>Ω.</em></strong></span> <span class='ocrx_word' id='word_1_167' title='bbox 1087 2547 1121 2614; x_wconf 80' lang='lat'><strong>3.</strong></span> <span class='ocrx_word' id='word_1_168' title='bbox 1198 2545 1204 2556; x_wconf 89' lang='lat'>&#39;</span> 
     </span>
     <span class='ocr_line' id='line_1_21' title="bbox 73 2635 1121 2718; baseline -0.002 -18"><span class='ocrx_word' id='word_1_169' title='bbox 73 2662 104 2718; x_wconf 71' lang='lat' dir='ltr'><strong>q.</strong></span> <span class='ocrx_word' id='word_1_170' title='bbox 127 2655 156 2716; x_wconf 81' lang='lat'><strong>5.</strong></span> <span class='ocrx_word' id='word_1_171' title='bbox 181 2643 215 2704; x_wconf 88' lang='lat'><strong>6.</strong></span> <span class='ocrx_word' id='word_1_172' title='bbox 243 2656 279 2713; x_wconf 83' lang='lat'><strong>7.</strong></span> <span class='ocrx_word' id='word_1_173' title='bbox 307 2653 349 2716; x_wconf 73' lang='grc'><strong><em>8.</em></strong></span> <span class='ocrx_word' id='word_1_174' title='bbox 377 2655 417 2717; x_wconf 89' lang='lat'><strong>9.</strong></span> <span class='ocrx_word' id='word_1_175' title='bbox 447 2657 501 2698; x_wconf 86' lang='grc' dir='ltr'><strong><em>ιο.</em></strong></span> <span class='ocrx_word' id='word_1_176' title='bbox 527 2637 724 2718; x_wconf 79' lang='lat' dir='ltr'><strong>omninoque</strong></span> <span class='ocrx_word' id='word_1_177' title='bbox 747 2655 861 2698; x_wconf 78' lang='lat' dir='ltr'><strong>onmes</strong></span> <span class='ocrx_word' id='word_1_178' title='bbox 890 2655 963 2698; x_wconf 87' lang='lat' dir='ltr'><strong>curn</strong></span> <span class='ocrx_word' id='word_1_179' title='bbox 985 2635 1121 2698; x_wconf 87' lang='lat' dir='ltr'><strong>Schotto</strong></span> 
     </span>
     <span class='ocr_line' id='line_1_22' title="bbox 71 2727 1122 2822; baseline -0.004 -22"><span class='ocrx_word' id='word_1_180' title='bbox 71 2743 222 2802; x_wconf 79' lang='lat' dir='ltr'><strong>dederunt</strong></span> <span class='ocrx_word' id='word_1_181' title='bbox 247 2740 401 2810; x_wconf 78' lang='lat' dir='ltr'><strong>Oihida;</strong></span> <span class='ocrx_word' id='word_1_182' title='bbox 438 2741 580 2806; x_wconf 77' lang='lat' dir='ltr'><strong>Vinctus,</strong></span> <span class='ocrx_word' id='word_1_183' title='bbox 600 2735 694 2822; x_wconf 81' lang='lat' dir='ltr'><strong>(lullo</strong></span> <span class='ocrx_word' id='word_1_184' title='bbox 713 2739 857 2800; x_wconf 66' lang='lat' dir='ltr'><strong>Iuntina!</strong></span> <span class='ocrx_word' id='word_1_185' title='bbox 873 2727 974 2797; x_wconf 77' lang='lat' dir='ltr'><strong>adfert</strong></span> <span class='ocrx_word' id='word_1_186' title='bbox 989 2737 1026 2798; x_wconf 76' lang='grc' dir='ltr'><strong><em>Α.</em></strong></span> <span class='ocrx_word' id='word_1_187' title='bbox 1043 2735 1122 2796; x_wconf 86' lang='lat' dir='ltr'><strong>Gro-</strong></span> 
     </span>
     <span class='ocr_line' id='line_1_23' title="bbox 70 2835 1121 2929; baseline -0.005 -28"><span class='ocrx_word' id='word_1_188' title='bbox 70 2841 165 2929; x_wconf 79' lang='lat' dir='ltr'><strong>nov.)</strong></span> <span class='ocrx_word' id='word_1_189' title='bbox 189 2843 263 2926; x_wconf 79' lang='lat' dir='ltr'><strong>post</strong></span> <span class='ocrx_word' id='word_1_190' title='bbox 289 2835 433 2902; x_wconf 73' lang='lat' dir='ltr'><strong>Voll&#39;ma</strong></span> <span class='ocrx_word' id='word_1_191' title='bbox 458 2849 518 2916; x_wconf 54' lang='lat' dir='ltr'><strong>lio.</strong></span> <span class='ocrx_word' id='word_1_192' title='bbox 540 2849 601 2918; x_wconf 75' lang='lat'><strong>4¹·</strong></span> <span class='ocrx_word' id='word_1_193' title='bbox 627 2849 686 2918; x_wconf 80' lang='lat'><strong>42.</strong></span> <span class='ocrx_word' id='word_1_194' title='bbox 715 2836 859 2908; x_wconf 65' lang='lat' dir='ltr'><strong>olbiam</strong></span> <span class='ocrx_word' id='word_1_195' title='bbox 893 2837 1121 2898; x_wconf 80' lang='lat' dir='ltr'><strong>lleinoidianae</strong></span> 
     </span>
     <span class='ocr_line' id='line_1_24' title="bbox 70 2939 1122 3026; baseline -0.008 -20"><span class='ocrx_word' id='word_1_196' title='bbox 70 2955 126 3020; x_wconf 59' lang='grc' dir='ltr'><strong><em>ιιι.</em></strong></span> <span class='ocrx_word' id='word_1_197' title='bbox 149 2955 211 3026; x_wconf 79' lang='lat'><strong>45.</strong></span> <span class='ocrx_word' id='word_1_198' title='bbox 233 2943 417 3026; x_wconf 83' lang='lat' dir='ltr'><strong>proximae</strong></span> <span class='ocrx_word' id='word_1_199' title='bbox 437 2939 565 3010; x_wconf 82' lang='lat' dir='ltr'><strong>Olbian,</strong></span> <span class='ocrx_word' id='word_1_200' title='bbox 583 2961 678 3022; x_wconf 83' lang='lat' dir='ltr'><strong>quam</strong></span> <span class='ocrx_word' id='word_1_201' title='bbox 694 2939 844 3001; x_wconf 79' lang='lat' dir='ltr'><strong>Graecam</strong></span> <span class='ocrx_word' id='word_1_202' title='bbox 858 2939 1122 3002; x_wconf 80' lang='lat' dir='ltr'><strong>terminationem</strong></span> 
     </span>
     <span class='ocr_line' id='line_1_25' title="bbox 69 3040 1119 3122; baseline -0.002 -18"><span class='ocrx_word' id='word_1_203' title='bbox 69 3061 151 3104; x_wconf 86' lang='lat' dir='ltr'><strong>amat</strong></span> <span class='ocrx_word' id='word_1_204' title='bbox 184 3045 274 3106; x_wconf 79' lang='lat' dir='ltr'><strong>Mela</strong></span> <span class='ocrx_word' id='word_1_205' title='bbox 310 3057 350 3106; x_wconf 89' lang='lat' dir='ltr'><strong>et</strong></span> <span class='ocrx_word' id='word_1_206' title='bbox 383 3041 440 3102; x_wconf 88' lang='lat' dir='ltr'><strong>hic</strong></span> <span class='ocrx_word' id='word_1_207' title='bbox 473 3041 598 3104; x_wconf 75' lang='lat' dir='ltr'><strong>codices</strong></span> <span class='ocrx_word' id='word_1_208' title='bbox 634 3041 730 3102; x_wconf 86' lang='lat' dir='ltr'><strong>etiam</strong></span> <span class='ocrx_word' id='word_1_209' title='bbox 763 3041 879 3122; x_wconf 89' lang='lat' dir='ltr'><strong>optimi</strong></span> <span class='ocrx_word' id='word_1_210' title='bbox 919 3040 1119 3102; x_wconf 81' lang='lat' dir='ltr'><strong>confirmant.</strong></span> 
     </span>
     <span class='ocr_line' id='line_1_26' title="bbox 72 3137 1120 3224; baseline -0.005 -19"><span class='ocrx_word' id='word_1_211' title='bbox 72 3145 191 3205; x_wconf 76' lang='lat' dir='ltr'><strong>(libido</strong></span> <span class='ocrx_word' id='word_1_212' title='bbox 211 3143 369 3207; x_wconf 74' lang='lat' dir='ltr'><strong>effictum</strong></span> <span class='ocrx_word' id='word_1_213' title='bbox 396 3143 525 3204; x_wconf 81' lang='lat' dir='ltr'><strong>videtur</strong></span> <span class='ocrx_word' id='word_1_214' title='bbox 548 3143 587 3202; x_wconf 81' lang='lat' dir='ltr'><strong>ad</strong></span> <span class='ocrx_word' id='word_1_215' title='bbox 612 3141 801 3224; x_wconf 76' lang='lat' dir='ltr'><strong>praecedent</strong></span> <span class='ocrx_word' id='word_1_216' title='bbox 825 3137 1028 3203; x_wconf 83' lang='lat' dir='ltr'><strong>vocobulum.</strong></span> <span class='ocrx_word' id='word_1_217' title='bbox 1081 3141 1120 3200; x_wconf 91' lang='lat' dir='ltr'><strong>ln</strong></span> 
     </span>
     <span class='ocr_line' id='line_1_27' title="bbox 73 3233 1119 3326; baseline -0.003 -20"><span class='ocrx_word' id='word_1_218' title='bbox 73 3247 200 3308; x_wconf 77' lang='lat' dir='ltr'><strong>Graecis</strong></span> <span class='ocrx_word' id='word_1_219' title='bbox 224 3249 322 3309; x_wconf 87' lang='lat' dir='ltr'><strong>enim</strong></span> <span class='ocrx_word' id='word_1_220' title='bbox 359 3243 484 3326; x_wconf 83' lang='lat' dir='ltr'><strong>[emper</strong></span> <span class='ocrx_word' id='word_1_221' title='bbox 514 3239 655 3318; x_wconf 74' lang='grc' dir='ltr'><strong><em>Ὀλβία,</em></strong></span> <span class='ocrx_word' id='word_1_222' title='bbox 694 3243 747 3304; x_wconf 86' lang='lat' dir='ltr'><strong>rel</strong></span> <span class='ocrx_word' id='word_1_223' title='bbox 772 3243 868 3318; x_wconf 67' lang='lat' dir='ltr'><strong>ctiam</strong></span> <span class='ocrx_word' id='word_1_224' title='bbox 893 3233 1119 3322; x_wconf 78' lang='grc' dir='ltr'><strong><em>Ὀλβιόπολις,</em></strong></span> 
     </span>
     <span class='ocr_line' id='line_1_28' title="bbox 70 3343 858 3430; baseline 0 -22"><span class='ocrx_word' id='word_1_225' title='bbox 70 3351 155 3430; x_wconf 91' lang='lat' dir='ltr'><strong>quod</strong></span> <span class='ocrx_word' id='word_1_226' title='bbox 172 3363 285 3410; x_wconf 83' lang='lat' dir='ltr'><strong>tamen</strong></span> <span class='ocrx_word' id='word_1_227' title='bbox 309 3346 353 3408; x_wconf 83' lang='lat' dir='ltr'><strong>ad</strong></span> <span class='ocrx_word' id='word_1_228' title='bbox 373 3343 472 3426; x_wconf 81' lang='lat' dir='ltr'><strong>ipsam</strong></span> <span class='ocrx_word' id='word_1_229' title='bbox 487 3345 659 3408; x_wconf 83' lang='lat' dir='ltr'><strong>lectionem</strong></span> <span class='ocrx_word' id='word_1_230' title='bbox 675 3361 742 3406; x_wconf 87' lang='lat' dir='ltr'><strong>non</strong></span> <span class='ocrx_word' id='word_1_231' title='bbox 762 3344 858 3408; x_wconf 80' lang='lat' dir='ltr'><strong>volet.</strong></span> 
     </span>
    </p>
   </div>
   <div class='ocr_carea' id='block_1_4' title="bbox 74 3539 1119 4246">
    <p class='ocr_par' dir='ltr' id='par_1_4' title="bbox 74 3539 1119 4246">
     <span class='ocr_line' id='line_1_29' title="bbox 148 3539 1119 3636; baseline -0.007 -25"><span class='ocrx_word' id='word_1_232' title='bbox 148 3549 318 3612; x_wconf 80' lang='lat' dir='ltr'><strong>Graeca</strong></span> <span class='ocrx_word' id='word_1_233' title='bbox 354 3545 539 3630; x_wconf 83' lang='lat' dir='ltr'><strong>oppida)</strong></span> <span class='ocrx_word' id='word_1_234' title='bbox 599 3547 706 3632; x_wconf 75' lang='lat' dir='ltr'><strong>Lego:</strong></span> <span class='ocrx_word' id='word_1_235' title='bbox 746 3543 921 3610; x_wconf 83' lang='lat' dir='ltr'><strong>Secundum</strong></span> <span class='ocrx_word' id='word_1_236' title='bbox 953 3539 1119 3636; x_wconf 69' lang='lat' dir='ltr'><strong>Borysthe-</strong></span> 
     </span>
     <span class='ocr_line' id='line_1_30' title="bbox 74 3645 1119 3728; baseline -0.004 -18"><span class='ocrx_word' id='word_1_237' title='bbox 74 3649 162 3722; x_wconf 76' lang='lat' dir='ltr'><strong>niaeia.</strong></span> <span class='ocrx_word' id='word_1_238' title='bbox 185 3651 329 3721; x_wconf 79' lang='lat' dir='ltr'><strong>Olbiam,</strong></span> <span class='ocrx_word' id='word_1_239' title='bbox 351 3649 505 3710; x_wconf 81' lang='lat' dir='ltr'><strong>Graecum</strong></span> <span class='ocrx_word' id='word_1_240' title='bbox 523 3647 675 3728; x_wconf 79' lang='lat' dir='ltr'><strong>oppidum</strong></span> <span class='ocrx_word' id='word_1_241' title='bbox 695 3645 853 3728; x_wconf 79' lang='lat' dir='ltr'><strong>egreditur</strong></span> <span class='ocrx_word' id='word_1_242' title='bbox 867 3665 904 3708; x_wconf 84' lang='lat' dir='ltr'><strong>ex</strong></span> <span class='ocrx_word' id='word_1_243' title='bbox 921 3645 1119 3714; x_wconf 84' lang='lat' dir='ltr'><strong>Ptolemaeo.</strong></span> 
     </span>
     <span class='ocr_line' id='line_1_31' title="bbox 77 3743 1116 3839; baseline -0.007 -24"><span class='ocrx_word' id='word_1_244' title='bbox 77 3747 131 3838; x_wconf 71' lang='lat'><strong>[3.</strong></span> <span class='ocrx_word' id='word_1_245' title='bbox 157 3748 216 3839; x_wconf 84' lang='lat'><strong>5.]</strong></span> <span class='ocrx_word' id='word_1_246' title='bbox 251 3755 316 3814; x_wconf 89' lang='lat' dir='ltr'><strong>cui.</strong></span> <span class='ocrx_word' id='word_1_247' title='bbox 335 3751 544 3830; x_wconf 74' lang='lat' dir='ltr'><strong>Borysthenio</strong></span> <span class='ocrx_word' id='word_1_248' title='bbox 568 3763 602 3812; x_wconf 88' lang='lat' dir='ltr'><strong>et</strong></span> <span class='ocrx_word' id='word_1_249' title='bbox 625 3748 721 3812; x_wconf 89' lang='lat' dir='ltr'><strong>Olbia</strong></span> <span class='ocrx_word' id='word_1_250' title='bbox 753 3749 840 3808; x_wconf 84' lang='lat' dir='ltr'><strong>idern</strong></span> <span class='ocrx_word' id='word_1_251' title='bbox 871 3747 1027 3830; x_wconf 85' lang='lat' dir='ltr'><strong>oppidum</strong></span> <span class='ocrx_word' id='word_1_252' title='bbox 1062 3743 1116 3808; x_wconf 79' lang='lat' dir='ltr'><strong>ett.</strong></span> 
     </span>
     <span class='ocr_line' id='line_1_32' title="bbox 78 3848 1117 3938; baseline -0.009 -24"><span class='ocrx_word' id='word_1_253' title='bbox 78 3853 260 3938; x_wconf 81' lang='lat' dir='ltr'><strong>Coniungit</strong></span> <span class='ocrx_word' id='word_1_254' title='bbox 286 3867 400 3914; x_wconf 85' lang='lat' dir='ltr'><strong>autem</strong></span> <span class='ocrx_word' id='word_1_255' title='bbox 433 3851 517 3912; x_wconf 82' lang='lat' dir='ltr'><strong>Mela</strong></span> <span class='ocrx_word' id='word_1_256' title='bbox 551 3851 616 3912; x_wconf 89' lang='lat' dir='ltr'><strong>duo</strong></span> <span class='ocrx_word' id='word_1_257' title='bbox 647 3851 791 3912; x_wconf 63' lang='lat' dir='ltr'><strong>eiusdem</strong></span> <span class='ocrx_word' id='word_1_258' title='bbox 831 3848 941 3930; x_wconf 87' lang='lat' dir='ltr'><strong>oppidi</strong></span> <span class='ocrx_word' id='word_1_259' title='bbox 975 3848 1117 3918; x_wconf 83' lang='lat' dir='ltr'><strong>nomina,</strong></span> 
     </span>
     <span class='ocr_line' id='line_1_33' title="bbox 79 3947 1118 4034; baseline -0.007 -22"><span class='ocrx_word' id='word_1_260' title='bbox 79 3957 161 4016; x_wconf 85' lang='lat' dir='ltr'><strong>nulla</strong></span> <span class='ocrx_word' id='word_1_261' title='bbox 187 3957 358 4016; x_wconf 84' lang='lat' dir='ltr'><strong>interiecta</strong></span> <span class='ocrx_word' id='word_1_262' title='bbox 390 3966 443 4014; x_wconf 85' lang='lat' dir='ltr'><strong>aut</strong></span> <span class='ocrx_word' id='word_1_263' title='bbox 466 3951 598 4034; x_wconf 87' lang='lat' dir='ltr'><strong>copula,</strong></span> <span class='ocrx_word' id='word_1_264' title='bbox 629 3963 683 4012; x_wconf 87' lang='lat' dir='ltr'><strong>ant</strong></span> <span class='ocrx_word' id='word_1_265' title='bbox 708 3951 938 4017; x_wconf 72' lang='lat' dir='ltr'><strong>disiunctione.</strong></span> <span class='ocrx_word' id='word_1_266' title='bbox 970 3947 1118 4028; x_wconf 80' lang='lat' dir='ltr'><strong>peculiari</strong></span> 
     </span>
     <span class='ocr_line' id='line_1_34' title="bbox 81 4045 1119 4135; baseline -0.006 -21"><span class='ocrx_word' id='word_1_267' title='bbox 81 4057 216 4134; x_wconf 78' lang='lat' dir='ltr'><strong>quodam</strong></span> <span class='ocrx_word' id='word_1_268' title='bbox 242 4074 354 4124; x_wconf 81' lang='lat' dir='ltr'><strong>more.</strong></span> <span class='ocrx_word' id='word_1_269' title='bbox 389 4073 483 4134; x_wconf 89' lang='lat' dir='ltr'><strong>quem</strong></span> <span class='ocrx_word' id='word_1_270' title='bbox 506 4071 735 4135; x_wconf 77' lang='lat' dir='ltr'><strong>nonnunquam</strong></span> <span class='ocrx_word' id='word_1_271' title='bbox 761 4051 800 4112; x_wconf 75' lang='lat' dir='ltr'><strong>ab</strong></span> <span class='ocrx_word' id='word_1_272' title='bbox 822 4069 860 4112; x_wconf 88' lang='lat' dir='ltr'><strong>eo</strong></span> <span class='ocrx_word' id='word_1_273' title='bbox 883 4047 996 4110; x_wconf 78' lang='lat' dir='ltr'><strong>fervori</strong></span> <span class='ocrx_word' id='word_1_274' title='bbox 1017 4045 1119 4118; x_wconf 79' lang='lat' dir='ltr'><strong>obier-</strong></span> 
     </span>
     <span class='ocr_line' id='line_1_35' title="bbox 85 4145 1119 4246; baseline -0.008 -28"><span class='ocrx_word' id='word_1_275' title='bbox 85 4159 161 4230; x_wconf 65' lang='grc' dir='ltr'><strong><em>τινὶ,</em></strong></span> <span class='ocrx_word' id='word_1_276' title='bbox 181 4157 234 4246; x_wconf 90' lang='lat' dir='ltr'><strong>(ot</strong></span> <span class='ocrx_word' id='word_1_277' title='bbox 252 4175 323 4240; x_wconf 89' lang='lat' dir='ltr'><strong>cap.</strong></span> <span class='ocrx_word' id='word_1_278' title='bbox 339 4153 425 4238; x_wconf 80' lang='lat' dir='ltr'><strong>sequ.</strong></span> <span class='ocrx_word' id='word_1_279' title='bbox 442 4155 481 4216; x_wconf 88' lang='lat' dir='ltr'><strong>de</strong></span> <span class='ocrx_word' id='word_1_280' title='bbox 493 4155 615 4218; x_wconf 77' lang='lat' dir='ltr'><strong>Grunoe</strong></span> <span class='ocrx_word' id='word_1_281' title='bbox 628 4167 660 4218; x_wconf 80' lang='lat' dir='ltr'><strong>et</strong></span> <span class='ocrx_word' id='word_1_282' title='bbox 673 4155 707 4216; x_wconf 88' lang='lat' dir='ltr'><strong>in</strong></span> <span class='ocrx_word' id='word_1_283' title='bbox 723 4153 785 4216; x_wconf 84' lang='lat' dir='ltr'><strong>fine</strong></span> <span class='ocrx_word' id='word_1_284' title='bbox 799 4151 899 4216; x_wconf 82' lang='lat' dir='ltr'><strong>eiuad.</strong></span> <span class='ocrx_word' id='word_1_285' title='bbox 915 4149 1008 4233; x_wconf 85' lang='lat' dir='ltr'><strong>capit.</strong></span> <span class='ocrx_word' id='word_1_286' title='bbox 1023 4145 1119 4232; x_wconf 85' lang='lat' dir='ltr'><strong>inira)</strong></span> 
     </span>
    </p>
   </div>
   <div class='ocr_carea' id='block_1_5' title="bbox 0 0 1428 4942">
    <p class='ocr_par' dir='ltr' id='par_1_5' title="bbox 0 0 1428 4942">
     <span class='ocr_line' id='line_1_36' title="bbox 0 0 1428 4942; baseline 0 4"><span class='ocrx_word' id='word_1_287' title='bbox 0 0 1428 4942; x_wconf 95' lang='lat' dir='ltr'><strong> </strong></span> 
     </span>
    </p>
   </div>
  </div>
 </body>
</html>
