2784 4944
292 457 353 517 ,342
592 440 837 500 POMPONII
876 440 1037 498 Macen

373 613 537 698 Scylla)
587 615 773 680 vindobon.
795 615 886 701 Prag.
906 612 1002 690 Selloe
1036 612 1120 676 oud.
1141 609 1252 684 Seillue
1275 607 1323 670 alil

298 735 371 778 cum
386 717 536 780 Boccatio
558 715 579 782 l.
597 739 629 780 v.
647 717 786 779 'l'ulcum
802 739 887 780 mare
912 717 1026 800 Scylla.
1067 715 1150 777 Edd.
1171 733 1201 775 2.
1221 711 1323 792 splen·

299 837 333 897 9.
372 819 549 902 15.Syln,·
592 821 667 881 aliae
695 820 807 902 Scylla.
851 838 1054 882 rzccrrvcrra.
1121 816 1229 878 Scribo
1255 831 1323 873 cum

300 921 417 1002 duplici
436 920 503 982 net
518 944 555 982 ue
573 921 778 1005 diphthongo
795 925 828 982 in
846 922 1032 1003 penultima.
1070 916 1323 980 Promontorium

300 1021 342 1083 en
368 1037 402 1084 et
423 1021 511 1084 ilatio
539 1025 671 1084 navium
694 1023 856 1092 Straboni,
888 1019 945 1110 [6.
966 1045 998 1105 p.
1022 1043 1065 1082 m.
1089 1034 1169 1092 177.
1188 1017 1206 1080 l.
1224 1007 1323 1098 256]

300 1123 498 1192 Ptolemaeo.
523 1111 583 1210 [3ss
610 1119 663 1212 t.]
689 1125 869 1206 Stephano;
903 1137 935 1186 at
957 1124 1063 1184 Plinio
1088 1117 1142 1207 [5.
1168 1140 1220 1182 ro.
1239 1117 1258 1180 l.
1274 1112 1324 1204 9.]

299 1227 467 1306 oppidum.
505 1243 705 1287 murmure.
771 1227 855 1310 Lege
891 1225 1081 1307 scyllaceon.
1123 1239 1322 1284 nrttccomvs.

301 1325 465 1388 Neutrum
482 1329 604 1388 codices
619 1329 788 1398 adiuvant;
813 1327 925 1389 melius
940 1340 1046 1387 tamen
1063 1326 1238 1390 Pintianus,
1259 1339 1326 1382 cum

303 1427 482 1508 scyllaceon
506 1431 643 1490 minime
660 1429 723 1489 huc
747 1431 917 1510 pertineat.
945 1442 977 1488 et
997 1427 1083 1508 supra
1106 1428 1167 1486 iam
1189 1423 1326 1484 adiuerit.

301 1529 335 1590 st
358 1529 409 1590 bic
429 1529 533 1611 Scylla
554 1528 659 1590 laxum
679 1529 721 1592 etl
743 1533 775 1589 in
799 1529 880 1592 freto
900 1529 1007 1592 Siculo
1024 1526 1144 1588 infame
1160 1528 1254 1594 illud,
1284 1523 1328 1582 uti

301 1643 392 1712 putat
410 1631 551 1712 Kappiue
574 1633 607 1690 in
631 1631 736 1692 indice
757 1631 789 1690 h.
807 1653 839 1692 v.
873 1645 906 1692 et
926 1645 1015 1690 antea
1039 1631 1145 1688 innuit
1168 1629 1328 1690 Cluverius

301 1733 335 1792 in
354 1731 421 1792 ltal.
444 1743 508 1792 ant.
527 1741 561 1809 4,
589 1746 643 1810 15.
665 1753 697 1814 p.
722 1747 826 1811 1095.
860 1733 968 1792 usitate
990 1733 1120 1812 quidem
1141 1730 1222 1790 Nlela
1244 1729 1327 1796 dixit,

304 1829 352 1891 led
375 1830 453 1892 infra
476 1848 506 1902 2,
531 1847 563 1906 7,
592 1847 648 1912 15.
674 1831 728 1892 luo
750 1833 821 1894 loco
842 1834 1119 1894 commemoravit.
1158 1833 1188 1892 T
1190 1851 1242 1890 nm
1257 1845 1328 1888 vero

289 1934 422 1992 'mirum
443 1933 501 2005 eil,
543 1935 627 2014 qnod
650 1932 756 1994 laxum
782 1935 860 1994 illud
884 1935 917 1999 in
940 1935 1052 1996 mediis
1077 1935 1185 1994 ltaliae
1209 1931 1329 1992 urbibus

303 2031 427 2115 posuit,
454 2055 512 2094 nec
534 2055 573 2095 ex
594 2054 700 2104 more,
727 2047 776 2105 ct,
811 2049 848 2096 ut
873 2033 960 2116 supra
986 2032 1103 2095 lactum
1130 2035 1172 2096 est
1196 2047 1227 2094 et
1248 2029 1329 2100 inira,

303 2131 409 2194 saxum
435 2137 565 2206 adiecit,
599 2137 653 2198 etsr
683 2134 762 2196 infra
790 2137 884 2198 Lirin
915 2134 1082 2216 admiscet,
1118 2137 1203 2217 quod
1233 2149 1331 2194 lamen

210 2311 216 2324 ἱ
303 2234 389 2297 urbis
404 2241 524 2296 'nomeu
541 2239 637 2298 etiam
657 2235 747 2298 inille
767 2252 858 2320 putat
874 2237 1013 2300 Orteliuc
1029 2238 1061 2298 h.
1081 2259 1116 2300 v.
1146 2239 1195 2298 uti
1212 2238 1332 2298 Metan-

304 2355 382 2399 rum.
434 2339 491 2400 sin
511 2339 623 2398 urbem
649 2341 778 2400 vocavit
804 2339 956 2421 Scyllam,
990 2339 1037 2398 uti
1061 2339 1191 2399 videtur
1215 2336 1331 2398 Orlelio

304 2435 336 2496 b.
355 2457 387 2498 v.
414 2436 539 2502 insolite
561 2441 655 2510 dixit,
682 2460 786 2520 neque
803 2455 908 2502 tamen
928 2443 1143 2502 mutationem
1166 2440 1333 2500 admittunt

305 2539 439 2602 codices.
490 2541 578 2622 Scyle
604 2543 637 2601 in
672 2541 775 2602 tabula
810 2543 991 2626 l'eutinger.
1017 2544 1050 2604 6.
1077 2543 1112 2604 F.
1140 2553 1332 2624 congrueret,

304 2639 362 2699 nili
383 2640 440 2700 srtu
463 2643 603 2704 dill'erret
622 2644 705 2703 inter
721 2643 910 2706 Cauloniam
930 2657 962 2704 et
980 2644 1210 2724 Leucopetram
1228 2638 1332 2723 procul

305 2760 320 2800 a
342 2741 485 2824 lllregi03
521 2743 631 2824 Spinon
649 2745 840 2829 Geographo
859 2745 1038 2806 Ravennati
1059 2756 1094 2822 4,
1120 2759 1179 2823 32.
1203 2757 1234 2804 et
1250 2756 1281 2819 5,
1307 2761 1333 2800 ι.

304 2843 390 2900 Tum
407 2843 482 2924 Syla
496 2839 588 2916 πόλις
606 2846 721 2928 legitur
739 2849 771 2905 in
787 2846 940 2908 Strabone
959 2847 990 2908 6.
1008 2867 1040 2926 p.
1055 2865 1100 2906 m.
1123 2845 1203 2925 196.
1223 2841 1241 2905 l.
1258 2851 1332 2918 285·

303 2941 344 3003 dt
367 2964 438 3004 cum
465 2945 510 3008 ibi
538 2945 672 3028 spatium
702 2960 839 3008 metetur
867 2945 905 3006 ab
935 2947 1063 3030 Iapygia
1087 2947 1127 3007 ad
1154 2946 1333 3028 Aquileiam,

305 3043 401 3126 inque
428 3049 535 3108 medio
557 3061 656 3128 ponat
678 3049 802 3126 Sylam,
837 3049 945 3108 locum
969 3047 1044 3108 haec
1064 3047 1140 3108 urbe
1157 3048 1203 3107 ibi
1227 3046 1333 3106 habere

305 3163 373 3206 nou
397 3149 506 3226 potell,
533 3169 627 3231 quate
644 3150 738 3209 etiam
756 3150 839 3210 docti
858 3150 919 3208 viri
936 3151 987 3210 vel
1006 3149 1119 3210 Senam
1134 3150 1186 3210 vel
1211 3149 1334 3228 Spinam

185 3273 188 3282 ·
307 3244 505 3312 substituunt.
564 3251 710 3312 Occurrit
735 3251 830 3311 etiam
852 3253 886 3312 in
913 3250 974 3312 hoc
997 3263 1098 3311 tractu
1122 3249 1211 3319 sita,
1244 3263 1335 3330 propo

306 3345 513 3410 Mamertiurn
538 3351 672 3427 (Strabo
702 3353 734 3413 6.
759 3372 791 3434 p.
816 3371 861 3414 m.
893 3363 972 3428 180.
996 3350 1017 3412 l.
1044 3349 1152 3429 261.)
1182 3353 1336 3428 Leucope·

307 3461 387 3510 tram
406 3463 437 3510 et
453 3451 615 3536 Rhegium
640 3453 749 3530 (Plio.
768 3465 801 3528 3,
823 3473 878 3516 to.
897 3451 917 3514 s.
935 3457 993 3532 5.)
1016 3465 1046 3514 at
1065 3451 1107 3514 eil
1116 3448 1219 3542 stiva,
1246 3465 1336 3531 qnam

306 3551 411 3631 plures
446 3568 717 3624 commemorant;
756 3555 922 3635 Rheginos
944 3545 1055 3644 salens
1086 3567 1182 3614 vocat
1214 3553 1335 3614 Solinus

307 3671 334 3714 c.
359 3665 392 3730 8.
417 3651 438 3716 l.
465 3670 496 3718 2.
539 3671 571 3717 et
592 3668 721 3736 propter
744 3655 901 3715 ambitum
931 3655 1065 3716 Bruttiis
1094 3655 1207 3714 tribuit
1230 3651 1336 3714 vibim

307 3753 403 3836 Sequ.
425 3777 456 3837 p.
478 3766 533 3833 25.
577 3757 742 3817 Lucaniae
761 3757 892 3818 Servius
908 3757 946 3816 ad
964 3758 1050 3840 Virg.
1066 3755 1184 3839 Georg.
1207 3769 1238 3834 3,
1257 3767 1335 3829 219.

307 3869 339 3914 et
357 3857 523 3919 Boccatine
539 3858 573 3920 h.
591 3879 623 3920 v.
644 3861 733 3919 cuiue
751 3859 879 3938 quidem
896 3872 1041 3919 montem
1057 3855 1187 3918 faciunt.
1225 3853 1337 3916 Vrbem

307 3961 534 4040 cognominem
551 3978 649 4024 nemo
665 3961 770 4021 novit.
822 3961 924 4044 lgitur
943 3959 1033 4020 restat
1050 3958 1232 4040 Scyllaeum,
1254 3951 1337 4036 quod

307 4061 341 4116 in
360 4059 468 4121 eedem
487 4058 561 4122 serie
576 4061 733 4144 oppidum
750 4062 899 4143 producit
913 4059 1038 4122 Pliniue
1057 4080 1084 4124 c.
1102 4061 1124 4120 l.
1164 4059 1245 4120 lndc
1264 4053 1338 4118 Soli·

307 4179 366 4222 nus
393 4180 419 4223 c.
446 4173 479 4240 9.
508 4159 530 4225 i.
560 4181 590 4225 e.
635 4163 776 4245 Scyllaea
810 4165 892 4244 regio
932 4181 1002 4224 cnm
1035 4160 1174 4245 Scyllaeo
1213 4153 1339 4242 oppido·
