2894 4948
318 439 381 506 552
625 427 868 490 rourourr
900 427 1063 486 urerer

313 599 433 701 fructu
440 627 454 681 ,·
478 605 593 670 Venet.
611 619 645 667 et
658 603 788 666 Bonon.
806 599 962 696 exhausta
982 601 1055 680 (ille
1070 601 1166 664 etiam
1184 595 1360 690 eximuflo)

320 700 496 788 anfractus
530 728 611 770 varr.
635 707 669 768 iu
691 707 764 768 edd.
784 719 843 779 27.
868 721 926 784 29.
950 725 990 766 au
1012 724 1052 765 ex
1073 705 1201 772 codice,
1232 703 1359 785 ignoro,

322 808 509 903 inexhausto
522 801 654 899 fractu.
706 807 789 870 Edd.
811 825 841 870 ι.
865 821 899 869 2.
917 819 950 886 3.
970 814 1006 884 4.
1028 817 1062 882 5.
1087 823 1121 884 9.
1144 824 1200 868 ro.
1223 824 1282 865 rr.
1307 815 1359 864 ιι.

328 927 383 991 13.
408 923 460 990 tq.
481 912 535 975 16.
563 921 617 988 ¹8·
640 925 698 972 ιι.
721 919 779 988 24.
806 921 861 986 25.
886 908 1054 977 Vedianae,
1083 907 1290 968 Olivarianae
1312 925 1361 964 ero·

320 1009 434 1100 hausta
454 1004 596 1103 fructu3
631 1013 665 1076 6.
690 1027 723 1086 7.
745 1019 778 1087 8.
801 1000 1083 1102 exarfiafructm
1120 1003 1361 1099 17.exharfia

320 1107 497 1203 autfractm
537 1125 590 1190 15.
614 1129 671 1178 ιο.
694 1126 750 1191 25.
771 1111 874 1172 erolum
890 1125 925 1172 ta
946 1101 1122 1200 evasuram,-
1154 1111 1293 1170 Vinetus
1313 1109 1360 1168 iu·

320 1213 476 1307 eukazfio
499 1227 625 1286 tractu,·
648 1213 800 1278 Schottur
819 1211 930 1305 exausta
950 1211 1056 1304 aestu,·
1084 1209 1208 1274 Vol'srua
1225 1226 1258 1273 et
1284 1210 1360 1271 hinc

281 1303 286 1316 ’
320 1317 435 1398 reliqui
467 1314 619 1408 exhausto
649 1309 762 1402 fhtctu.
806 1333 1006 1376 rzecuvcuu
1070 1314 1158 1398 Lego
1178 1334 1223 1374 an
1247 1309 1360 1404 exrrsta

320 1417 407 1510 ofin
418 1413 493 1508 fine
506 1415 576 1509 fine
598 1407 715 1506 Africo
728 1406 768 1507 se
789 1415 987 1488 extenderem
1011 1413 1153 1498 utsupra
1176 1410 1233 1502 [3.
1251 1427 1287 1491 5,
1304 1405 1359 1498 8.]

321 1521 441 1582 idemne
462 1519 622 1588 Oceanus,
648 1540 691 1579 au
707 1517 796 1578 cottus
811 1507 930 1608 infesta
946 1508 1126 1606 frigoribus
1138 1513 1214 1607 fine
1234 1513 1359 1576 ambitu

321 1642 362 1683 ac
402 1641 452 1682 me
468 1617 538 1711 fine
562 1620 705 1700 proiecta
726 1633 786 1680 etc.
821 1637 1023 1682 rrurruuve.
1090 1618 1183 1680 Forte
1205 1639 1250 1678 en
1270 1619 1359 1698 incer·

320 1721 435 1814 imrrfla
450 1716 571 1810 fluctu.
623 1723 685 1784 Pro
708 1712 825 1808 Africa
850 1721 902 1782 alii
926 1713 1042 1806 leguut
1072 1715 1124 1807 [at
1150 1721 1218 1780 vid.
1243 1713 1358 1804 antea]

314 1815 451 1915 fracto,
478 1823 530 1884 alii
545 1813 728 1912 amfractu,
754 1823 806 1882 alti
821 1811 1001 1912 seAsricm
1024 1815 1111 1906 [vid.
1127 1813 1214 1905 post]
1241 1821 1297 1882 vel
1315 1817 1359 1880 ad

320 1917 467 2014 Africum
488 1924 631 1986 extendit
652 1935 811 2007 expuncta
833 1920 975 2006 sequenti
997 1923 1147 2008 particula
1162 1913 1235 2014 sed.
1270 1941 1359 1983 erae·

321 2039 455 2088 tourre.
506 2025 675 2088 Pintiauue
693 2047 736 2086 an
751 2021 861 2116 exusta
877 2023 983 2117 aestum
1009 2024 1181 2086 Turnebus
1202 2044 1283 2088 vero
1302 2018 1359 2110 [iu

320 2125 524 2196 adversanti,
550 2119 629 2212 19.]
661 2148 703 2188 au
730 2124 916 2218 inexhausto
946 2138 1072 2196 tractu,
1115 2127 1200 2206 quod
1227 2127 1261 2186 in
1290 2139 1357 2188 vet.

321 2229 458 2310 exempl.
482 2226 658 2308 reperillet,
699 2249 742 2288 on
778 2228 914 2288 inexhau
930 2241 966 2288 te
996 2219 1127 2318 fntetu.
1178 2245 1358 2289 acnorrva.

321 2333 471 2392 Veterum
488 2329 643 2390 librorum
660 2329 702 2390 est
717 2351 760 2388 ou
777 2321 1141 2422 exharfiafructustue
1150 2325 1223 2419 fine
1240 2320 1359 2418 Africa

312 2420 352 2523 se
374 2465 423 2477 -
458 2431 537 2494 lude
564 2431 668 2492 variae
694 2433 855 2491 rariorum
887 2432 1088 2493 coniecturae
1116 2421 1359 2512 promanarunt,

320 2552 397 2613 quar
419 2531 578 2594 recensere
600 2546 633 2593 et
655 2529 816 2594 coniurare
837 2549 903 2594 uou
925 2534 1041 2617 longus
1068 2545 1212 2601 tantum,
1246 2530 1303 2594 sed
1326 2545 1359 2595 et

320 2633 432 2696 stultus
471 2634 570 2697 labor.
621 2633 730 2696 Scribe
761 2655 805 2694 au
835 2631 987 2727 exhoresto
1006 2627 1127 2722 fluctu.
1178 2630 1249 2715 lpse
1276 2633 1359 2694 haue

319 2735 493 2798 lectionem
517 2735 628 2818 probut
646 2733 749 2806 Mela,
774 2754 848 2796 cum
871 2736 1040 2798 Hannonis
1059 2735 1246 2796 auctoritate
1269 2734 1359 2797 testr-

319 2850 387 2906 tur,
425 2855 510 2897 mure
536 2855 604 2899 nou
629 2837 772 2898 deficere.
805 2855 951 2900 voratus.
1013 2837 1140 2918 Duplex
1168 2835 1221 2897 hic
1251 2839 1360 2920 agitur
1431 2895 1432 2910 ,

321 2937 476 3020 quaestio,
507 2951 615 2998 utrum
633 2939 715 2998 ultra
736 2937 771 2998 lu
789 2937 935 3022 pelagus,
962 2957 1001 2998 an
1021 2937 1144 3000 deficiat
1159 2951 1192 2998 et
1207 2935 1273 2998 line
1292 2959 1360 2999 am·

319 3038 391 3100 bitu
408 3051 440 3099 et
456 3039 529 3108 flue,
549 3041 595 3100 uti
613 3039 753 3120 loquitur
768 3053 800 3116 3,
820 3051 851 3115 5,
868 3051 901 3117 a.
924 3037 1026 3101 Africa
1042 3037 1072 3101 le
1087 3039 1248 3106 extendat,
1271 3060 1361 3102 eam·

319 3161 381 3222 que
399 3141 539 3200 decernit
556 3141 725 3202 Hannonis
741 3153 774 3201 et
789 3141 917 3201 Eudoxi
931 3139 1175 3202 narrationibus.
1216 3139 1259 3201 dt
1274 3159 1360 3222 quae

320 3241 364 3306 est
388 3242 450 3304 loci
474 3239 593 3312 forma,
626 3243 789 3323 interponi
817 3243 906 3304 tertia
936 3243 1064 3304 videtur
1087 3239 1241 3324 quaestio,
1274 3261 1384 3324 quae,

320 3343 469 3428 quorsum
493 3345 667 3423 pertineat,
693 3345 749 3404 vix
771 3344 970 3428 intelligitur.
1022 3343 1107 3406 Cum
1124 3361 1164 3404 ex
1181 3341 1361 3424 obpofitio·

318 3445 369 3509 uie
388 3446 525 3514 ratione,
555 3465 649 3527 quam
668 3442 827 3526 loquentia
850 3445 1061 3516 couilituuut,
1096 3441 1200 3506 seusus
1219 3445 1284 3507 elle
1306 3448 1361 3508 de

318 3548 408 3611 beat:
451 3559 594 3608 auterre
625 3547 704 3606 mari
728 3547 912 3608 circuiretur
937 3545 956 3608 l.
983 3545 1172 3618 ambiretur3
1204 3547 1362 3611 circuitur
1431 3539 1432 3574 ³

320 3654 409 3714 euim
431 3647 491 3718 est,
523 3670 619 3731 quem
640 3647 728 3730 lupra
746 3663 779 3726 5,
797 3661 830 3725 5,
847 3661 880 3725 8.
907 3648 1021 3710 eodem
1044 3645 1131 3708 lenio
1153 3647 1236 3707 dixit
1257 3649 1362 3710 ambi·

117 3769 121 3777 '
228 3745 230 3748 ¹
320 3765 411 3825 tum;
437 3751 564 3831 adparet
579 3753 616 3814 ad
632 3752 772 3832 priorem
786 3749 975 3832 quaestionis
991 3763 1123 3830 partem,
1139 3739 1255 3836 effetae
1271 3751 1361 3812 ultra

319 3855 459 3938 pelagus,
485 3851 740 3916 referendaque.
791 3852 881 3912 Vidit
895 3851 955 3913 hoc
971 3853 1067 3912 etiam
1081 3869 1184 3932 nuper
1200 3849 1362 3914 Gollelliu
1431 3847 1432 3850 '

319 3957 370 4020 iur
392 3957 420 4016 la
442 3953 642 4038 Geographie
665 3953 720 4016 dee
741 3953 868 4014 enciens
891 3953 960 4014 Vol.
984 3974 1011 4015 r.
1039 3972 1071 4033 p.
1093 3960 1174 4028 ιιι.
1207 3955 1268 4034 qui
1294 3955 1361 4016 levi

318 4059 398 4121 facta
425 4057 649 4120 immutatione
674 4055 779 4116 locum
804 4053 842 4114 stc
864 4055 1028 4115 emendat:
1066 4065 1232 4133 caperetne
1256 4069 1362 4118 terrae

319 4160 504 4231 circuitum,
530 4174 568 4222 ut
581 4157 733 4222 referatur
749 4157 787 4219 ad
806 4157 951 4242 pelagus,
987 4154 1140 4238 additque
1162 4156 1203 4218 tle
1225 4154 1362 4240 sequen·
1391 4185 1394 4188 ⁴
