2784 4944
275 435 339 504 554
575 425 819 484 POMPONII
861 427 1024 484 MELAE

277 603 452 664 Locrorum
473 619 585 671 amne,
616 599 656 660 de
676 617 739 680 quo
755 597 921 662 Pausanias
947 595 1001 686 [6.
1026 600 1059 670 6,
1086 594 1142 687 2.]
1170 615 1203 663 et
1224 601 1324 662 Thu·

278 705 420 784 cydidea.
448 699 502 790 [3‚
531 693 632 786 103.]
675 701 822 764 Philistus
843 721 969 783 quoqne
992 696 1099 788 [apud
1113 703 1325 784 Stephanum

277 805 309 866 h.
338 803 391 892 v.]
424 803 594 866 Caecinam
626 804 732 864 Italiae
754 802 859 864 reddit
884 805 1056 890 oppidum,
1089 825 1156 866 non
1177 805 1275 887 longe
1300 824 1324 864 a

276 907 400 970 Siciliae
418 907 557 970 traiectu.
586 923 772 966 aauoaava.
818 901 1007 991 Caecinam)
1035 905 1168 966 asluvio
1191 925 1322 966 nomen

275 1009 416 1088 indepta.
469 1007 533 1068 Alii
556 1005 726 1068 Carcirmm
755 1019 847 1086 atque
871 1007 967 1067 etiam
991 1005 1203 1068 Coracintlrum
1227 1003 1322 1092 [Co.

276 1105 441 1196 ciuilium]
464 1110 582 1192 legunt,
610 1105 661 1168 sed
677 1105 732 1169 suo
748 1109 899 1189 periculo.
926 1127 1113 1171 vantauve.
1160 1105 1323 1188 lleposni·

276 1231 351 1273 mua
373 1231 390 1272 c
412 1210 500 1272 libria
522 1209 696 1278 Carcinus,
730 1210 779 1270 uti
801 1229 927 1290 quoque
950 1209 1068 1270 babent
1091 1223 1196 1272 vetera
1215 1209 1323 1268 Plinii

277 1313 477 1394 exemplaria,
504 1305 558 1398 [3.
586 1323 638 1386 ¹5·
656 1309 677 1374 s.
700 1305 773 1395 ro]
802 1325 834 1372 et
851 1312 945 1371 numi
961 1324 1095 1373 veteres.
1149 1312 1186 1371 ln
1205 1330 1320 1370 recen·

277 1415 415 1476 tioribua
445 1431 522 1475 vero
555 1412 728 1475 Codicibuu
757 1411 933 1474 Corinthus
957 1413 1010 1473 vel
1039 1413 1191 1480 (lorinus.
1225 1413 1321 1492 qnod

277 1511 440 1576 manifesse
463 1528 647 1596 corruptum
669 1535 707 1574 ex
724 1513 863 1576 Cocinto
880 1515 931 1574 vel
950 1513 1090 1584 Cocino‚
1124 1533 1188 1596 qno
1211 1515 1319 1574 morlo

277 1603 339 1678 doc
360 1615 461 1698 ipsum
485 1617 640 1698 oppidum
656 1636 690 1676 ac
704 1617 967 1698 promuntorium
984 1615 1021 1676 ab
1038 1617 1107 1678 abia
1128 1615 1319 1698 appellatur.

278 1719 454 1798 Vtrumque
475 1721 563 1778 eninr
585 1718 678 1778 variis
704 1717 811 1777 modia
834 1715 981 1798 scriptum
1010 1719 1174 1798 reperitur.
1227 1715 1319 1776 Nam

278 1833 311 1882 et
332 1813 494 1905 Kcipuruou
517 1831 549 1878 et
572 1815 724 1880 Kuimvou
752 1831 785 1877 et
809 1817 995 1878 ‹Jocintlrnm
1018 1833 1052 1880 et
1078 1819 1228 1881 Cociuum
1255 1837 1319 1878 vo-

277 1935 359 1982 cant.
413 1919 610 2000 Corruptum
636 1919 678 1980 est
703 1919 799 1980 buiuu
831 1921 1046 2000 promontorii
1078 1940 1197 1982 nomen
1226 1919 1319 2000 apud

278 2021 437 2082 Ovidium
460 2019 515 2082 lib.
543 2031 596 2094 15.
624 2014 778 2106 [Metaris.
802 2013 965 2104 v.7r15.]
1000 2020 1056 2080 nbi
1085 2019 1228 2083 describit
1251 2021 1318 2080 iter

276 2123 452 2205 legatorum
473 2119 694 2201 Aesculapium
719 2141 736 2181 e
760 2121 887 2184 Graecia
909 2123 1048 2184 Romam
1072 2123 1316 2190 advehentium.

275 2242 373 2302 quom
412 2223 518 2282 locum
551 2223 712 2305 integrum
747 2221 937 2292 adscribam,
979 2227 1130 2304 quoniam
1168 2224 1317 2304 pluribus

276 2323 404 2384 mendis
427 2320 570 2384 foedatus
590 2323 649 2385 est:
685 2323 819 2384 Italiam
844 2325 947 2384 terruit
968 2335 1152 2406 praeterque
1174 2325 1316 2384 Lacinia

276 2423 395 2501 templo
412 2423 601 2484 Nobilitata
621 2423 713 2494 Dea,
741 2424 941 2506 Scyllaeaque
960 2423 1058 2485 litora
1072 2417 1194 2515 fertur.
1234 2425 1315 2486 Liu-

276 2527 346 2609 quit
368 2527 538 2607 Iapygiam
561 2525 718 2607 laevisque
744 2523 934 2614 Amphrysta
963 2527 1053 2586 remis
1079 2527 1170 2586 Saxa
1190 2517 1314 2614 sugit?

277 2626 392 2688 dextra
419 2641 594 2707 praenqua
625 2627 782 2688 Ceraunia
810 2641 903 2706 parte
928 2628 1193 2710 Romechiurnque
1222 2627 1310 2706 legit,

280 2727 485 2811 Carrlouaque
507 2729 740 2811 Noriciamque.
794 2729 838 2788 Ac
865 2729 994 2809 quidem
1016 2731 1120 2810 primo
1147 2729 1249 2806 Scylla
1275 2748 1313 2788 ac

276 2829 413 2907 Scyllaea
433 2831 526 2889 litora
548 2831 655 2890 locum
681 2828 733 2890 hic
754 2828 868 2890 habere
890 2847 955 2890 non
980 2829 1122 2910 possunt;
1164 2828 1314 2890 nondum

277 2932 364 2991 enim
388 2930 540 3013 adtigerat
562 2928 689 2992 sretum.
742 2930 929 3013 Legenrlum
953 2930 996 2992 est
1018 2932 1124 3012 itaque
1149 2931 1313 3012 Scylacea-

275 3051 334 3113 que
357 3029 463 3092 litora.
515 3031 562 3092 Ad
587 3027 775 3118 Amphryfia
793 3023 883 3121 saxa
910 3032 1079 3092 Turnebus
1107 3033 1221 3112 aliique
1249 3033 1312 3092 viri

276 3133 386 3216 magni
406 3129 517 3194 misere
540 3135 754 3214 impegerunt.
808 3133 937 3193 Alaeva
959 3134 1009 3192 illa
1031 3135 1206 3214 quaerenda
1226 3131 1310 3201 sunt,

276 3253 341 3294 non
357 3251 373 3292 a
392 3231 518 3294 dextris.
553 3235 591 3292 ln
609 3234 717 3294 codice
737 3231 840 3294 nostro
860 3231 1007 3314 scriptum
1023 3235 1155 3295 invenio
1172 3255 1187 3294 a
1206 3235 1308 3314 prima

266 3353 374 3394 ¹manu
395 3335 547 3412 Ararrgia.
589 3333 688 3394 Omni
704 3334 814 3414 procul
831 3333 930 3394 dubio
949 3335 1119 3418 legendum
1134 3335 1177 3396 est
1192 3339 1309 3414 Argeu-

276 3435 350 3504 m'a,
375 3433 414 3494 src
431 3435 511 3494 dicta
527 3433 564 3494 ab
581 3435 748 3518 Argenrm.
775 3435 899 3496 Siciliae
914 3438 1155 3515 promuntorio,
1182 3435 1269 3516 quod
1292 3459 1309 3497 a

276 3534 363 3594 laeva
387 3533 477 3594 situm
500 3547 564 3594 erat
579 3531 695 3596 fretum
714 3535 855 3597 Siculum
876 3537 1078 3600 intrantibus.
1128 3538 1190 3599 Sed
1214 3541 1308 3597 etad

277 3635 430 3698 Ceraunia
448 3635 498 3696 illa
515 3635 671 3697 Ouidiana
687 3633 883 3718 naufragium
908 3635 1008 3699 secere
1033 3639 1142 3700 iidem.
1180 3639 1310 3700 Variam

277 3749 309 3798 et
325 3735 377 3796 hic
392 3751 514 3798 veteres
532 3735 614 3808 libri,
641 3737 765 3806 celeuia,
791 3739 915 3807 ceriuia.
942 3738 1075 3800 celeraria
1091 3740 1190 3799 etalii
1206 3741 1306 3802 aliter.

277 3837 421 3899 Omnino
450 3837 623 3922 legendum
654 3837 697 3899 eli
732 3839 894 3908 Caruilio,
939 3839 978 3898 sic
1011 3839 1092 3900 dicta
1118 3859 1135 3898 a
1168 3843 1308 3902 Cocinto

276 3941 510 4020 promuntorio.
561 3940 624 4002 Pro
657 3940 919 4022 Romecbimuque
947 3940 1019 4000 libri
1052 3941 1181 4021 quidam
1208 3961 1310 4001 uranu

277 4041 391 4100 exarati
412 4041 525 4124 legunt
545 4041 738 4122 Plemyrium,
772 4042 858 4120 quod
880 4042 973 4104 avide
996 4042 1132 4122 amplexi
1155 4040 1226 4102 sunt
1246 4044 1309 4102 viri

276 4141 404 4223 quidam
428 4143 554 4205 eruditi.
612 4143 673 4206 Sed
699 4139 842 4224 proiecto
864 4161 932 4206 non
957 4141 995 4202 lrc
1018 4141 1134 4225 scripsit
1159 4142 1309 4215 Ovidius,
