2792 4940
822 241 835 310 l

307 417 367 497 256
510 503 515 511 ,
601 421 841 480 rourourr
888 421 1054 478 narra

304 593 427 678 potest)
451 613 617 677 nunquam
639 592 785 667 fuerunt,
819 615 983 677 nunquam
1000 596 1081 656 dixit
1098 593 1200 668 Mela,
1232 595 1344 656 nullus

304 699 405 758 codex
421 695 516 758 huius
535 699 645 758 indicii
667 713 776 758 notam
793 699 846 759 vel
865 700 1032 758 minimam
1049 697 1154 760 habet.
1204 697 1268 760 Sed
1291 717 1346 758 ne·

304 799 423 879 quein
450 799 513 858 ulla
538 799 596 860 alia
621 801 753 884 regione
781 799 874 860 urbes
899 801 951 861 vel
981 799 1119 882 populos
1143 813 1206 858 tam
1235 812 1345 860 exacto

303 917 439 962 numero
462 901 656 964 terminavit.
709 902 751 962 Et
772 899 900 982 quaeso.
927 921 1034 962 annon
1058 897 1187 962 suerunt
1203 901 1254 960 vel
1279 901 1347 980 plu·

303 1019 354 1062 res
377 1001 428 1060 vel
451 1001 639 1080 pauciores?
699 1003 805 1064 imino
830 1003 1007 1070 edidimus,
1040 993 1139 1082 prout
1162 1001 1346 1085 flagitabant

304 1114 411 1162 vetera
440 1103 639 1182 exemplaria.
679 1102 871 1164 Macedones
895 1125 954 1184 per
977 1104 1145 1164 Alexandri
1166 1105 1345 1185 expeditiu-

305 1221 382 1264 nem
406 1201 526 1283 ubique
549 1203 731 1268 incolebant
750 1217 782 1264 et
805 1203 859 1264 sub
883 1207 928 1266 eie
952 1205 1075 1269 Graeci.
1126 1207 1234 1286 ltaque
1257 1223 1345 1265 nnnc

304 1305 358 1376 ait,
387 1301 415 1364 se
432 1305 542 1366 venire
562 1306 601 1366 ad
620 1304 834 1366 Macedonum
856 1307 1003 1388 populus,
1026 1306 1082 1386 qui
1103 1307 1223 1366 vivunt
1244 1307 1278 1365 in
1295 1325 1344 1363 ur·

304 1403 401 1467 bibus
424 1405 496 1476 illis.
524 1425 655 1488 quarum
678 1409 816 1467 maxime
838 1406 963 1470 illullris
984 1407 1027 1468 est
1045 1405 1142 1478 Pella,
1172 1427 1274 1488 quum
1291 1407 1345 1467 alii

304 1507 522 1568 Macedonum
546 1508 657 1590 populi
674 1505 842 1589 respiciant
863 1509 941 1570 alios
961 1511 1112 1570 dominos
1134 1509 1269 1589 aliasque
1290 1508 1345 1569 ob·

304 1607 430 1670 seruent
462 1610 572 1691 regias.
617 1629 641 1672 1.
665 1628 868 1670 onouovrvs.
938 1613 1184 1694 impugnaverat
1217 1604 1343 1670 Voffins

303 1707 387 1772 hanc
409 1709 568 1770 Gronovii
590 1710 762 1772 lectionem
786 1731 851 1792 qna
875 1709 964 1772 nrber
991 1713 1024 1771 in
1048 1712 1221 1793 appendice
1243 1711 1282 1770 ad
1314 1729 1343 1780 1.

306 1826 338 1882 α,
363 1824 402 1890 5.·
428 1809 484 1870 ubi
508 1811 598 1872 nolui
618 1815 802 1892 importune
816 1809 941 1884 referre,
969 1811 1115 1893 stratuque
1132 1813 1242 1872 addito
1263 1811 1345 1870 Mar·

302 1913 391 1973 tiano
411 1909 536 1992 Capella
561 1910 752 1975 defenderat.
806 1915 926 1976 Contra
948 1914 1133 1976 Gronovius
1155 1914 1189 1972 in
1214 1912 1344 1994 epistola

303 2013 343 2075 ad
365 2013 538 2074 Graevimn
561 2015 601 2074 de
625 2015 799 2097 appendice
833 2011 931 2076 Vossri
959 2036 991 2096 p.
1014 2027 1058 2094 [μ
1080 2013 1121 2096 sq.
1154 2033 1211 2094 pro
1235 2013 1344 2074 suain

303 2133 379 2176 eum
401 2111 619 2176 insurrexerat.
670 2118 732 2178 Sed
750 2132 823 2176 curn
838 2117 876 2176 ad
899 2115 993 2198 ipsam
1012 2117 1074 2177 loci
1096 2116 1345 2198 explicationem

304 2214 454 2276 idoneam
470 2235 581 2295 parum
598 2230 652 2275 aut
671 2215 753 2276 nihil
772 2219 852 2278 novi
875 2220 1009 2283 accedat.
1036 2211 1196 2298 subpreffi.
1236 2217 1344 2276 Locus

304 2317 339 2378 in
355 2317 479 2398 vulgata
502 2316 654 2376 librorum
673 2318 810 2378 lectione
826 2322 960 2380 omnino
978 2317 1020 2380 est
1042 2317 1188 2380 tlissrcilis.
1244 2318 1344 2378 Acuta

304 2416 348 2479 est
368 2417 509 2477 Pintiani
530 2419 723 2480 emendatio.
778 2418 846 2480 Nec
867 2423 954 2480 enim
976 2418 1113 2481 insoleus
1135 2420 1177 2480 est
1198 2419 1342 2488 librariis

303 2537 514 2578 numerorum
545 2533 635 2580 notas
668 2521 827 2582 invertere
861 2535 893 2582 et
924 2523 956 2582 in
991 2521 1087 2582 verba
1113 2536 1247 2582 mutare.
1299 2521 1344 2580 lta

305 2619 397 2680 fimiu
429 2615 494 2681 sere
528 2621 627 2680 modo
659 2620 716 2682 CL
742 2617 888 2696 expressit
920 2643 959 2682 ex
996 2623 1164 2703 depravata
1192 2623 1343 2682 codicum

303 2721 441 2784 lectione
464 2721 674 2803 Omle‘ndorp.
696 2724 728 2782 in
748 2723 854 2782 Hirtio
871 2725 910 2784 de
926 2723 963 2784 B.
982 2725 1067 2784 Alex.
1094 2743 1121 2786 c.
1144 2740 1195 2786 12.
1215 2721 1236 2783 f.
1292 2725 1344 2782 Sic

302 2841 362 2904 pro
380 2822 414 2882 M
433 2822 498 2882 duo
515 2824 639 2884 codices
656 2823 732 2882 dant
754 2845 822 2883 euru
844 2825 877 2884 in
894 2827 1009 2884 eodem
1025 2827 1063 2884 de
1081 2825 1117 2886 Β.
1137 2825 1224 2886 illex.
1238 2844 1266 2884 c.
1284 2826 1343 2900 69.

303 2923 367 2986 Pro
391 2923 491 2984 multo
514 2924 637 2984 tolerata
658 2926 690 2984 in
712 2925 806 2984 Livio
825 2940 882 3004 23.
913 2941 965 3003 15.
990 2947 1017 2988 r.
1044 2927 1104 2986 viri
1119 2928 1204 2985 ducti
1225 2928 1344 2984 volunt

304 3025 374 3086 irrisa
405 3025 580 3106 qrrirrgeuta
606 3025 745 3093 talento.
782 3027 852 3106 quia
880 3023 1027 3108 scriptum
1057 3025 1151 3086 fuerit
1182 3027 1343 3088 MVCto.

302 3123 377 3188 Vid.
401 3125 639 3186 Freinshemius
655 3128 692 3184 ad
710 3127 802 3190 Curt.
827 3143 859 3200 7.
887 3147 915 3196 r,
941 3141 999 3206 4u.
1038 3128 1183 3190 Gronov.
1204 3129 1243 3187 ad
1270 3128 1340 3187 Liv.

307 3243 365 3294 ar,
388 3241 445 3296 aa,
467 3239 501 3304 3.
553 3228 590 3286 ln
615 3226 769 3288 Strabone
795 3243 827 3302 7.
855 3249 886 3308 p.
915 3244 997 3291 211.
1023 3225 1043 3290 s.
1068 3243 1150 3308 505.
1177 3223 1192 3290 δ
1217 3230 1343 3288 transiit

305 3327 339 3388 in
365 3315 447 3398 δύω,
484 3345 558 3386 cunr
579 3327 699 3388 valeret
721 3326 838 3412 ricoap
858 3351 881 3404 ς.
933 3331 1059 3390 Eodem
1088 3331 1186 3390 modo
1213 3329 1342 3389 numeri

303 3425 417 3488 binarii
439 3441 549 3488 notam
569 3429 599 3488 ll
625 3429 658 3486 in
682 3449 702 3488 n
724 3429 889 3500 transiisse,
923 3443 955 3490 et
977 3429 1053 3490 hinc
1076 3433 1157 3490 enlm
1182 3435 1214 3490 in
1245 3433 1342 3490 libros

305 3529 471 3590 invectum
501 3525 561 3588 else
590 3543 680 3590 acute
705 3532 824 3592 indicat
856 3530 967 3592 Bosms
997 3532 1079 3611 apud
1107 3531 1272 3612 Nepotem
1302 3533 1341 3590 de

304 3631 433 3712 regibus
456 3649 484 3694 c.
506 3647 536 3698 a.
563 3642 596 3704 3.
650 3629 769 3692 Contra
800 3629 917 3692 sactum
941 3631 982 3692 eli
1007 3635 1039 3692 in
1065 3634 1212 3716 Ampelio
1232 3653 1261 3693 c.
1281 3644 1341 3709 47.

304 3731 339 3792 in
359 3731 472 3794 CClV.
507 3728 564 3790 ubi
588 3719 653 3792 vid.
676 3746 794 3796 notata.
846 3734 888 3794 At
911 3735 1135 3813 premiturilla
1157 3733 1340 3796 emendatio

304 3833 429 3916 magnis
459 3828 712 3904 difficultatibus,
751 3833 956 3896 aGronovin
987 3836 1142 3915 expolitis.
1216 3836 1340 3898 Plinius

304 3935 419 4002 etiarn.
445 3953 540 4016 quem
558 3935 736 3996 adiutorem
756 3933 927 3996 adsciverat
944 3935 1119 4006 Pincianus,
1146 3955 1213 3997 non
1237 3935 1339 4000 urbes.

305 4031 358 4096 sed
387 4035 522 4116 populos
550 4048 617 4112 150
643 4035 847 4098 Macedoniae
872 4051 1119 4106 commemorat,
1156 4039 1203 4096 uti
1233 4057 1273 4098 ex
1302 4054 1340 4094 eo

305 4135 483 4200 Martianus
502 4135 628 4220 Capella
647 4137 704 4199 lib.
721 4139 754 4202 6.
774 4159 805 4222 p.
826 4155 866 4200 aa
880 4158 908 4200 r.
932 4141 1048 4219 quibus
1066 4139 1193 4225 lingulis
1212 4138 1342 4224 lingulae
