2792 4940
309 429 351 498 9ss
579 381 855 474 ,r'omrouu
896 413 1062 470 manau

313 594 457 656 bendum
477 589 633 652 videatur.
667 587 710 650 At
728 585 865 656 Codices
886 587 1062 650 constanter
1079 609 1134 670 per
1151 587 1195 650 Br'
1217 589 1347 671 primam

315 695 466 776 syllabam
490 693 643 759 esserunt,
678 709 772 769 quam
795 686 931 750 sormam
958 687 1039 752 sorte
1062 692 1192 750 arliuvat
1219 691 1349 750 narratio

315 797 451 878 Appiani
475 795 508 854 in
534 791 679 852 stlitltrid.
704 809 732 854 c.
755 811 784 852 1.
810 790 867 850 ubi
891 791 1001 860 tradit,
1029 791 1187 870 Bebryces
1209 793 1242 850 in
1258 793 1350 850 'shra-

317 919 390 962 cum
408 897 622 974 Bithynorum
645 894 776 976 regione
795 893 874 952 ultra
895 893 1088 971 Byzantium
1105 895 1190 953 iuxta
1204 893 1352 974 Btatzyam

317 1001 458 1062 fluvium
475 993 659 1064 consedisse,
692 1007 723 1054 et
747 993 788 1054 ob
811 993 873 1054 hoc
891 995 924 1054 in
941 994 1129 1072 Bebryciam
1146 991 1289 1054 reversos
1305 992 1352 1052 tti-

318 1101 465 1179 thyniam
496 1116 565 1158 eam
591 1093 764 1176 adpellasse.
824 1094 976 1158 Ceterum
1005 1095 1171 1156 Boccatiue
1200 1094 1240 1154 do
1265 1093 1353 1153 mari·

320 1203 379 1262 bue
402 1199 421 1262 s.
441 1219 473 1261 v.
498 1199 670 1280 Propontis
686 1197 745 1256 ita:
782 1193 949 1267 Silsrubria,
970 1197 1122 1276 periratus,
1150 1193 1305 1256 bitltiuuur
1326 1206 1354 1253 et

319 1299 422 1395 lustin
452 1300 556 1380 argius
578 1309 610 1358 et
631 1310 742 1378 atyrae
760 1290 949 1382 fluuiorum.
1001 1297 1064 1357 Pro
1092 1315 1258 1378 arruresque
1284 1297 1354 1354 vin-

320 1403 440 1464 dobon.
464 1419 631 1483 mutesque.
682 1397 765 1458 Edd.
793 1399 826 1461 6.
852 1413 885 1474 7.
910 1408 943 1475 8.
966 1418 1150 1482 ιιιηυοιᾳιισς
1181 1397 1353 1478 slehdiger.

321 1507 444 1568 omittit
468 1501 533 1586 qul.
735 1493 738 1500 ⁴

397 1699 607 1784 Erginos)
655 1697 747 1784 Prag.
778 1701 936 1781 bergium.
987 1701 1069 1762 Edd.
1096 1717 1128 1775 7.
1153 1713 1186 1779 3.
1219 1721 1273 1763 ιο.
1305 1715 1358 1761 12.

326 1815 382 1886 ¹4·
404 1825 446 1883 ¹9
479 1819 535 1865 20.
557 1816 612 1879 23.
634 1811 689 1880 24.
708 1815 766 1878 25.
788 1801 996 1872 Olivarianae,
1025 1803 1168 1872 Vinetue,
1194 1790 1359 1878 Scsrottua,

322 1903 445 1968 Vosstua
461 1905 612 1984 Erginus.
648 1903 709 1964 Serl
725 1923 798 1962 cum
814 1903 1045 1964 recentioribus
1062 1903 1244 1964 terminatio
1264 1903 1360 1962 libro·

322 2028 395 2070 rum
414 2020 563 2066 veterum
586 2004 701 2064 Graeca
724 2001 936 2084 praeferenda.

396 2203 602 2286 Atsayras)
651 2205 750 2264 Vatia.
774 2218 807 2282 3.
839 2203 934 2266 Paris.
961 2219 994 2265 Ω.
1024 2203 1362 2267 A.Gronov.·Havn.

322 2307 416 2392 Prag.
435 2307 586 2378 sillabas,-
619 2287 701 2366 Voss.
727 2319 759 2382 3.
785 2306 926 2378 albinam·
961 2303 1044 2387 Lips.
1067 2306 1150 2366 Gud.
1174 2307 1363 2368 Vinrlubon.

322 2409 490 2470 Boccatiua
513 2407 552 2466 de
581 2405 766 2466 fluminibus
789 2405 822 2466 h.
846 2427 877 2466 v.
902 2407 1022 2478 atirns,·
1071 2409 1183 2468 Venet.
1213 2407 1384 2494 athicus,

324 2509 432 2573 Cibin.
454 2503 652 2598 utbyrnftrurr
671 2505 805 2588 adpensa
822 2508 965 2586 proxima
982 2526 1073 2569 voce.
1116 2509 1198 2569 aad.
1223 2529 1250 2569 ι.
1273 2524 1308 2568 2.
1329 2527 1363 2584 9.

323 2611 452 2680 Atr'rar,·
480 2623 513 2686 3.
529 2617 563 2686 4.
581 2618 614 2683 5.
638 2627 691 2668 ιι.
712 2619 742 2666 et
764 2606 871 2686 Tyras.
922 2606 1109 2686 Pleraequae
1130 2611 1205 2668 aliae
1227 2612 1365 2688 Atyras,

323 2731 382 2794 pro
402 2729 467 2791 quo
483 2709 585 2790 postea
600 2695 768 2788 prbeeunte
783 2699 956 2768 Ileinolrli'o
972 2709 1007 2768 A.
1021 2709 1166 2771 Gronov.
1182 2711 1214 2767 in
1231 2709 1284 2770 ed.
1301 2721 1365 2790 44.

322 2813 486 2874 revocavit
506 2829 544 2870 ex
564 2809 652 2870 libria
670 2807 800 2868 vetustis
814 2809 973 2888 Athyras,
999 2812 1083 2888 (prod
1107 2811 1181 2869 inde
1201 2807 1365 2868 servatum

148 2899 154 2910 ’
227 2961 232 2970 .
323 2912 367 2974 esl
397 2926 429 2972 et
459 2909 595 2992 probant
626 2923 768 2970 auctores
797 2908 907 2969 Graeci
937 2909 1062 2970 multi.'
1100 2915 1219 2992 Atyras
1249 2922 1363 2969 tamen

322 3010 436 3075 resedit
457 3015 493 3072 in
515 3011 621 3072 Plinio
637 3021 672 3088 4,
695 3007 788 3086 18.s.
813 3028 866 3072 ιι.

397 3201 557 3299 Rheso)
608 3211 716 3272 Cibin.
738 3201 858 3297 rbeffm·
883 3209 1021 3272 vindob.
1045 3203 1140 3300 reffo,·
1172 3213 1262 3297 Prag.
1281 3203 1360 3305 reso.

323 3329 527 3372 necaretur.
577 3311 789 3371 Scribendum
817 3312 949 3370 arbitror
973 3311 1067 3394 longe
1094 3313 1217 3374 diverso
1241 3319 1360 3376 modo:

323 3413 354 3471 et
374 3411 457 3470 Terei
474 3411 559 3489 regia
578 3411 738 3490 quondum
756 3431 817 3470 arx
835 3412 919 3471 Bizie
939 3431 977 3471 ex
995 3412 1100 3473 Plinio
1120 3414 1174 3475 lib.
1195 3424 1229 3490 4.
1248 3433 1275 3474 c.
1307 3437 1358 3476 ιι.

325 3505 471 3596 [s.18.]
508 3509 651 3588 Oppida,
683 3512 796 3590 inquit,
824 3509 1003 3592 Selymbria,
1033 3514 1208 3575 Perinthus.
1260 3517 1361 3574 Iratus

264 3605 270 3616 ’
323 3612 424 3690 Bizya
445 3631 506 3670 arx
521 3631 626 3689 regum
646 3611 804 3679 Thraciae,
826 3633 847 3670 a
867 3611 950 3670 Terei
965 3603 1092 3704 nefasto
1110 3615 1234 3674 crimino
1249 3607 1361 3703 inuisa

322 3709 555 3772 birrurdr'ru'bus.
607 3710 768 3793 Quorsum
791 3715 879 3771 euim
901 3711 951 3772 bic
971 3716 1094 3774 mentio
1115 3715 1209 3774 lihesr
1229 3717 1360 3798 Tragici

272 3861 278 3888 „
321 3812 517 3894 regianullo.
543 3824 598 3870 aut
615 3813 748 3892 proelio,
775 3825 827 3870 aut
845 3809 950 3872 saltem
968 3811 1078 3875 scelere
1104 3815 1264 3876 nobilitati
1311 3820 1360 3878 At

322 3911 417 3972 Terei
436 3914 467 3970 in
490 3911 621 3971 Thracia
646 3931 742 3974 nemo
766 3931 832 3972 non
858 3914 1017 3974 meminit.
1068 3915 1229 3976 Praeterea
1250 3935 1360 3996 prum

321 4011 375 4072 hic
389 4031 426 4072 ex
443 4009 576 4090 professo
593 4013 631 4073 de
645 4013 779 4072 Thracia
793 4025 872 4095 agat,
895 4013 970 4092 quid
987 4015 1139 4076 attinebat
1155 4015 1359 4098 subiutgere,

319 4133 396 4192 pars
427 4112 587 4173 Thraciae.
630 4131 829 4174 murmura.
881 4113 976 4174 Rhesi
1001 4117 1168 4188 meminit,
1203 4120 1361 4198 quoniam
