<?xml version="1.0" encoding="UTF-8"?>
<!DOCTYPE html PUBLIC "-//W3C//DTD XHTML 1.0 Transitional//EN"
    "http://www.w3.org/TR/xhtml1/DTD/xhtml1-transitional.dtd">
<html xmlns="http://www.w3.org/1999/xhtml" xml:lang="en" lang="en">
 <head>
  <title>
</title>
<meta http-equiv="Content-Type" content="text/html;charset=utf-8" />
  <meta name='ocr-system' content='tesseract 3.04.00' />
  <meta name='ocr-capabilities' content='ocr_page ocr_carea ocr_par ocr_line ocrx_word'/>
</head>
<body>
  <div class='ocr_page' id='page_1' title='image "./pomponiimelaede05melagoog_0893.png"; bbox 0 0 2836 4940; ppageno 0'>
   <div class='ocr_carea' id='block_1_1' title="bbox 360 427 1121 507">
    <p class='ocr_par' dir='ltr' id='par_1_1' title="bbox 360 427 1121 507">
     <span class='ocr_line' id='line_1_1' title="bbox 360 427 1121 507; baseline 0.008 -23"><span class='ocrx_word' id='word_1_1' title='bbox 360 427 452 484; x_wconf 76' lang='lat' dir='ltr'>cta.</span> <span class='ocrx_word' id='word_1_2' title='bbox 481 429 532 482; x_wconf 86' lang='lat' dir='ltr'>nt.</span> <span class='ocrx_word' id='word_1_3' title='bbox 577 428 611 485; x_wconf 90' lang='lat' dir='ltr'>c.</span> <span class='ocrx_word' id='word_1_4' title='bbox 639 429 718 486; x_wconf 78' lang='lat' dir='ltr'>vin.</span> <span class='ocrx_word' id='word_1_5' title='bbox 760 427 785 498; x_wconf 72' lang='grc' dir='ltr'><strong>ι.</strong></span> <span class='ocrx_word' id='word_1_6' title='bbox 809 436 839 502; x_wconf 82' lang='lat' dir='ltr'>i·</span> <span class='ocrx_word' id='word_1_7' title='bbox 1061 429 1121 507; x_wconf 74' lang='lat'>265</span> 
     </span>
    </p>
   </div>
   <div class='ocr_carea' id='block_1_2' title="bbox 69 599 1122 970">
    <p class='ocr_par' dir='ltr' id='par_1_2' title="bbox 69 599 1122 970">
     <span class='ocr_line' id='line_1_2' title="bbox 75 599 1122 686; baseline 0.001 -21"><span class='ocrx_word' id='word_1_8' title='bbox 75 602 225 665; x_wconf 81' lang='lat' dir='ltr'>Plinium</span> <span class='ocrx_word' id='word_1_9' title='bbox 248 603 430 664; x_wconf 87' lang='lat' dir='ltr'>emendant.</span> <span class='ocrx_word' id='word_1_10' title='bbox 471 599 565 684; x_wconf 80' lang='lat' dir='ltr'>Quasi</span> <span class='ocrx_word' id='word_1_11' title='bbox 580 615 755 683; x_wconf 82' lang='lat' dir='ltr'>utrumque</span> <span class='ocrx_word' id='word_1_12' title='bbox 770 601 844 664; x_wconf 79' lang='lat' dir='ltr'>itan</span> <span class='ocrx_word' id='word_1_13' title='bbox 864 621 1009 686; x_wconf 75' lang='lat' dir='ltr'>nequeat.</span> <span class='ocrx_word' id='word_1_14' title='bbox 1045 607 1122 668; x_wconf 84' lang='lat' dir='ltr'>Hir·</span> 
     </span>
     <span class='ocr_line' id='line_1_3' title="bbox 69 695 1122 795; baseline 0.009 -32"><span class='ocrx_word' id='word_1_15' title='bbox 69 695 150 795; x_wconf 84' lang='lat' dir='ltr'>suti</span> <span class='ocrx_word' id='word_1_16' title='bbox 169 717 301 764; x_wconf 83' lang='lat' dir='ltr'>tuentur</span> <span class='ocrx_word' id='word_1_17' title='bbox 322 723 435 766; x_wconf 76' lang='lat' dir='ltr'>omnes</span> <span class='ocrx_word' id='word_1_18' title='bbox 455 704 542 773; x_wconf 78' lang='lat' dir='ltr'>iibri,</span> <span class='ocrx_word' id='word_1_19' title='bbox 569 723 628 764; x_wconf 87' lang='lat' dir='ltr'>nec</span> <span class='ocrx_word' id='word_1_20' title='bbox 644 705 733 765; x_wconf 83' lang='lat' dir='ltr'>aliter</span> <span class='ocrx_word' id='word_1_21' title='bbox 748 703 825 766; x_wconf 89' lang='lat' dir='ltr'>hinc</span> <span class='ocrx_word' id='word_1_22' title='bbox 840 703 935 768; x_wconf 78' lang='lat' dir='ltr'><strong>refert</strong></span> <span class='ocrx_word' id='word_1_23' title='bbox 956 708 1122 772; x_wconf 80' lang='lat' dir='ltr'>Boccutiuo</span> 
     </span>
     <span class='ocr_line' id='line_1_4' title="bbox 80 804 1121 894; baseline 0.012 -30"><span class='ocrx_word' id='word_1_24' title='bbox 80 809 123 866; x_wconf 89' lang='lat' dir='ltr'>‹ie</span> <span class='ocrx_word' id='word_1_25' title='bbox 141 805 282 867; x_wconf 70' lang='lat' dir='ltr'>maribus</span> <span class='ocrx_word' id='word_1_26' title='bbox 298 804 317 868; x_wconf 82' lang='lat' dir='ltr'>f.</span> <span class='ocrx_word' id='word_1_27' title='bbox 333 827 366 868; x_wconf 87' lang='lat' dir='ltr'>v.</span> <span class='ocrx_word' id='word_1_28' title='bbox 388 805 527 868; x_wconf 76' lang='lat' dir='ltr'>Pernen</span> <span class='ocrx_word' id='word_1_29' title='bbox 542 806 638 868; x_wconf 76' lang='lat' dir='ltr'>[inue-</span> <span class='ocrx_word' id='word_1_30' title='bbox 672 805 699 868; x_wconf 91' lang='grc' dir='ltr'><strong>Δ</strong></span> <span class='ocrx_word' id='word_1_31' title='bbox 716 825 795 869; x_wconf 80' lang='lat' dir='ltr'>voce</span> <span class='ocrx_word' id='word_1_32' title='bbox 807 807 968 870; x_wconf 78' lang='lat' dir='ltr'><strong><em>Interiora</em></strong></span> <span class='ocrx_word' id='word_1_33' title='bbox 983 830 1049 894; x_wconf 87' lang='lat' dir='ltr'>cap.</span> <span class='ocrx_word' id='word_1_34' title='bbox 1060 823 1121 892; x_wconf 82' lang='grc' dir='ltr'><strong>4ο.</strong></span> 
     </span>
     <span class='ocr_line' id='line_1_5' title="bbox 78 903 481 970; baseline 0.01 -4"><span class='ocrx_word' id='word_1_35' title='bbox 78 908 213 968; x_wconf 85' lang='lat' dir='ltr'>initium</span> <span class='ocrx_word' id='word_1_36' title='bbox 238 903 313 968; x_wconf 80' lang='lat' dir='ltr'>facit</span> <span class='ocrx_word' id='word_1_37' title='bbox 334 907 481 970; x_wconf 71' lang='lat' dir='ltr'>vinetus.</span> 
     </span>
    </p>
   </div>
   <div class='ocr_carea' id='block_1_3' title="bbox 165 1101 1124 1202">
    <p class='ocr_par' dir='ltr' id='par_1_3' title="bbox 165 1101 1124 1202">
     <span class='ocr_line' id='line_1_6' title="bbox 165 1101 1124 1202; baseline 0.009 -33"><span class='ocrx_word' id='word_1_38' title='bbox 165 1109 296 1172; x_wconf 77' lang='lat' dir='ltr'>Cedro</span> <span class='ocrx_word' id='word_1_39' title='bbox 296 1101 328 1202; x_wconf 86' lang='lat' dir='ltr'><em>s</em></span> <span class='ocrx_word' id='word_1_40' title='bbox 328 1111 340 1170; x_wconf 93' lang='lat' dir='ltr'>i</span> <span class='ocrx_word' id='word_1_41' title='bbox 349 1107 369 1192; x_wconf 91' lang='lat'><em>)</em></span> <span class='ocrx_word' id='word_1_42' title='bbox 418 1111 466 1172; x_wconf 87' lang='lat' dir='ltr'>lta</span> <span class='ocrx_word' id='word_1_43' title='bbox 483 1111 606 1193; x_wconf 80' lang='lat' dir='ltr'><strong>aliquot</strong></span> <span class='ocrx_word' id='word_1_44' title='bbox 629 1111 751 1174; x_wconf 71' lang='lat' dir='ltr'>codices</span> <span class='ocrx_word' id='word_1_45' title='bbox 768 1111 803 1174; x_wconf 78' lang='lat' dir='ltr'>A.</span> <span class='ocrx_word' id='word_1_46' title='bbox 820 1111 989 1184; x_wconf 78' lang='lat' dir='ltr'>Gronovii,</span> <span class='ocrx_word' id='word_1_47' title='bbox 1010 1133 1124 1178; x_wconf 76' lang='lat' dir='ltr'>omnes</span> 
     </span>
    </p>
   </div>
   <div class='ocr_carea' id='block_1_4' title="bbox 83 1213 1221 1299">
    <p class='ocr_par' dir='ltr' id='par_1_4' title="bbox 83 1213 1221 1299">
     <span class='ocr_line' id='line_1_7' title="bbox 83 1213 1221 1299; baseline 0.007 -25"><span class='ocrx_word' id='word_1_48' title='bbox 83 1213 151 1274; x_wconf 89' lang='lat' dir='ltr'>mei</span> <span class='ocrx_word' id='word_1_49' title='bbox 171 1225 203 1273; x_wconf 88' lang='lat' dir='ltr'>et</span> <span class='ocrx_word' id='word_1_50' title='bbox 222 1213 294 1274; x_wconf 87' lang='lat' dir='ltr'>edd.</span> <span class='ocrx_word' id='word_1_51' title='bbox 314 1225 439 1274; x_wconf 81' lang='lat' dir='ltr'>veteres</span> <span class='ocrx_word' id='word_1_52' title='bbox 455 1231 528 1276; x_wconf 88' lang='lat' dir='ltr'>cum</span> <span class='ocrx_word' id='word_1_53' title='bbox 543 1213 682 1276; x_wconf 85' lang='lat' dir='ltr'>Camett.</span> <span class='ocrx_word' id='word_1_54' title='bbox 705 1214 774 1275; x_wconf 75' lang='lat' dir='ltr'>nid.</span> <span class='ocrx_word' id='word_1_55' title='bbox 797 1226 830 1275; x_wconf 83' lang='lat' dir='ltr'>et</span> <span class='ocrx_word' id='word_1_56' title='bbox 852 1217 937 1278; x_wconf 86' lang='lat' dir='ltr'>lunt.</span> <span class='ocrx_word' id='word_1_57' title='bbox 965 1213 1123 1299; x_wconf 63' lang='lat'>(1215.</span> <span class='ocrx_word' id='word_1_58' title='bbox 1215 1243 1221 1254; x_wconf 92' lang='lat'><strong>·</strong></span> 
     </span>
    </p>
   </div>
   <div class='ocr_carea' id='block_1_5' title="bbox 1 1312 1130 3427">
    <p class='ocr_par' dir='ltr' id='par_1_5' title="bbox 1 1312 1130 3427">
     <span class='ocr_line' id='line_1_8' title="bbox 90 1312 1123 1397; baseline 0.009 -24"><span class='ocrx_word' id='word_1_59' title='bbox 90 1335 149 1392; x_wconf 78' lang='grc' dir='ltr'><strong>ι4.</strong></span> <span class='ocrx_word' id='word_1_60' title='bbox 173 1327 227 1389; x_wconf 79' lang='grc' dir='ltr'><strong>ι5.</strong></span> <span class='ocrx_word' id='word_1_61' title='bbox 248 1329 302 1388; x_wconf 87' lang='lat'>17.</span> <span class='ocrx_word' id='word_1_62' title='bbox 326 1331 381 1393; x_wconf 85' lang='lat'>¹9·</span> <span class='ocrx_word' id='word_1_63' title='bbox 406 1329 464 1376; x_wconf 79' lang='lat' dir='ltr'>oo.</span> <span class='ocrx_word' id='word_1_64' title='bbox 492 1312 571 1397; x_wconf 69' lang='lat'>23.)</span> <span class='ocrx_word' id='word_1_65' title='bbox 622 1314 696 1376; x_wconf 81' lang='lat' dir='ltr'>Poii</span> <span class='ocrx_word' id='word_1_66' title='bbox 717 1317 942 1396; x_wconf 73' lang='lat' dir='ltr'>praeeuntibus</span> <span class='ocrx_word' id='word_1_67' title='bbox 964 1317 1037 1381; x_wconf 85' lang='lat' dir='ltr'>edd.</span> <span class='ocrx_word' id='word_1_68' title='bbox 1068 1340 1123 1382; x_wconf 88' lang='grc' dir='ltr'>ιο.</span> 
     </span>
     <span class='ocr_line' id='line_1_9' title="bbox 89 1416 1123 1496; baseline 0.008 -22"><span class='ocrx_word' id='word_1_69' title='bbox 89 1437 149 1478; x_wconf 89' lang='grc' dir='ltr'><strong>ιι.</strong></span> <span class='ocrx_word' id='word_1_70' title='bbox 176 1429 210 1476; x_wconf 86' lang='lat' dir='ltr'>et</span> <span class='ocrx_word' id='word_1_71' title='bbox 235 1416 395 1487; x_wconf 77' lang='lat' dir='ltr'>vediano,</span> <span class='ocrx_word' id='word_1_72' title='bbox 424 1418 525 1494; x_wconf 79' lang='grc' dir='ltr'><strong>(ιδ.)</strong></span> <span class='ocrx_word' id='word_1_73' title='bbox 560 1429 614 1495; x_wconf 75' lang='grc'><strong>19.</strong></span> <span class='ocrx_word' id='word_1_74' title='bbox 648 1434 705 1478; x_wconf 79' lang='lat' dir='ltr'>et.</span> <span class='ocrx_word' id='word_1_75' title='bbox 736 1429 792 1496; x_wconf 68' lang='grc'><strong>94.</strong></span> <span class='ocrx_word' id='word_1_76' title='bbox 829 1431 886 1495; x_wconf 81' lang='lat'>25.</span> <span class='ocrx_word' id='word_1_77' title='bbox 915 1417 1123 1492; x_wconf 83' lang='lat' dir='ltr'>Olivarianae‚</span> 
     </span>
     <span class='ocr_line' id='line_1_10' title="bbox 84 1512 1122 1600; baseline 0.006 -22"><span class='ocrx_word' id='word_1_78' title='bbox 84 1519 236 1585; x_wconf 79' lang='lat' dir='ltr'>Vinetne.</span> <span class='ocrx_word' id='word_1_79' title='bbox 266 1516 436 1588; x_wconf 78' lang='lat' dir='ltr'>schotnn,</span> <span class='ocrx_word' id='word_1_80' title='bbox 471 1512 606 1587; x_wconf 69' lang='lat' dir='ltr'>Voffiun</span> <span class='ocrx_word' id='word_1_81' title='bbox 642 1517 867 1581; x_wconf 83' lang='lat' dir='ltr'>Gronovianae</span> <span class='ocrx_word' id='word_1_82' title='bbox 891 1531 951 1597; x_wconf 86' lang='grc' dir='ltr'><strong>4ο.</strong></span> <span class='ocrx_word' id='word_1_83' title='bbox 979 1532 1038 1600; x_wconf 86' lang='grc' dir='ltr'><strong>4ι.</strong></span> <span class='ocrx_word' id='word_1_84' title='bbox 1061 1531 1122 1600; x_wconf 68' lang='grc'><strong>49.</strong></span> 
     </span>
     <span class='ocr_line' id='line_1_11' title="bbox 89 1613 1124 1708; baseline 0.004 -28"><span class='ocrx_word' id='word_1_85' title='bbox 89 1613 243 1708; x_wconf 78' lang='lat' dir='ltr'>Gedrosi,·</span> <span class='ocrx_word' id='word_1_86' title='bbox 279 1615 330 1680; x_wconf 85' lang='lat' dir='ltr'>ied</span> <span class='ocrx_word' id='word_1_87' title='bbox 356 1631 388 1679; x_wconf 84' lang='lat' dir='ltr'>et</span> <span class='ocrx_word' id='word_1_88' title='bbox 413 1633 471 1682; x_wconf 67' lang='grc' dir='ltr'><strong>αα.</strong></span> <span class='ocrx_word' id='word_1_89' title='bbox 498 1633 556 1698; x_wconf 84' lang='lat'>30.</span> <span class='ocrx_word' id='word_1_90' title='bbox 583 1633 641 1698; x_wconf 77' lang='lat'>32.</span> <span class='ocrx_word' id='word_1_91' title='bbox 668 1633 726 1699; x_wconf 81' lang='lat'>37.</span> <span class='ocrx_word' id='word_1_92' title='bbox 757 1620 943 1702; x_wconf 70' lang='lat' dir='ltr'>posteriores</span> <span class='ocrx_word' id='word_1_93' title='bbox 968 1623 1124 1684; x_wconf 79' lang='lat' dir='ltr'>Vatiianae</span> 
     </span>
     <span class='ocr_line' id='line_1_12' title="bbox 88 1715 1124 1815; baseline 0.004 -33"><span class='ocrx_word' id='word_1_94' title='bbox 88 1715 258 1810; x_wconf 81' lang='lat' dir='ltr'>Gedrofii‚·</span> <span class='ocrx_word' id='word_1_95' title='bbox 282 1719 412 1801; x_wconf 83' lang='lat' dir='ltr'>praevio</span> <span class='ocrx_word' id='word_1_96' title='bbox 426 1721 601 1782; x_wconf 79' lang='lat' dir='ltr'>Reinoidio</span> <span class='ocrx_word' id='word_1_97' title='bbox 615 1729 674 1798; x_wconf 85' lang='grc'><strong>44.</strong></span> <span class='ocrx_word' id='word_1_98' title='bbox 692 1735 724 1782; x_wconf 93' lang='lat' dir='ltr'>et</span> <span class='ocrx_word' id='word_1_99' title='bbox 740 1723 879 1802; x_wconf 83' lang='lat' dir='ltr'>reliquae</span> <span class='ocrx_word' id='word_1_100' title='bbox 897 1721 1038 1815; x_wconf 80' lang='lat' dir='ltr'>Cedrofi.</span> <span class='ocrx_word' id='word_1_101' title='bbox 1075 1727 1124 1787; x_wconf 85' lang='lat' dir='ltr'>De</span> 
     </span>
     <span class='ocr_line' id='line_1_13' title="bbox 84 1821 1124 1908; baseline 0.009 -28"><span class='ocrx_word' id='word_1_102' title='bbox 84 1825 209 1902; x_wconf 79' lang='lat' dir='ltr'>primae</span> <span class='ocrx_word' id='word_1_103' title='bbox 223 1821 330 1883; x_wconf 82' lang='lat' dir='ltr'>literae</span> <span class='ocrx_word' id='word_1_104' title='bbox 347 1823 497 1883; x_wconf 83' lang='lat' dir='ltr'>varietate</span> <span class='ocrx_word' id='word_1_105' title='bbox 512 1824 546 1883; x_wconf 89' lang='lat' dir='ltr'>in</span> <span class='ocrx_word' id='word_1_106' title='bbox 562 1823 744 1884; x_wconf 70' lang='lat' dir='ltr'>auctoribus</span> <span class='ocrx_word' id='word_1_107' title='bbox 759 1825 883 1885; x_wconf 88' lang='lat' dir='ltr'>dictum</span> <span class='ocrx_word' id='word_1_108' title='bbox 898 1824 992 1886; x_wconf 86' lang='lat' dir='ltr'>estad</span> <span class='ocrx_word' id='word_1_109' title='bbox 1008 1847 1035 1896; x_wconf 87' lang='grc' dir='ltr'><strong>ι.</strong></span> <span class='ocrx_word' id='word_1_110' title='bbox 1047 1841 1079 1895; x_wconf 77' lang='lat'>2.</span> <span class='ocrx_word' id='word_1_111' title='bbox 1089 1835 1124 1908; x_wconf 77' lang='lat'>4.</span> 
     </span>
     <span class='ocr_line' id='line_1_14' title="bbox 85 1921 1124 2008; baseline 0.005 -24"><span class='ocrx_word' id='word_1_112' title='bbox 85 1923 267 2004; x_wconf 76' lang='lat' dir='ltr'>Stephanus</span> <span class='ocrx_word' id='word_1_113' title='bbox 290 1923 385 1984; x_wconf 85' lang='lat' dir='ltr'>etiam</span> <span class='ocrx_word' id='word_1_114' title='bbox 410 1935 580 2005; x_wconf 85' lang='lat' dir='ltr'>utramque</span> <span class='ocrx_word' id='word_1_115' title='bbox 601 1921 787 2007; x_wconf 79' lang='lat' dir='ltr'>scripturam</span> <span class='ocrx_word' id='word_1_116' title='bbox 812 1923 915 2008; x_wconf 80' lang='lat' dir='ltr'><strong>posuit</strong></span> <span class='ocrx_word' id='word_1_117' title='bbox 939 1927 972 1987; x_wconf 91' lang='lat' dir='ltr'>in</span> <span class='ocrx_word' id='word_1_118' title='bbox 998 1928 1124 1997; x_wconf 74' lang='lat' dir='ltr'>Leuioo,</span> 
     </span>
     <span class='ocr_line' id='line_1_15' title="bbox 85 2017 1126 2109; baseline 0.006 -24"><span class='ocrx_word' id='word_1_119' title='bbox 85 2041 119 2086; x_wconf 86' lang='lat' dir='ltr'>et</span> <span class='ocrx_word' id='word_1_120' title='bbox 143 2043 217 2085; x_wconf 89' lang='lat' dir='ltr'>cum</span> <span class='ocrx_word' id='word_1_121' title='bbox 240 2017 392 2086; x_wconf 72' lang='lat' dir='ltr'>anteced</span> <span class='ocrx_word' id='word_1_122' title='bbox 416 2025 446 2085; x_wconf 95' lang='grc' dir='ltr'><strong>Γ</strong></span> <span class='ocrx_word' id='word_1_123' title='bbox 465 2024 620 2107; x_wconf 84' lang='lat' dir='ltr'>probaffet</span> <span class='ocrx_word' id='word_1_124' title='bbox 642 2039 891 2109; x_wconf 84' lang='lat' dir='ltr'>corruptumque</span> <span class='ocrx_word' id='word_1_125' title='bbox 917 2027 1126 2108; x_wconf 78' lang='lat' dir='ltr'>Polyhistotic</span> 
     </span>
     <span class='ocr_line' id='line_1_16' title="bbox 85 2123 1126 2212; baseline 0.004 -25"><span class='ocrx_word' id='word_1_126' title='bbox 85 2123 294 2208; x_wconf 80' lang='lat' dir='ltr'>(Alexandri)</span> <span class='ocrx_word' id='word_1_127' title='bbox 316 2125 460 2187; x_wconf 82' lang='lat' dir='ltr'>codicem</span> <span class='ocrx_word' id='word_1_128' title='bbox 477 2126 717 2208; x_wconf 79' lang='lat' dir='ltr'>pronuntiaiiet‚</span> <span class='ocrx_word' id='word_1_129' title='bbox 743 2129 799 2188; x_wconf 92' lang='lat' dir='ltr'>ubi</span> <span class='ocrx_word' id='word_1_130' title='bbox 815 2129 845 2190; x_wconf 77' lang='lat' dir='ltr'>tt</span> <span class='ocrx_word' id='word_1_131' title='bbox 861 2131 1037 2200; x_wconf 84' lang='lat' dir='ltr'>invenerat,</span> <span class='ocrx_word' id='word_1_132' title='bbox 1062 2129 1126 2212; x_wconf 83' lang='lat' dir='ltr'>ipse</span> 
     </span>
     <span class='ocr_line' id='line_1_17' title="bbox 85 2226 1126 2312; baseline 0.004 -24"><span class='ocrx_word' id='word_1_133' title='bbox 85 2243 195 2289; x_wconf 86' lang='lat' dir='ltr'>tamen</span> <span class='ocrx_word' id='word_1_134' title='bbox 212 2226 257 2290; x_wconf 85' lang='lat' dir='ltr'>ini</span> <span class='ocrx_word' id='word_1_135' title='bbox 278 2229 452 2290; x_wconf 84' lang='lat' dir='ltr'>immemor</span> <span class='ocrx_word' id='word_1_136' title='bbox 470 2227 525 2288; x_wconf 88' lang='lat' dir='ltr'>iub</span> <span class='ocrx_word' id='word_1_137' title='bbox 541 2229 629 2288; x_wconf 83' lang='lat' dir='ltr'>litera</span> <span class='ocrx_word' id='word_1_138' title='bbox 646 2230 676 2290; x_wconf 82' lang='lat' dir='ltr'>K</span> <span class='ocrx_word' id='word_1_139' title='bbox 697 2231 854 2312; x_wconf 81' lang='lat' dir='ltr'>producit.</span> <span class='ocrx_word' id='word_1_140' title='bbox 905 2229 1069 2294; x_wconf 87' lang='lat' dir='ltr'>Praeterea</span> <span class='ocrx_word' id='word_1_141' title='bbox 1091 2233 1126 2292; x_wconf 90' lang='lat' dir='ltr'>in</span> 
     </span>
     <span class='ocr_line' id='line_1_18' title="bbox 84 2327 1127 2415; baseline 0.002 -25"><span class='ocrx_word' id='word_1_142' title='bbox 84 2331 198 2390; x_wconf 85' lang='lat' dir='ltr'>mnitie</span> <span class='ocrx_word' id='word_1_143' title='bbox 221 2351 241 2392; x_wconf 85' lang='grc' dir='ltr'>κ</span> <span class='ocrx_word' id='word_1_144' title='bbox 260 2342 292 2390; x_wconf 88' lang='lat' dir='ltr'>et</span> <span class='ocrx_word' id='word_1_145' title='bbox 314 2351 348 2411; x_wconf 82' lang='grc' dir='ltr'><strong>γ.</strong></span> <span class='ocrx_word' id='word_1_146' title='bbox 374 2349 391 2388; x_wconf 88' lang='lat' dir='ltr'>c</span> <span class='ocrx_word' id='word_1_147' title='bbox 413 2341 445 2390; x_wconf 88' lang='lat' dir='ltr'>et</span> <span class='ocrx_word' id='word_1_148' title='bbox 465 2352 487 2410; x_wconf 80' lang='lat' dir='ltr'><strong>g</strong></span> <span class='ocrx_word' id='word_1_149' title='bbox 509 2327 685 2412; x_wconf 87' lang='lat' dir='ltr'>promiscue</span> <span class='ocrx_word' id='word_1_150' title='bbox 710 2329 797 2414; x_wconf 81' lang='lat' dir='ltr'>saepe</span> <span class='ocrx_word' id='word_1_151' title='bbox 821 2347 997 2415; x_wconf 86' lang='lat' dir='ltr'>ponuntur.</span> <span class='ocrx_word' id='word_1_152' title='bbox 1049 2335 1127 2395; x_wconf 87' lang='lat' dir='ltr'>Ter·</span> 
     </span>
     <span class='ocr_line' id='line_1_19' title="bbox 84 2429 1128 2512; baseline 0.003 -21"><span class='ocrx_word' id='word_1_153' title='bbox 84 2433 299 2492; x_wconf 85' lang='lat' dir='ltr'>minationem</span> <span class='ocrx_word' id='word_1_154' title='bbox 316 2431 350 2490; x_wconf 90' lang='lat' dir='ltr'>itt</span> <span class='ocrx_word' id='word_1_155' title='bbox 367 2431 380 2490; x_wconf 90' lang='lat' dir='ltr'>i</span> <span class='ocrx_word' id='word_1_156' title='bbox 394 2449 460 2492; x_wconf 89' lang='lat' dir='ltr'>non</span> <span class='ocrx_word' id='word_1_157' title='bbox 476 2429 537 2493; x_wconf 86' lang='lat' dir='ltr'>fert</span> <span class='ocrx_word' id='word_1_158' title='bbox 552 2431 718 2494; x_wconf 83' lang='lat' dir='ltr'>Pintianua</span> <span class='ocrx_word' id='word_1_159' title='bbox 733 2435 770 2494; x_wconf 89' lang='lat' dir='ltr'>ad</span> <span class='ocrx_word' id='word_1_160' title='bbox 797 2451 825 2504; x_wconf 85' lang='lat' dir='ltr'>t,</span> <span class='ocrx_word' id='word_1_161' title='bbox 844 2449 876 2502; x_wconf 74' lang='lat' dir='ltr'>n,</span> <span class='ocrx_word' id='word_1_162' title='bbox 891 2444 925 2512; x_wconf 90' lang='grc'><strong>4.</strong></span> <span class='ocrx_word' id='word_1_163' title='bbox 953 2433 1004 2495; x_wconf 83' lang='lat' dir='ltr'>sed</span> <span class='ocrx_word' id='word_1_164' title='bbox 1026 2434 1128 2494; x_wconf 87' lang='lat' dir='ltr'>hicet</span> 
     </span>
     <span class='ocr_line' id='line_1_20' title="bbox 87 2530 1127 2616; baseline 0.002 -24"><span class='ocrx_word' id='word_1_165' title='bbox 87 2538 121 2594; x_wconf 90' lang='lat' dir='ltr'>in</span> <span class='ocrx_word' id='word_1_166' title='bbox 143 2534 246 2594; x_wconf 88' lang='lat' dir='ltr'>Plinio</span> <span class='ocrx_word' id='word_1_167' title='bbox 266 2534 299 2600; x_wconf 83' lang='lat'>6.</span> <span class='ocrx_word' id='word_1_168' title='bbox 319 2545 379 2610; x_wconf 78' lang='lat'>23.</span> <span class='ocrx_word' id='word_1_169' title='bbox 395 2530 416 2592; x_wconf 86' lang='lat' dir='ltr'>i.</span> <span class='ocrx_word' id='word_1_170' title='bbox 433 2547 491 2596; x_wconf 72' lang='grc' dir='ltr'><strong>αι.</strong></span> <span class='ocrx_word' id='word_1_171' title='bbox 513 2533 662 2594; x_wconf 88' lang='lat' dir='ltr'>emendat</span> <span class='ocrx_word' id='word_1_172' title='bbox 681 2533 714 2596; x_wconf 87' lang='lat' dir='ltr'>ii.</span> <span class='ocrx_word' id='word_1_173' title='bbox 766 2533 809 2596; x_wconf 82' lang='lat' dir='ltr'>At</span> <span class='ocrx_word' id='word_1_174' title='bbox 829 2547 1000 2616; x_wconf 77' lang='lat' dir='ltr'>utrumque</span> <span class='ocrx_word' id='word_1_175' title='bbox 1019 2549 1127 2596; x_wconf 79' lang='lat' dir='ltr'>tuetur</span> 
     </span>
     <span class='ocr_line' id='line_1_21' title="bbox 86 2632 1124 2717; baseline 0.005 -22"><span class='ocrx_word' id='word_1_176' title='bbox 86 2649 255 2695; x_wconf 83' lang='lat' dir='ltr'>anctorum</span> <span class='ocrx_word' id='word_1_177' title='bbox 278 2632 361 2696; x_wconf 80' lang='lat' dir='ltr'>uiue.</span> <span class='ocrx_word' id='word_1_178' title='bbox 410 2633 492 2695; x_wconf 88' lang='lat' dir='ltr'>illud</span> <span class='ocrx_word' id='word_1_179' title='bbox 514 2653 570 2716; x_wconf 85' lang='lat' dir='ltr'>per</span> <span class='ocrx_word' id='word_1_180' title='bbox 593 2636 616 2695; x_wconf 87' lang='lat' dir='ltr'>ii</span> <span class='ocrx_word' id='word_1_181' title='bbox 636 2634 754 2696; x_wconf 87' lang='lat' dir='ltr'>habent</span> <span class='ocrx_word' id='word_1_182' title='bbox 775 2633 888 2700; x_wconf 80' lang='lat' dir='ltr'>Strabo</span> <span class='ocrx_word' id='word_1_183' title='bbox 912 2647 963 2711; x_wconf 80' lang='lat'>¹5·</span> <span class='ocrx_word' id='word_1_184' title='bbox 989 2657 1019 2717; x_wconf 89' lang='lat' dir='ltr'>p.</span> <span class='ocrx_word' id='word_1_185' title='bbox 1039 2647 1124 2716; x_wconf 81' lang='grc'><strong>498.</strong></span> 
     </span>
     <span class='ocr_line' id='line_1_22' title="bbox 87 2732 1128 2820; baseline 0 -24"><span class='ocrx_word' id='word_1_186' title='bbox 87 2737 108 2800; x_wconf 84' lang='lat' dir='ltr'>i.</span> <span class='ocrx_word' id='word_1_187' title='bbox 129 2747 214 2815; x_wconf 75' lang='lat'>724.</span> <span class='ocrx_word' id='word_1_188' title='bbox 248 2734 412 2797; x_wconf 71' lang='lat' dir='ltr'>Nearchus</span> <span class='ocrx_word' id='word_1_189' title='bbox 430 2737 464 2796; x_wconf 92' lang='lat' dir='ltr'>in</span> <span class='ocrx_word' id='word_1_190' title='bbox 487 2737 615 2818; x_wconf 86' lang='lat' dir='ltr'>paraplo</span> <span class='ocrx_word' id='word_1_191' title='bbox 633 2758 666 2820; x_wconf 90' lang='lat' dir='ltr'>p.</span> <span class='ocrx_word' id='word_1_192' title='bbox 686 2755 742 2800; x_wconf 86' lang='lat' dir='ltr'>tt.</span> <span class='ocrx_word' id='word_1_193' title='bbox 767 2752 826 2800; x_wconf 69' lang='grc' dir='ltr'><strong>αι.</strong></span> <span class='ocrx_word' id='word_1_194' title='bbox 847 2732 994 2820; x_wconf 84' lang='lat' dir='ltr'>(Hudi.)</span> <span class='ocrx_word' id='word_1_195' title='bbox 1029 2737 1128 2798; x_wconf 80' lang='lat' dir='ltr'>delia·</span> 
     </span>
     <span class='ocr_line' id='line_1_23' title="bbox 86 2837 1126 2918; baseline 0 -18"><span class='ocrx_word' id='word_1_196' title='bbox 86 2859 151 2900; x_wconf 83' lang='lat' dir='ltr'>nne</span> <span class='ocrx_word' id='word_1_197' title='bbox 172 2840 209 2899; x_wconf 88' lang='lat' dir='ltr'>V.</span> <span class='ocrx_word' id='word_1_198' title='bbox 225 2837 267 2899; x_wconf 88' lang='lat' dir='ltr'>H.</span> <span class='ocrx_word' id='word_1_199' title='bbox 284 2851 336 2912; x_wconf 70' lang='lat'>17,</span> <span class='ocrx_word' id='word_1_200' title='bbox 353 2837 387 2899; x_wconf 88' lang='lat'>6.</span> <span class='ocrx_word' id='word_1_201' title='bbox 414 2837 475 2898; x_wconf 88' lang='lat' dir='ltr'>boc</span> <span class='ocrx_word' id='word_1_202' title='bbox 490 2857 545 2918; x_wconf 87' lang='lat' dir='ltr'>pet</span> <span class='ocrx_word' id='word_1_203' title='bbox 560 2839 572 2896; x_wconf 91' lang='lat' dir='ltr'>i</span> <span class='ocrx_word' id='word_1_204' title='bbox 589 2837 723 2918; x_wconf 77' lang='lat' dir='ltr'>Dionys.</span> <span class='ocrx_word' id='word_1_205' title='bbox 735 2859 767 2900; x_wconf 87' lang='lat' dir='ltr'>v.</span> <span class='ocrx_word' id='word_1_206' title='bbox 784 2839 889 2916; x_wconf 79' lang='lat'>1086.</span> <span class='ocrx_word' id='word_1_207' title='bbox 920 2837 1043 2900; x_wconf 74' lang='lat' dir='ltr'>Plinius</span> <span class='ocrx_word' id='word_1_208' title='bbox 1062 2859 1088 2900; x_wconf 89' lang='lat' dir='ltr'>c.</span> <span class='ocrx_word' id='word_1_209' title='bbox 1105 2839 1126 2900; x_wconf 94' lang='grc'><strong>1.</strong></span> 
     </span>
     <span class='ocr_line' id='line_1_24' title="bbox 87 2937 1127 3020; baseline -0.003 -18"><span class='ocrx_word' id='word_1_210' title='bbox 87 2939 238 3002; x_wconf 78' lang='lat' dir='ltr'>Priscian.</span> <span class='ocrx_word' id='word_1_211' title='bbox 261 2958 294 3000; x_wconf 81' lang='lat' dir='ltr'>v.</span> <span class='ocrx_word' id='word_1_212' title='bbox 317 2947 403 3020; x_wconf 88' lang='grc'><strong>994.</strong></span> <span class='ocrx_word' id='word_1_213' title='bbox 442 2937 585 3000; x_wconf 73' lang='lat' dir='ltr'>Avienus</span> <span class='ocrx_word' id='word_1_214' title='bbox 614 2959 648 3002; x_wconf 88' lang='lat' dir='ltr'>v.</span> <span class='ocrx_word' id='word_1_215' title='bbox 676 2941 781 3018; x_wconf 75' lang='lat'>1236.</span> <span class='ocrx_word' id='word_1_216' title='bbox 841 2941 929 3000; x_wconf 86' lang='lat' dir='ltr'>inter</span> <span class='ocrx_word' id='word_1_217' title='bbox 957 2955 1127 3019; x_wconf 86' lang='lat' dir='ltr'>utrumqne</span> 
     </span>
     <span class='ocr_line' id='line_1_25' title="bbox 89 3039 1128 3123; baseline -0.002 -21"><span class='ocrx_word' id='word_1_218' title='bbox 89 3044 272 3123; x_wconf 68' lang='lat' dir='ltr'>(increpant</span> <span class='ocrx_word' id='word_1_219' title='bbox 298 3039 371 3100; x_wconf 83' lang='lat' dir='ltr'>libri</span> <span class='ocrx_word' id='word_1_220' title='bbox 394 3040 516 3100; x_wconf 79' lang='lat' dir='ltr'>Attiani</span> <span class='ocrx_word' id='word_1_221' title='bbox 538 3039 577 3101; x_wconf 87' lang='lat' dir='ltr'>de</span> <span class='ocrx_word' id='word_1_222' title='bbox 598 3041 711 3122; x_wconf 83' lang='lat' dir='ltr'>exped.</span> <span class='ocrx_word' id='word_1_223' title='bbox 735 3041 823 3103; x_wconf 84' lang='lat' dir='ltr'>Alex.</span> <span class='ocrx_word' id='word_1_224' title='bbox 848 3041 881 3111; x_wconf 85' lang='grc'>6,</span> <span class='ocrx_word' id='word_1_225' title='bbox 906 3056 937 3103; x_wconf 80' lang='lat' dir='ltr'>o.</span> <span class='ocrx_word' id='word_1_226' title='bbox 993 3039 1128 3100; x_wconf 82' lang='lat' dir='ltr'>Miratur</span> 
     </span>
     <span class='ocr_line' id='line_1_26' title="bbox 88 3137 1128 3228; baseline 0.002 -26"><span class='ocrx_word' id='word_1_227' title='bbox 88 3159 197 3204; x_wconf 85' lang='lat' dir='ltr'>tamen</span> <span class='ocrx_word' id='word_1_228' title='bbox 216 3141 396 3224; x_wconf 74' lang='lat' dir='ltr'>Stephanus</span> <span class='ocrx_word' id='word_1_229' title='bbox 419 3139 438 3201; x_wconf 82' lang='lat' dir='ltr'>i.</span> <span class='ocrx_word' id='word_1_230' title='bbox 457 3161 490 3206; x_wconf 84' lang='lat' dir='ltr'>v.</span> <span class='ocrx_word' id='word_1_231' title='bbox 510 3137 694 3228; x_wconf 73' lang='grc' dir='ltr'><em>Γεδρωσία,</em></span> <span class='ocrx_word' id='word_1_232' title='bbox 728 3154 833 3203; x_wconf 85' lang='lat' dir='ltr'>curet</span> <span class='ocrx_word' id='word_1_233' title='bbox 853 3143 940 3204; x_wconf 89' lang='lat' dir='ltr'>unde</span> <span class='ocrx_word' id='word_1_234' title='bbox 957 3143 1128 3222; x_wconf 72' lang='lat' dir='ltr'>Dionysius</span> 
     </span>
     <span class='ocr_line' id='line_1_27' title="bbox 86 3241 1130 3332; baseline -0.002 -26"><span class='ocrx_word' id='word_1_235' title='bbox 86 3242 267 3332; x_wconf 73' lang='grc' dir='ltr'>Γεδρωσῶν</span> <span class='ocrx_word' id='word_1_236' title='bbox 289 3243 462 3306; x_wconf 84' lang='lat' dir='ltr'>declinarit.</span> <span class='ocrx_word' id='word_1_237' title='bbox 515 3241 599 3303; x_wconf 89' lang='lat' dir='ltr'>Mihi</span> <span class='ocrx_word' id='word_1_238' title='bbox 622 3245 754 3325; x_wconf 88' lang='lat' dir='ltr'>quidem</span> <span class='ocrx_word' id='word_1_239' title='bbox 777 3245 887 3306; x_wconf 89' lang='lat' dir='ltr'>eadem</span> <span class='ocrx_word' id='word_1_240' title='bbox 908 3244 961 3304; x_wconf 92' lang='lat' dir='ltr'>hic</span> <span class='ocrx_word' id='word_1_241' title='bbox 981 3246 1060 3305; x_wconf 85' lang='lat' dir='ltr'>tatio</span> <span class='ocrx_word' id='word_1_242' title='bbox 1078 3263 1130 3304; x_wconf 83' lang='lat' dir='ltr'>va·</span> 
     </span>
     <span class='ocr_line' id='line_1_28' title="bbox 1 3345 1128 3427; baseline 0 -19"><span class='ocrx_word' id='word_1_243' title='bbox 1 3423 2 3427; x_wconf 7' lang='grc' dir='ltr'><strong>Ἰ</strong></span> <span class='ocrx_word' id='word_1_244' title='bbox 88 3349 155 3408; x_wconf 84' lang='lat' dir='ltr'>iere</span> <span class='ocrx_word' id='word_1_245' title='bbox 181 3347 327 3416; x_wconf 79' lang='lat' dir='ltr'>videtur,</span> <span class='ocrx_word' id='word_1_246' title='bbox 356 3363 451 3426; x_wconf 86' lang='lat' dir='ltr'>quam</span> <span class='ocrx_word' id='word_1_247' title='bbox 477 3358 568 3405; x_wconf 87' lang='lat' dir='ltr'>antea</span> <span class='ocrx_word' id='word_1_248' title='bbox 597 3347 630 3405; x_wconf 91' lang='lat' dir='ltr'>in</span> <span class='ocrx_word' id='word_1_249' title='bbox 660 3347 794 3408; x_wconf 85' lang='lat' dir='ltr'>nomine</span> <span class='ocrx_word' id='word_1_250' title='bbox 821 3345 982 3408; x_wconf 85' lang='lat' dir='ltr'>Carmanii</span> <span class='ocrx_word' id='word_1_251' title='bbox 1006 3346 1128 3408; x_wconf 82' lang='lat' dir='ltr'>notavi.</span> 
     </span>
    </p>
   </div>
   <div class='ocr_carea' id='block_1_6' title="bbox 1 3445 1130 3742">
    <p class='ocr_par' dir='ltr' id='par_1_6' title="bbox 1 3445 1130 3742">
     <span class='ocr_line' id='line_1_29' title="bbox 89 3445 1130 3528; baseline -0.005 -18"><span class='ocrx_word' id='word_1_252' title='bbox 89 3447 293 3510; x_wconf 85' lang='lat' dir='ltr'>&#39;l&#39;erminatio</span> <span class='ocrx_word' id='word_1_253' title='bbox 309 3467 365 3528; x_wconf 84' lang='lat' dir='ltr'>pet</span> <span class='ocrx_word' id='word_1_254' title='bbox 381 3447 404 3506; x_wconf 86' lang='lat' dir='ltr'>ii</span> <span class='ocrx_word' id='word_1_255' title='bbox 425 3445 468 3506; x_wconf 85' lang='lat' dir='ltr'>est</span> <span class='ocrx_word' id='word_1_256' title='bbox 488 3445 701 3527; x_wconf 79' lang='lat' dir='ltr'>prosaicorum</span> <span class='ocrx_word' id='word_1_257' title='bbox 725 3462 890 3515; x_wconf 85' lang='lat' dir='ltr'>veterum.</span> <span class='ocrx_word' id='word_1_258' title='bbox 916 3467 972 3528; x_wconf 84' lang='lat' dir='ltr'>pet</span> <span class='ocrx_word' id='word_1_259' title='bbox 994 3447 1005 3506; x_wconf 89' lang='lat' dir='ltr'>i</span> <span class='ocrx_word' id='word_1_260' title='bbox 1023 3459 1130 3528; x_wconf 85' lang='lat' dir='ltr'>poeta·</span> 
     </span>
     <span class='ocr_line' id='line_1_30' title="bbox 1 3543 1130 3640; baseline 0 -30"><span class='ocrx_word' id='word_1_261' title='bbox 1 3623 2 3635; x_wconf 10' lang='grc' dir='ltr'>χ</span> <span class='ocrx_word' id='word_1_262' title='bbox 91 3571 175 3612; x_wconf 84' lang='grc' dir='ltr'><strong>ιιιιιι.</strong></span> <span class='ocrx_word' id='word_1_263' title='bbox 220 3551 327 3632; x_wconf 85' lang='lat' dir='ltr'>Quare</span> <span class='ocrx_word' id='word_1_264' title='bbox 349 3567 388 3610; x_wconf 85' lang='lat' dir='ltr'>ex</span> <span class='ocrx_word' id='word_1_265' title='bbox 411 3549 523 3610; x_wconf 84' lang='lat' dir='ltr'>cadem</span> <span class='ocrx_word' id='word_1_266' title='bbox 543 3549 614 3634; x_wconf 81' lang='lat' dir='ltr'>lege</span> <span class='ocrx_word' id='word_1_267' title='bbox 635 3547 712 3611; x_wconf 84' lang='lat' dir='ltr'>dedi</span> <span class='ocrx_word' id='word_1_268' title='bbox 733 3547 838 3613; x_wconf 82' lang='lat' dir='ltr'>ethic</span> <span class='ocrx_word' id='word_1_269' title='bbox 862 3543 1014 3640; x_wconf 74' lang='lat' dir='ltr'>Cedrofii.</span> <span class='ocrx_word' id='word_1_270' title='bbox 1056 3547 1130 3610; x_wconf 79' lang='lat' dir='ltr'>Pon</span> 
     </span>
     <span class='ocr_line' id='line_1_31' title="bbox 91 3639 441 3742; baseline -0.014 -27"><span class='ocrx_word' id='word_1_271' title='bbox 91 3651 203 3716; x_wconf 88' lang='lat' dir='ltr'>Cibin.</span> <span class='ocrx_word' id='word_1_272' title='bbox 226 3650 297 3712; x_wconf 83' lang='lat' dir='ltr'>dein</span> <span class='ocrx_word' id='word_1_273' title='bbox 318 3639 441 3742; x_wconf 77' lang='lat' dir='ltr'>Persae.</span> 
     </span>
    </p>
   </div>
   <div class='ocr_carea' id='block_1_7' title="bbox 89 3851 1131 4245">
    <p class='ocr_par' dir='ltr' id='par_1_7' title="bbox 89 3851 1131 4245">
     <span class='ocr_line' id='line_1_32' title="bbox 170 3851 1131 3936; baseline -0.003 -21"><span class='ocrx_word' id='word_1_274' title='bbox 170 3851 319 3935; x_wconf 81' lang='lat' dir='ltr'>Sabis)</span> <span class='ocrx_word' id='word_1_275' title='bbox 369 3851 500 3915; x_wconf 87' lang='lat' dir='ltr'>Nomen</span> <span class='ocrx_word' id='word_1_276' title='bbox 522 3851 658 3914; x_wconf 85' lang='lat' dir='ltr'>dubium</span> <span class='ocrx_word' id='word_1_277' title='bbox 675 3855 826 3935; x_wconf 85' lang='lat' dir='ltr'>varieque</span> <span class='ocrx_word' id='word_1_278' title='bbox 846 3853 1011 3936; x_wconf 81' lang='lat' dir='ltr'>agitatum.</span> <span class='ocrx_word' id='word_1_279' title='bbox 1047 3853 1131 3913; x_wconf 85' lang='lat' dir='ltr'>Vati·</span> 
     </span>
     <span class='ocr_line' id='line_1_33' title="bbox 90 3950 1131 4037; baseline -0.006 -15"><span class='ocrx_word' id='word_1_280' title='bbox 90 3959 162 4022; x_wconf 86' lang='lat' dir='ltr'>cani</span> <span class='ocrx_word' id='word_1_281' title='bbox 179 3957 287 4020; x_wconf 90' lang='lat' dir='ltr'>Cibin.</span> <span class='ocrx_word' id='word_1_282' title='bbox 305 3957 430 4027; x_wconf 76' lang='lat' dir='ltr'>Soetis5</span> <span class='ocrx_word' id='word_1_283' title='bbox 455 3950 622 4016; x_wconf 81' lang='lat' dir='ltr'>Voffianne</span> <span class='ocrx_word' id='word_1_284' title='bbox 638 3955 779 4037; x_wconf 78' lang='lat' dir='ltr'>optimus</span> <span class='ocrx_word' id='word_1_285' title='bbox 797 3955 921 4028; x_wconf 70' lang='lat' dir='ltr'>Samii,-</span> <span class='ocrx_word' id='word_1_286' title='bbox 944 3953 1025 4036; x_wconf 81' lang='lat' dir='ltr'>Lips.</span> <span class='ocrx_word' id='word_1_287' title='bbox 1045 3953 1131 4016; x_wconf 88' lang='lat' dir='ltr'>Gnd.</span> 
     </span>
     <span class='ocr_line' id='line_1_34' title="bbox 90 4055 1131 4144; baseline -0.008 -20"><span class='ocrx_word' id='word_1_288' title='bbox 90 4061 266 4144; x_wconf 83' lang='lat' dir='ltr'>liehdiget.</span> <span class='ocrx_word' id='word_1_289' title='bbox 289 4055 384 4120; x_wconf 84' lang='lat' dir='ltr'>Patii.</span> <span class='ocrx_word' id='word_1_290' title='bbox 406 4075 436 4119; x_wconf 86' lang='lat'>1.</span> <span class='ocrx_word' id='word_1_291' title='bbox 456 4069 488 4134; x_wconf 78' lang='lat'>3.</span> <span class='ocrx_word' id='word_1_292' title='bbox 512 4057 651 4119; x_wconf 89' lang='lat' dir='ltr'>Vindob.</span> <span class='ocrx_word' id='word_1_293' title='bbox 676 4057 787 4120; x_wconf 83' lang='lat' dir='ltr'>Venet.</span> <span class='ocrx_word' id='word_1_294' title='bbox 806 4057 912 4119; x_wconf 82' lang='lat' dir='ltr'>Havn.</span> <span class='ocrx_word' id='word_1_295' title='bbox 929 4056 1131 4119; x_wconf 87' lang='lat' dir='ltr'>Ciacconiani</span> 
     </span>
     <span class='ocr_line' id='line_1_35' title="bbox 89 4155 1130 4245; baseline -0.005 -20"><span class='ocrx_word' id='word_1_296' title='bbox 89 4165 156 4226; x_wconf 92' lang='lat' dir='ltr'>duo</span> <span class='ocrx_word' id='word_1_297' title='bbox 172 4181 246 4222; x_wconf 84' lang='lat' dir='ltr'>enm</span> <span class='ocrx_word' id='word_1_298' title='bbox 265 4159 415 4223; x_wconf 81' lang='lat' dir='ltr'>Boccaiio</span> <span class='ocrx_word' id='word_1_299' title='bbox 430 4177 458 4221; x_wconf 91' lang='lat' dir='ltr'>c.</span> <span class='ocrx_word' id='word_1_300' title='bbox 475 4159 498 4221; x_wconf 94' lang='lat' dir='ltr'>l.</span> <span class='ocrx_word' id='word_1_301' title='bbox 514 4159 595 4222; x_wconf 82' lang='lat' dir='ltr'>Setis</span> <span class='ocrx_word' id='word_1_302' title='bbox 602 4179 615 4232; x_wconf 91' lang='lat'>‚·</span> <span class='ocrx_word' id='word_1_303' title='bbox 639 4159 729 4245; x_wconf 82' lang='lat' dir='ltr'>Prag.</span> <span class='ocrx_word' id='word_1_304' title='bbox 742 4159 847 4233; x_wconf 79' lang='lat' dir='ltr'>Sotis,·</span> <span class='ocrx_word' id='word_1_305' title='bbox 871 4155 964 4222; x_wconf 85' lang='lat' dir='ltr'>Parii.</span> <span class='ocrx_word' id='word_1_306' title='bbox 978 4173 1010 4220; x_wconf 78' lang='lat' dir='ltr'>e.</span> <span class='ocrx_word' id='word_1_307' title='bbox 1030 4155 1130 4220; x_wconf 62' lang='lat' dir='ltr'>Sabo.</span> 
     </span>
    </p>
   </div>
   <div class='ocr_carea' id='block_1_8' title="bbox 0 0 1431 4940">
    <p class='ocr_par' dir='ltr' id='par_1_8' title="bbox 0 0 1431 4940">
     <span class='ocr_line' id='line_1_36' title="bbox 0 0 1431 4940; baseline 0 0"><span class='ocrx_word' id='word_1_308' title='bbox 0 0 1431 4940; x_wconf 95' lang='lat' dir='ltr'> </span> 
     </span>
    </p>
   </div>
  </div>
 </body>
</html>
