2810 4944
386 403 476 460 ιιι.
506 409 545 462 ιι.
589 407 623 466 c.
651 409 716 470 vn.
759 407 838 478 ca.
1067 353 1128 488 stt

90 579 174 638 ιίιιιὶ
198 591 307 642 tamen
330 591 363 640 et
383 561 495 662 reliqui
518 599 557 642 ex
578 581 659 643 mesa
688 583 847 665 ignorant.
898 579 1027 646 Primua
1049 581 1131 646 hanc

88 681 277 762 particulam
311 681 424 743 abiecit
459 682 666 762 sieinoldiua,
704 703 842 764 eumque
874 680 994 748 secutur
1027 685 1132 766 possea

91 785 188 842 etiam
204 783 314 844 omisit
334 784 373 846 Δ.
392 783 577 845 Gronoviua
598 785 632 844 in
651 783 702 846 ed.
725 795 785 863 44.
807 803 881 844 cum
903 787 982 848 aliia.
1021 787 1130 850 Cibin.

91 884 160 944 dar:
195 883 339 945 Pambos
362 897 394 946 et
411 885 584 957 Phoenicer
617 885 729 947 Venet.
761 885 899 948 diaiectia
928 885 1050 949 verbu:
1087 889 1131 950 Irt

90 985 246 1046 Phoenice
268 985 312 1076 ess
336 982 480 1046 Porcios
502 1005 617 1066 parua.
658 1005 864 1048 azecttvmffi.
942 989 1009 1048 Vox
1034 989 1131 1050 etiam

90 1086 171 1146 nihil
194 1087 251 1146 nisi
276 1086 399 1156 turbat.
432 1099 465 1148 et
488 1087 570 1148 nulli
591 1087 678 1148 bono
700 1087 758 1156 est.
792 1105 895 1168 neque
916 1091 1014 1148 etiam
1035 1089 1131 1160 disco.

91 1188 179 1249 uude
201 1189 345 1256 venerit.
378 1209 479 1268 quum
501 1209 518 1251 a
539 1187 665 1250 duobua
689 1189 780 1250 MSS.
796 1188 894 1250 abesse
914 1187 1016 1250 sciam.
1068 1191 1132 1252 Sed

30 1307 31 1322 ¹
91 1307 198 1370 neque
221 1291 255 1348 in
281 1289 511 1351 Mediolanensi
540 1287 632 1351 stater
662 1291 797 1352 invenit.
847 1289 884 1350 ln
906 1289 1021 1370 quibua
1040 1291 1132 1354 libria

90 1389 280 1474 igiturest?
332 1385 456 1453 Vossrua
477 1393 510 1452 iu
527 1392 701 1473 appendice
723 1391 849 1452 tesiatur
866 1391 980 1452 exstare
1002 1393 1034 1452 in
1053 1393 1134 1454 anti·

90 1491 274 1571 maioribus,
301 1507 334 1552 et
349 1491 430 1552 nihil
447 1493 570 1560 minue,
594 1513 688 1574 quam
707 1491 837 1554 otiosam
854 1491 924 1554 esse.
977 1493 1045 1554 Cur
1063 1513 1131 1554 non

88 1593 121 1652 id
145 1593 342 1654 declaravit?
383 1613 407 1656 1.
435 1611 642 1656 onoraovrre.
696 1591 865 1654 Adsentior
888 1593 1065 1660 Gronuvio.
1097 1609 1132 1656 et

90 1695 174 1755 male
191 1692 358 1755 obtrusum
375 1707 465 1776 puto,
488 1691 571 1758 sorte
589 1709 698 1758 ortum
715 1715 754 1758 ex
770 1705 810 1766 et,
834 1695 919 1777 quod
935 1693 1029 1757 habet
1044 1695 1131 1759 Cibi·

89 1795 221 1868 niensis,
249 1815 308 1880 pro
326 1797 373 1859 iu.

163 1997 323 2081 paruo)
368 1997 494 2062 Plinius
515 2021 581 2063 non
601 1997 752 2072 Aradum,
781 1999 832 2063 sed
849 2001 978 2062 Parium
998 1999 1131 2062 insulam

91 2114 164 2162 aute
183 2103 306 2184 soppen
323 2102 410 2164 satam
428 2101 532 2164 scribit
549 2117 649 2164 totam
666 2101 726 2164 esse
744 2103 911 2184 oppidum.
949 2101 1048 2164 Verba
1062 2103 1131 2164 eiua

93 2215 126 2278 5.
150 2215 210 2281 31.
241 2201 285 2280 [s.
303 2207 385 2286 ξιιμ]
418 2203 494 2266 haec
519 2203 609 2264 sunt:
650 2207 691 2264 Ιιι
717 2203 885 2264 Phoenicio
913 2201 1025 2262 deiude
1049 2203 1132 2264 mori

92 2301 237 2394 estante
257 2305 379 2384 ioppen
400 2306 516 2376 Pario,
543 2319 614 2366 toto
638 2304 807 2386 oppidum,
837 2305 869 2364 iu
891 2325 956 2386 quo
978 2301 1131 2364 obiectam

93 2401 458 2466 belsuae'Andromedam
473 2399 612 2497 seruum
645 2419 676 2468 ec
697 2407 762 2466 iam
785 2405 873 2466 dicta
888 2403 1022 2476 Arados.
1049 2407 1132 2464 iuter

93 2525 190 2586 quoru
213 2517 246 2564 et
267 2508 477 2568 continentem
495 2509 730 2590 quinquaginta
748 2504 856 2566 credito
880 2505 947 2566 osto
972 2506 1051 2566 mari
1071 2501 1131 2588 (ut

93 2619 207 2667 auctor
237 2605 281 2700 est
308 2605 502 2690 Marianus)
525 2631 540 2668 e
560 2599 662 2697 fonte
682 2607 782 2668 duscis
804 2627 905 2688 corto,
937 2604 1013 2666 trrbo
1037 2607 1133 2668 coriis

92 2699 200 2795 facto,
233 2708 461 2790 usqueovodo
482 2709 634 2770 trabitur.
677 2709 739 2770 Sed
761 2705 904 2790 prosecto
925 2705 1070 2767 nullaesi
1091 2705 1131 2766 ad

94 2810 223 2889 ioppen
239 2807 354 2878 insula,
380 2829 485 2890 neque
505 2829 645 2890 unquam
663 2807 734 2871 suit.
774 2809 875 2872 Series
892 2808 1046 2888 quaedam
1069 2805 1133 2868 sco·

93 2911 249 2990 polorum
281 2909 320 2970 ab
347 2909 454 2972 Asrico
481 2912 674 2992 Aquilonem
701 2907 807 2971 versuo
832 2927 1019 2993 procurrens
1043 2907 1132 2968 litori

96 3011 246 3092 lappensr
269 3013 502 3092 praetenditur3
539 3033 651 3074 verum
675 3013 721 3072 isli
743 3009 830 3093 saepe
853 3009 930 3070 mari
953 3009 1132 3071 obruuntur

95 3125 128 3172 et
149 3113 228 3172 talea
250 3109 330 3182 sunt,
357 3127 394 3172 ut
414 3115 510 3174 etiam
529 3113 628 3176 h'odie
650 3125 805 3194 appareat,
831 3131 995 3191 uunquam
1018 3111 1133 3178 custos.

95 3227 151 3272 aut
177 3213 335 3274 habitatos
357 3211 458 3276 suisse.
512 3216 561 3276 De
585 3213 649 3276 issia
674 3229 778 3274 tamen
802 3211 935 3294 scopulis
959 3213 1048 3292 loqui
1073 3211 1135 3272 Pli-

95 3317 191 3374 nium
213 3329 336 3376 certum
354 3313 414 3386 est;
449 3315 482 3376 in
501 3317 540 3378 iia
556 3315 673 3398 quippe
692 3313 935 3376 ostendebantur
956 3313 1034 3374 olim
1052 3325 1133 3374 cate·

96 3435 215 3475 uarum
232 3417 454 3476 Andromedae
470 3415 609 3500 vestigia,
633 3431 670 3476 ut
687 3415 811 3476 tesiatur
827 3413 977 3496 Iosephus
992 3413 1030 3474 de
1048 3413 1133 3475 bello

98 3515 229 3576 ludaico
253 3516 308 3577 sib.
328 3529 359 3596 3.
385 3537 452 3599 cap.
475 3537 487 3576 t
496 3529 530 3594 5.
562 3513 618 3604 [3.
643 3535 677 3596 9,
700 3509 756 3602 3.]
808 3515 989 3599 sieleganda
1009 3513 1053 3576 est
1078 3515 1135 3576 ita·

98 3637 162 3698 qne
177 3617 267 3680 Paria
280 3617 333 3680 isia
349 3617 492 3678 Pliniana
509 3619 546 3680 ad
564 3617 694 3688 insulae,
718 3637 797 3698 quae
812 3637 975 3698 nunquam
989 3613 1133 3676 suerunt.

99 3719 138 3780 ln
162 3717 314 3780 vitiosum
339 3719 512 3800 Pomponii
532 3721 674 3782 codicem
697 3719 827 3788 incidit,
862 3720 895 3778 in
911 3735 976 3798 quo
994 3719 1035 3776 ita
1058 3715 1135 3776 haec

100 3819 199 3880 verba
217 3819 477 3898 conciperentur:
508 3819 633 3883 Arados
648 3821 743 3882 etiam
762 3821 795 3880 ιἰι
812 3820 967 3881 Phoenica
979 3830 1010 3878 ec
1024 3817 1135 3887 Paria,

100 3933 258 4002 qrroutum
285 3933 392 4000 potet,
423 3935 494 3982 toto
521 3919 685 4003 oppidum.
738 3921 823 4003 Quia
849 3939 927 3982 vero
953 3918 1075 3980 nussam
1101 3917 1136 3978 iu

101 4025 182 4082 mari
209 4021 386 4083 Phoenicio
412 4035 534 4104 praeter
563 4023 704 4085 Aradum
732 4020 864 4082 insulam
889 4021 1023 4104 legerat,
1062 4017 1136 4079 ideo

101 4121 225 4185 Persam
255 4125 478 4206 iutemretatue
502 4125 545 4187 esi
573 4121 726 4194 insulam,
761 4120 814 4184 sau
838 4125 943 4184 reriua
970 4119 1137 4203 scopulum
