2792 4940
372 437 458 495 ΗΒ.
488 439 525 492 ll.
568 437 601 494 c.
625 438 675 492 lli.
717 435 796 506 §.u
1044 449 1103 516 257

7 629 8 632 ¹
63 625 187 673 unnim
209 611 308 674 orbec
323 609 412 674 fuisse
430 631 542 694 perum
558 609 601 672 eit
615 611 775 674 credibile.
826 613 985 694 Scyrunur
1001 611 1105 676 Chiut

64 729 167 776 autem
192 708 329 788 πολλὰς
352 729 476 774 tantum
499 707 608 784 reddetr
627 709 657 775 ἐν
681 713 724 800 τῆ
742 713 902 802 μεσογείῳ
925 712 1013 776 suisse
1037 711 1106 776 scri·

64 815 115 878 bit.
152 815 341 896 Multiplici
364 817 459 876 etiam
482 815 624 898 fingendi
645 831 710 876 erte
732 835 813 898 opue
837 817 889 880 esi.
941 815 1105 888 solioum.

65 917 111 976 ctsr
125 919 165 976 ad
187 919 323 1000 linguae
338 913 429 976 usum
448 931 520 998 apte
539 918 645 977 locum
667 917 846 988 conllituit,
876 919 910 980 vi
927 931 1033 978 tamen
1057 918 1106 978 iu·

64 1019 134 1077 lecta
152 1019 213 1076 fibi
233 1019 322 1077 viam
343 1032 429 1098 parat
445 1031 477 1078 et
496 1019 534 1079 ad
554 1017 686 1078 eandem
705 1017 921 1080 dissicultateut
938 1019 1104 1092 delabitur,

64 1139 115 1197 qua
135 1119 278 1201 lingulis
300 1119 427 1200 popolir
448 1119 585 1202 lingulae
609 1131 731 1180 tautum
751 1119 846 1182 nrber
867 1121 1103 1202 relinquuntur.

64 1221 156 1302 Quod
179 1221 378 1282 Ciaccouius
397 1218 570 1302 proposuit.
595 1217 683 1281 facile
699 1221 848 1290 adrideat,
871 1223 893 1282 sr
915 1223 1044 1304 cogitet,
1070 1223 1105 1283 iu

63 1323 278 1400 praecedente
298 1321 345 1380 uli
360 1323 454 1382 latere
471 1321 525 1390 ali,
555 1341 619 1402 quo
640 1321 785 1402 absorpto
808 1343 866 1406 pro
880 1323 1000 1404 aliquot
1017 1321 1106 1383 exili·

64 1427 130 1483 terit
159 1435 351 1482 truncatum
374 1435 462 1504 quot.
526 1425 588 1484 Sed
610 1423 647 1483 ad
673 1425 789 1484 exilem
814 1427 910 1484 nimie
931 1443 1105 1484 numerum

62 1525 277 1586 Macedoniae
298 1523 392 1585 urbes
415 1525 466 1584 illa
487 1524 624 1586 lectione
648 1525 855 1608 rediguntur,
895 1545 970 1607 quaa
998 1539 1105 1586 tamen

62 1628 176 1686 multas
204 1623 297 1686 suille
316 1625 443 1686 aliunde
466 1625 581 1686 constat
605 1639 635 1686 et
659 1627 742 1688 blesa
763 1625 827 1709 ipse
848 1624 1006 1696 recenset,
1039 1627 1104 1706 qui,

62 1740 94 1784 ut
111 1729 224 1788 Pellae
248 1727 372 1786 mentio
396 1727 499 1796 docet,
531 1747 597 1787 non
622 1727 748 1789 litoreae
771 1741 895 1788 tantum
917 1729 1021 1794 urlree.
1053 1727 1106 1788 sed

63 1841 92 1886 et
114 1830 370 1888 mediterraneae
386 1827 615 1908 complectitur.
651 1829 854 1912 Languidum
871 1829 966 1890 etiam
984 1827 1106 1890 sensum

64 1927 200 1998 ciliciae,
233 1929 255 1986 li
282 1949 355 1988 curu
379 1929 547 1990 Gronovio
571 1931 729 2010 exceperit
749 1951 811 2012 qua
836 1929 924 1990 nrbes
943 1929 1105 2000 duditant,

64 2031 145 2108 quasi
170 2045 303 2090 tanturn
326 2030 369 2088 ibi
389 2029 448 2090 else
464 2029 652 2092 lllacedonut
670 2031 751 2092 blesa
773 2031 868 2098 velit,
896 2033 951 2090 ubi
973 2031 1030 2092 bnt
1053 2051 1105 2094 eo·

65 2151 141 2190 rum
161 2131 271 2192 nrbes.
324 2127 425 2192 Pollis
441 2133 597 2192 coniicere
612 2145 758 2212 qrrotuor,
780 2134 867 2214 quod
883 2153 921 2194 ex
938 2131 1104 2214 scripturae

69 2233 265 2312 compendio
288 2245 326 2312 qt
347 2231 409 2292 stne
430 2231 557 2313 operosa
575 2247 640 2294 arte
656 2235 805 2304 extricet,
837 2235 878 2294 fic
893 2247 927 2293 ut
942 2235 1106 2318 adtingere

69 2332 181 2394 Noster
209 2335 359 2392 rideatur
382 2333 572 2394 divilionem
597 2335 803 2396 lllucedoniae
826 2337 859 2395 in
884 2349 1018 2416 quatuor
1039 2354 1108 2418 par·

70 2447 146 2495 lesa
170 2435 331 2495 Romania
353 2431 484 2502 saetam,
512 2437 551 2494 tle
566 2455 626 2516 qua
644 2437 754 2496 Livius
774 2445 835 2514 45.
861 2451 919 2514 29.
971 2437 1032 2498 Sed
1054 2436 1107 2496 illa

70 2535 125 2614 ipsa
150 2535 272 2594 dir-ilio
295 2535 402 2604 docet,
422 2535 477 2596 ·ad
505 2535 621 2596 lllelam
646 2557 713 2598 uon
737 2539 911 2618 pertinere,
947 2539 1065 2618 quippe
1089 2555 1108 2598 a

66 2659 124 2716 quo
143 2637 337 2696 Macedonio
360 2637 527 2696 artioribus
548 2637 704 2699 liruitibue
724 2638 908 2700 includitur.
960 2641 992 2700 Si
1015 2639 1107 2718 plane

64 2742 210 2798 eiiciatnr
233 2730 277 2798 ed
298 2749 392 2816 quot,
424 2741 472 2796 uti
495 2740 644 2799 videntur
668 2741 799 2800 innuere
822 2740 980 2808 Vaticani,
1008 2755 1106 2798 nemo

62 2843 109 2900 de.
125 2839 292 2900 deraverit
313 2851 344 2896 et
364 2838 467 2900 leniua
490 2839 566 2900 fluat
590 2839 650 2920 ipsa
673 2843 819 2903 narratio.
885 2841 1045 2920 Equidem
1072 2839 1106 2898 irt

60 2941 118 3000 hac
142 2939 356 2998 haesitatione
377 2940 488 3020 reliqui
505 2961 612 3001 veram
632 2943 692 3000 loci
713 2943 974 3002 emendationem
996 2941 1107 3002 melio·

60 3045 152 3104 ribus
172 3043 266 3100 libris
282 3055 335 3098 aut
354 3041 546 3102 acutioribue
561 3043 700 3126 ingeniis
717 3041 864 3106 lubenter
882 3043 1019 3104 tradem.

135 3263 312 3328 quorum
337 3241 450 3302 Pelle
471 3267 521 3290 -·-
546 3243 749 3334 illustris)
785 3246 876 3306 Varie
892 3245 979 3306 hunc
997 3243 1106 3304 locum

60 3346 227 3430 esfiogunt
253 3343 336 3404 libri.
390 3346 415 3404 l.
439 3345 582 3406 Gronov.
602 3347 639 3404 ad
664 3367 691 3415 r,
713 3361 745 3410 c.
766 3347 809 3406 in.
833 3345 987 3406 extribus
1007 3342 1108 3406 adfert

59 3449 145 3508 Pelle
167 3465 229 3528 pro
246 3443 332 3504 Pella
348 3445 525 3505 editionum
543 3449 697 3527 priorum.
733 3449 770 3508 A.
791 3449 948 3508 Gronouii
965 3445 1106 3526 plerique

62 3553 213 3610 codices:
258 3567 311 3626 qu.
338 3547 420 3606 Pelle
441 3547 483 3640 est
513 3551 650 3608 ruoxr‘me
671 3547 817 3640 illustrib·
856 3547 906 3608 scd
932 3547 1105 3608 Mediolon.

62 3649 146 3710 l'ols.
179 3669 209 3710 ι.
237 3647 385 3708 Perizon.
417 3649 533 3727 quibua
553 3649 709 3708 accedunt
730 3669 768 3708 ert
793 3648 994 3710 meitCibin.
1019 3647 1105 3708 Gud.

63 3751 186 3832 (quem
211 3751 373 3830 proeteriit
398 3748 434 3808 d.
459 3747 665 3830 Gronovius)
692 3751 864 3832 liehdiger.
885 3769 940 3832 qu.
964 3747 1108 3808 Pelleset

63 3855 210 3912 maxima
230 3849 374 3940 ilustris,
400 3862 493 3930 atque
510 3853 550 3910 ita
568 3853 600 3910 iu
620 3853 670 3912 ed.
692 3865 747 3930 23.
764 3853 885 3912 conlata
901 3869 939 3910 ex
957 3849 1054 3910 l'atic.
1077 3867 1106 3910 t.

64 3957 193 4036 opinor,
216 3949 410 4032 adscriptum
425 3965 506 4023 crat;
534 3949 626 4014 Paris.
649 3973 676 4012 r.
697 3969 727 4014 a.
755 3954 867 4014 Vener.
888 3971 1021 4034 quarum
1040 3947 1106 4008 Pel·

62 4055 101 4116 les
118 4069 151 4116 et
171 4053 317 4113 maximo
331 4063 363 4111 et
379 4051 527 4144 illustrir,·
552 4055 642 4136 l'rog.
665 4073 797 4136 quorum
817 4051 897 4112 Pelle
917 4065 949 4114 el
966 4051 1107 4112 ruoocima

62 4171 90 4217 ct
112 4155 272 4248 illrfirt's;
320 4151 405 4236 Lips.
439 4155 574 4216 vindob.
601 4175 655 4238 qtt.
681 4155 780 4216 ilites
814 4153 857 4248 psi·
884 4175 926 4216 m.
958 4151 1107 4246 illqst'riu
