2752 4944
317 401 376 484 196
618 399 862 458 rourouu
898 399 1061 459 uccer-

315 569 480 645 Ἐλευσὶν.
506 573 558 637 led
578 573 647 657 poli
663 595 696 658 p.
713 595 759 638 m.
779 583 861 654 274.
876 572 897 637 s.
916 588 999 659 597.
1021 565 1167 652 Ἐλευσὶς
1186 579 1352 660 reperitur

317 679 523 742 Gramruatici
545 689 668 747 tamen,
700 677 803 738 veluti
834 677 981 748 Servius,
1010 674 1188 740 Priscianus
1212 699 1352 762 pugnam

315 801 374 863 pro
408 778 510 840 forma
537 776 685 868 Eleusin,
722 797 816 858 quam
846 791 879 839 et
905 779 1016 839 multis
1041 777 1196 840 adilruore
1221 795 1352 844 conatur

317 883 467 944 Heinliue
482 881 519 940 ad
536 879 633 942 Ouid.
652 900 679 943 c.
694 879 715 940 l.
767 881 872 960 Atque
894 879 970 940 hinc
991 878 1146 962 posterior
1161 894 1242 942 aretae
1264 883 1352 942 duxi

317 979 472 1074 Eleusino
501 982 535 1040 in
568 979 636 1042 calu
663 992 762 1042 recto.
822 981 885 1041 Hic
911 999 986 1041 curn
1010 981 1152 1062 plerique
1172 996 1205 1044 er
1229 995 1352 1044 tantun

318 1105 387 1146 non
422 1102 535 1144 omnes
570 1082 694 1144 codicee
727 1077 857 1172 Eleusin
883 1095 938 1142 aut
966 1079 1160 1164 praeferant,
1193 1097 1245 1144 aut
1271 1100 1352 1145 cern

320 1189 473 1262 innuant,
499 1185 625 1244 moveri
648 1202 716 1245 uon
735 1181 841 1244 dehet.
890 1182 965 1245 Poll
991 1183 1130 1244 Vindob.
1155 1176 1352 1275 consecrata

319 1287 492 1370 Prehrliger.
518 1285 642 1345 omittit
661 1298 708 1346 ut.
768 1282 916 1346 Ciaccon.
945 1298 1055 1364 egeat‚·
1092 1285 1200 1348 Cibin.
1225 1299 1352 1367 aegarrl

320 1381 446 1452 Volsrue
462 1406 499 1448 ex
521 1385 609 1448 libris
629 1387 751 1468 aliquot
771 1397 863 1448 notat
875 1375 1007 1476 soleant
1026 1404 1085 1468 pro
1108 1399 1231 1468 egeant.

396 1587 644 1669 Megaride)
697 1587 793 1648 vanc.
821 1584 904 1669 upr.
933 1561 1028 1651 Peru.
1058 1603 1091 1650 2.
1118 1588 1151 1649 n
1176 1589 1352 1669 Megaride

320 1693 369 1754 uti
391 1689 460 1773 poll
480 1688 574 1752 Paris.
598 1705 631 1750 2.
663 1687 747 1770 Lipl.
771 1689 972 1750 Gronoviani
991 1689 1090 1770 aliqui
1109 1703 1143 1750 ot
1165 1690 1237 1752 edd.
1268 1710 1302 1755 1.
1337 1709 1352 1774 g

320 1790 486 1892 Argolide.
536 1793 626 1852 Tum
653 1790 738 1851 Gud.
764 1789 884 1870 regioni
905 1789 998 1853 unde.

396 2009 438 2058 nc
472 1992 538 2076 in)
597 1995 649 2056 Sic
680 2013 793 2056 omnes
819 1994 945 2056 codices
971 2007 1004 2057 et
1037 1997 1158 2076 primae
1189 1994 1352 2058 editione

321 2117 462 2182 quaeque
483 2116 534 2157 eas
554 2097 700 2178 proxime
718 2095 791 2155 sunt
812 2093 943 2157 securae.
996 2098 1138 2156 Tantum
1154 2094 1246 2158 Paris.
1275 2119 1308 2159 ι.
1341 2121 1352 2158 a

322 2203 427 2260 etiam.
465 2194 557 2258 Paris.
580 2211 611 2275 3.
636 2197 764 2258 videtur
781 2195 919 2257 habuiffe
934 2211 972 2258 ot
987 2198 1030 2268 in,
1050 2199 1102 2272 uti
1117 2199 1238 2279 primus
1254 2199 1352 2278 posu

322 2302 483 2360 vadianus
507 2300 541 2357 in
567 2298 617 2359 ed.
650 2295 702 2361 16.
741 2311 774 2357 et
797 2299 873 2358 hinc
896 2300 1020 2380 excepit
1041 2296 1257 2382 eiuatfamilia
1289 2321 1352 2362 cur

325 2401 535 2468 Olivariauis‚
576 2397 689 2478 quibus
724 2398 915 2460 accederunt
943 2415 1000 2462 21.
1042 2411 1097 2478 24.
1130 2411 1185 2476 28.
1214 2401 1352 2462 Vinetu

323 2503 485 2567 schottus.
518 2496 650 2568 Voffiua,
688 2508 748 2580 40.
774 2511 836 2577 41.
863 2512 924 2580 [aa.
976 2502 1055 2562 lude
1080 2500 1253 2562 Reinoldio
1281 2503 1352 2566 due

324 2614 385 2684 44.
408 2617 440 2664 er
459 2615 581 2664 ceterae
603 2605 639 2660 nt*
663 2601 717 2670 ιή,Ι
736 2597 834 2670 sensu,
862 2601 966 2680 inquit
987 2602 1025 2664 A.
1043 2601 1237 2670 Gronovius,
1266 2603 1352 2683 plan

325 2717 358 2767 et
382 2703 526 2764 venusto.
579 2701 705 2782 Nempe
726 2703 878 2762 continua
900 2700 976 2763 serie
992 2701 1155 2764 recensum
1179 2702 1352 2766 institutu¹

324 2805 537 2888 persequitur.
574 2805 608 2864 in
638 2822 701 2884 quo
729 2803 1000 2865 accommodatius
1023 2803 1065 2864 est
1089 2816 1142 2872 nc,
1177 2803 1232 2863 etli
1263 2805 1352 2872 abel

324 2908 422 2970 etiam
443 2905 527 2967 salvo
549 2903 637 2966 sensu
658 2900 762 2986 pullu.
814 2904 906 2988 Prag.
929 2916 966 2964 uc
984 2905 1018 2965 in
1035 2905 1195 2985 Argolica.

399 3109 601 3190 Mycenae
607 3105 627 3190 )
677 3106 787 3170 Cibin.
813 3104 898 3168 Gud.
928 3105 1019 3190 Prag.
1051 3105 1192 3190 llehdig.
1219 3106 1352 3173 Vindo

326 3209 461 3280 micene;
495 3209 546 3270 ed.
570 3223 603 3269 a.
629 3209 790 3280 Micenne‚·
830 3219 889 3284 25.
913 3207 948 3266 in
970 3207 1070 3270 altero
1092 3207 1270 3289 exemplari
1298 3214 1352 3272 liu

325 3329 451 3370 caenae.
502 3308 576 3370 Post
600 3309 740 3372 vindob.
764 3305 943 3389 precedebre.

401 3509 443 3570 in
476 3507 714 3591 Laconide)
764 3509 873 3572 Cibin.
897 3508 1081 3583 lachenide;
1113 3510 1258 3594 Rehdig.
1287 3513 1352 3580 lae

328 3607 419 3691 nyde.
453 3627 654 3672 raecuvcrnr.
713 3611 876 3672 Salmasius
899 3611 933 3672 in
957 3611 1041 3672 Plin.
1064 3613 1200 3674 Exercit.
1223 3633 1259 3694 p.
1291 3631 1352 3694 ις’,

328 3706 388 3797 [ad
408 3711 510 3774 Solin.
532 3730 559 3771 c.
583 3725 638 3790 15.
658 3709 679 3774 f.
696 3727 729 3788 7.
752 3733 785 3793 p.
807 3733 852 3776 m.
874 3707 955 3798 97.]
978 3711 1115 3772 malebat
1136 3715 1170 3774 in
1194 3713 1352 3778 locoru?

329 3824 368 3870 ut
386 3812 482 3893 paulo
498 3825 571 3874 ante
592 3813 654 3874 lroc
670 3833 736 3895 cap.
756 3814 791 3874 in
806 3804 1018 3902 Peloponneso
1035 3813 1170 3894 Argolis,
1193 3813 1352 3878 Laconi

326 3904 493 3998 Meffenia.
534 3931 567 3974 a,
591 3933 798 3976 nnouovrve.
851 3917 893 3976 At
927 3913 1062 3977 Codices
1094 3917 1215 3978 variare
1242 3915 1352 3984 Mela

324 4013 457 4075 voluill'e
489 4015 641 4086 indicunt,
681 4019 732 4076 uti
756 4017 791 4074 in
815 4013 944 4078 Boeotis
969 4031 1003 4079 et
1026 4016 1179 4088 Boeotia,
1223 4015 1269 4077 de
1311 4041 1352 4108 q

323 4111 425 4198 supra.
476 4113 527 4179 cf.
552 4117 650 4178 etiam
673 4117 713 4178 ad
736 4131 768 4188 a,
794 4131 826 4192 7,
855 4129 910 4195 ²5·
