2826 4936
298 392 356 460 raa
529 383 548 418 ⁴
585 385 827 444 eontnottrr
870 387 1031 442 trauan

298 563 339 625 Et
356 560 411 622 lib.
433 573 465 640 3.
490 581 557 644 cap.
577 573 610 642 3.
646 561 824 630 Germania,
849 579 914 643 qua
929 549 1177 650 septentrionem
1191 542 1320 644 spectat,

301 663 460 726 Oceanico
484 663 573 724 litore
599 661 737 724 obducta
758 661 812 754 eft.
848 679 1056 722 ciacconius.
1119 657 1213 719 forte
1234 676 1254 714 a
1272 667 1322 712 ter·

299 785 374 848 gore
390 763 528 826 obducta
542 755 581 856 se
599 765 631 826 in
653 755 793 856 diversos
816 778 875 826 etc.
904 781 1084 825 tcttorrvs.
1137 757 1323 822 Sententiam

299 867 420 928 barnam
447 869 480 928 in
506 866 606 928 verbo
631 863 769 926 abducta
795 864 855 928 esse
880 879 975 949 negat
1002 863 1177 933 Latinitaa;
1214 871 1245 920 et
1269 854 1324 938 ipse
1382 863 1383 890 s

303 983 413 1030 auctor
434 969 530 1052 longe
548 970 637 1030 aliter
657 961 697 1032 τὸ
721 965 872 1028 obiacere
893 967 972 1026 siens
990 963 1116 1046 usurpat
1139 965 1172 1024 iu
1195 957 1255 1043 ipsa
1276 958 1324 1018 Ga·

305 1071 395 1130 dium
418 1069 639 1150 descriptione.
691 1071 827 1154 Egregie
845 1069 914 1130 MS.
938 1066 1062 1152 legebat
1086 1063 1241 1132 obducta,
1271 1077 1324 1140 quo

303 1185 395 1234 notat
411 1171 494 1232 basin
511 1171 563 1232 ves
579 1173 703 1232 tertiam
721 1172 838 1234 lineam
858 1171 895 1232 ad
918 1169 1159 1230 conficiendum
1180 1169 1326 1247 trigonum

305 1293 474 1356 apponere.
510 1293 534 1338 1.
557 1292 762 1336 ononovtva.
815 1273 913 1356 Quod
939 1291 957 1331 e
981 1271 1072 1330 libris
1096 1267 1241 1351 producit
1260 1265 1326 1323 Gro-

304 1377 421 1436 xtoviua
436 1371 476 1436 ab
492 1387 579 1455 tergo
596 1373 741 1446 obducta,
767 1375 799 1438 id
814 1373 914 1457 potest
929 1373 1068 1444 admitti,
1091 1391 1166 1432 cum
1181 1381 1213 1428 et
1224 1366 1325 1428 ultimo

305 1475 379 1536 libri
402 1477 498 1560 primi
520 1479 638 1558 capite,
678 1491 711 1538 et
736 1477 797 1538 hoc
827 1473 892 1556 ipso
925 1475 1007 1534 libro
1039 1475 1080 1534 de
1111 1469 1272 1533 Germania
1295 1463 1326 1523 stc

305 1577 462 1659 loquatur.
511 1577 544 1639 Si
560 1579 629 1659 quis
644 1579 805 1662 vulgatam
824 1575 967 1658 sequatur
989 1577 1186 1644 lectionem,
1211 1589 1282 1652 quae
1301 1578 1328 1624 et

307 1680 342 1740 iu
359 1681 507 1740 Vaticano
522 1693 553 1740 et
566 1681 724 1762 plerisque
741 1677 805 1741 fere
820 1679 915 1740 exstat
929 1678 1029 1746 sibria.
1052 1679 1095 1738 ad
1113 1669 1328 1759 significandam

307 1778 383 1844 facit
400 1781 580 1842 Britanniae
600 1782 867 1864 magnitudinem.
906 1779 990 1842 Cum
1009 1780 1171 1840 tamenin
1187 1771 1330 1836 veteribus

309 1881 503 1944 membrania
523 1883 703 1944 invenerim
723 1881 764 1944 ab
786 1895 906 1963 tergore
924 1879 1039 1948 ducta.
1063 1899 1127 1962 pro
1146 1875 1187 1938 ab
1203 1887 1282 1954 tergo
1295 1889 1330 1929 re·

310 1980 426 2054 ducta,
452 1983 587 2044 libenter
608 1985 720 2056 credo,
755 1983 794 2045 stc
818 1983 938 2046 Melam
961 1979 1119 2068 scripsisse.
1161 1993 1283 2040 voatrra
1303 1971 1329 2030 in

311 2083 650 2162 appertinenciis.
712 2083 899 2150 Ciacconiut
927 2097 1018 2165 atque
1046 2085 1148 2144 etiam
1171 2081 1279 2142 Parent
1298 2087 1330 2129 ex

311 2182 384 2246 MS.
404 2185 551 2246 Gudiano
576 2185 733 2247 malebant
758 2185 915 2256 obducta,
941 2206 1001 2248 uec
1020 2186 1112 2246 aliter
1132 2185 1210 2246 Exc.
1229 2177 1289 2238 MS.
1302 2187 1328 2232 Ω.

311 2297 405 2366 atque
422 2287 472 2350 ed.
484 2285 616 2350 Mediol.
636 2288 709 2350 Vin.
725 2287 830 2352 Exon.
854 2279 1060 2374 [sternutus]
1090 2305 1123 2348 a,
1142 2293 1327 2346 ononovtvt·

312 2387 434 2448 Eadem
451 2389 613 2468 utriusque
634 2388 724 2448 verbi
747 2391 958 2452 commutatio
974 2401 1007 2448 et
1027 2389 1102 2448 alibi
1125 2407 1142 2447 a
1164 2385 1248 2444 sibria
1266 2377 1328 2440 obii·

314 2487 410 2560 citur,
436 2491 483 2550 uti
499 2491 532 2550 in
551 2491 658 2573 Virgis.
676 2492 756 2552 Aen.
774 2509 808 2570 9,
834 2493 917 2570 764.
943 2490 999 2550 ubi
1020 2487 1059 2552 cs.
1084 2486 1242 2550 Heinsius.
1274 2471 1325 2538 Etfi

313 2609 392 2654 vero
414 2593 541 2674 proprie
564 2591 732 2664 differunt,
759 2607 794 2652 ut
807 2595 987 2654 (tonuerunt
1005 2589 1213 2651 Grammatici
1227 2593 1328 2644 veteru

315 2691 474 2754 Charisius
493 2693 548 2756 lib.
571 2715 598 2756 t.
621 2715 652 2778 p.
670 2693 728 2772 54'.
755 2696 885 2756 Servius
906 2693 943 2754 ad
969 2694 1077 2776 Virgis.
1101 2693 1184 2754 Aen.
1214 2699 1329 2756 11911·

315 2795 391 2854 tulit
408 2809 512 2856 tamen
528 2793 615 2865 utus.
648 2809 684 2856 ut
701 2795 877 2876 promiscue
898 2808 1105 2878 ponerentur.
1158 2789 1210 2853 Sic
1230 2798 1332 2862 tergum

316 2915 376 2977 pro
412 2909 516 2973 tergus
548 2898 627 2958 dixit
659 2898 768 2980 virgil.
801 2899 881 2958 Aen.
909 2916 936 2963 t.
962 2897 1044 2975 368.
1080 2913 1114 2971 7.
1141 2901 1201 2972 94.
1238 2895 1332 2947 contra

315 2995 449 3060 Phaedr.
473 3015 505 3069 a,
534 3019 562 3069 ι,
588 3017 641 3062 tt.
693 2999 756 3059 Sed
779 2999 866 3082 plura
887 2997 1007 3058 dabunt
1027 2998 1160 3058 Servius
1176 2991 1214 3052 ad
1239 2981 1333 3066 Virgil·

315 3097 397 3160 aen.
414 3113 446 3174 5,
469 3113 551 3177 551.
578 3101 724 3160 Heinsius
740 3101 777 3162 ad
797 3101 852 3164 Sil.
874 3100 941 3160 Ital.
964 3117 994 3168 2,
1010 3109 1093 3175 547.
1125 3109 1158 3157 et
1177 3093 1333 3152 Burmann.

317 3198 355 3256 ad
374 3199 517 3282 Propert.
539 3217 569 3270 2.
589 3217 645 3270 20,
664 3203 696 3262 6.
726 3202 824 3263 Recte
839 3202 936 3284 igitur
950 3213 1071 3279 tergore
1087 3199 1140 3259 hic
1155 3213 1226 3256 cum
1242 3187 1334 3270 pletis·

317 3317 380 3380 que
404 3301 494 3362 MSS.
518 3291 588 3362 serri
615 3302 725 3384 potest.
784 3303 826 3364 Et
849 3302 888 3362 sic
910 3303 1020 3382 utique
1050 3299 1154 3362 noster
1181 3316 1207 3364 t.
1231 3303 1282 3367 15·
1305 3300 1331 3346 2·

317 3397 437 3462 scribit:
474 3401 608 3484 Corycos
631 3403 784 3482 oppidum
807 3437 854 3452 -
879 3400 1014 3495 angusto
1036 3415 1159 3480 tergore
1178 3383 1335 3456 corrrinenti

317 3502 487 3567 adnexum.
539 3505 670 3586 Proprie
698 3505 835 3586 positum
862 3506 980 3588 legitur
1006 3525 1034 3572 ι,
1061 3515 1094 3580 5.
1121 3518 1153 3566 2.
1203 3495 1332 3558 Asterum

316 3605 451 3666 verbum
475 3603 612 3667 obducto
638 3606 705 3667 satie
727 3607 929 3668 vindicarunt
947 3607 1007 3666 viri
1031 3607 1129 3666 docti.
1168 3602 1268 3682 Quam
1287 3609 1333 3649 ευ·

318 3716 383 3768 tem
405 3705 490 3787 saepe
505 3705 543 3769 ob
563 3723 594 3770 et
617 3707 817 3769 abinvicem
840 3707 1047 3778 misceantur,
1073 3699 1267 3768 notissimum
1286 3688 1330 3758 est·

317 3817 351 3868 et
366 3810 480 3868 eodem
497 3811 642 3892 exetuplo
659 3809 804 3890 adparuit
825 3829 855 3882 t,
873 3823 905 3888 3.
924 3825 955 3873 2.

393 4027 544 4074 current
572 4012 804 4096 triquetro)
841 4009 924 4093 Lips.
947 4013 1125 4094 triqttatra,·
1150 4005 1227 4068 sorte
1240 3993 1330 4061 voluit

316 4111 500 4194 lilinum,
538 4135 616 4198 quae
649 4117 779 4180 variatio
813 4127 941 4176 notatur
972 4117 1069 4178 etiam
1099 4115 1133 4173 in
1159 4101 1275 4174 Caesare
1297 4095 1330 4156 de
