2810 4944
339 439 402 508 tet
639 429 883 488 rourouu
922 431 1084 486 uncte

341 605 496 672 strabone
517 624 544 668 c.
565 605 588 668 1.
626 603 734 666 euno
758 615 791 682 5,
815 617 875 684 59·
899 603 921 668 t.
945 619 1006 684 31.
1037 587 1307 690 stephanone.
1336 621 1363 669 n

341 729 420 791 quae
443 709 629 789 interpretes
651 703 801 768 adferunt
824 707 862 768 erl
880 709 990 794 Virgil.
1008 711 1088 772 Aen.
1110 728 1143 788 9.
1172 712 1251 790 264.
1276 723 1364 770 terrae

341 824 450 872 tamen
477 809 528 869 illa
548 823 659 878 motu.
694 825 825 870 auctore
841 808 967 882 Plinio,
1001 811 1105 873 eversa
1128 825 1205 872 tunc
1224 825 1303 881 erat,
1332 825 1363 870 ut

340 926 426 976 recte
449 911 568 995 negligi
590 909 705 994 posset.
738 929 814 972 cum
835 911 989 984 adessent,
1017 933 1096 994 quae
1118 915 1231 974 melius
1252 931 1364 972 memo·

340 1027 432 1076 reret.
484 1013 614 1074 Accedit
630 1013 778 1082 maxime.
802 1013 889 1094 qood
912 1012 1019 1074 arisbe
1038 1015 1166 1098 longius
1182 1014 1269 1075 distat
1286 1035 1302 1074 a
1321 1033 1364 1074 co·

342 1119 451 1178 dicum
475 1113 624 1196 vestigiis.
649 1115 705 1195 qui
723 1113 774 1174 vel
795 1112 908 1175 diserte
924 1115 1116 1198 Methymna
1137 1129 1295 1198 praeeunt,
1319 1115 1363 1174 vel

340 1237 409 1280 non
426 1213 556 1278 obscure
571 1216 723 1278 indicant.
757 1215 892 1277 Retinui
912 1217 1011 1301 igitur
1028 1237 1149 1278 nomeu
1165 1217 1260 1288 urbis.
1283 1237 1362 1297 quae.

340 1319 474 1386 liabsrt,
507 1337 598 1400 aegre
620 1331 750 1400 propter
773 1317 987 1380 celebritatem
1014 1319 1215 1380 desideretur.
1267 1318 1330 1378 Nec
1349 1337 1363 1375 a

342 1435 466 1502 recepta
489 1417 637 1502 scriptura
653 1412 769 1510 Eresos
790 1414 928 1490 discessi,
961 1420 998 1482 ad
1021 1439 1116 1500 quam
1136 1422 1232 1482 etiam
1252 1420 1362 1480 codices

343 1523 518 1596 deducunt.
556 1520 621 1582 Etsi
640 1523 728 1582 enim
742 1535 884 1580 auctores
899 1521 995 1582 nostri
1011 1522 1214 1601 fluctuantur,
1237 1534 1268 1582 et
1283 1519 1362 1580 multi

344 1625 461 1706 duplex
481 1644 499 1682 s
518 1635 655 1704 ponunt,
682 1623 783 1683 veluti
798 1623 910 1701 Scylax
928 1645 960 1706 p.
977 1625 1036 1703 36.
1055 1622 1157 1686 Hurls.
1189 1623 1297 1686 Strabo
1317 1634 1362 1698 15.

342 1747 375 1808 p.
392 1747 437 1788 m.
454 1735 539 1802 425.
558 1721 580 1786 s.
600 1721 682 1800 618.
714 1723 917 1786 Ptolemaeue
940 1738 973 1802 5,
998 1740 1031 1788 Ω.
1069 1726 1184 1788 Suidae
1202 1723 1224 1788 s.
1246 1745 1275 1784 v.
1300 1715 1364 1784 Θεό·

342 1825 508 1912 φραστος,
536 1827 670 1886 Tzetzee
693 1825 731 1884 ad
761 1825 964 1906 Lycophron.
987 1847 1020 1888 v.
1047 1841 1155 1904 ¹097·
1178 1855 1229 1868 —
1257 1839 1287 1886 et
1306 1825 1363 1885 Ste-

341 1929 464 2012 phanus
486 1924 507 1988 s.
529 1947 561 1988 v.
581 1918 715 2012 Ἔρεσος
739 1939 771 1986 et
794 1921 1017 2000 Μεσοπόντιος
1044 1929 1212 2008 utriueque
1234 1925 1360 2006 exempla

341 2028 489 2113 praebet,
521 2027 650 2110 simplex
676 2040 783 2088 tamen
811 2025 946 2110 praefert
973 2029 1181 2107 Thucydiden
1206 2043 1237 2106 3.
1264 2039 1315 2104 18.
1335 2037 1362 2084 et

340 2130 417 2190 alibi
440 2149 514 2189 cum
537 2127 645 2188 Pliuio
663 2141 698 2204 5.
724 2141 782 2206 39.
799 2127 819 2190 s.
838 2143 897 2206 31.
923 2144 955 2192 et
975 2131 1061 2209 quod
1086 2133 1228 2190 maxime
1246 2127 1359 2194 evincit,

341 2231 446 2298 numi.
467 2233 500 2290 iu
514 2229 631 2310 quibue
644 2225 782 2315 Ἐρέσιος
797 2229 923 2312 legitur.
951 2229 1003 2294 Cf.
1016 2227 1134 2292 Rasche
1149 2234 1184 2291 in
1196 2232 1268 2292 Lex.
1282 2247 1359 2290 num.

340 2333 382 2394 T.
401 2347 434 2394 2.
455 2331 492 2394 P.
516 2351 544 2390 r.
566 2351 598 2412 p.
620 2339 704 2411 747.
731 2343 764 2394 et
778 2329 905 2394 Eclthel
926 2333 961 2394 in
977 2333 1122 2395 doctrina
1135 2352 1264 2395 numor.
1282 2331 1314 2392 P.
1332 2347 1358 2391 t.

339 2433 412 2498 vot.
431 2449 463 2500 2.
483 2453 515 2516 p.
533 2443 619 2509 5⁰¹·

415 2633 647 2719 Mytilene)
697 2635 796 2698 Multi
815 2638 949 2710 codicem
974 2641 1026 2700 uti
1042 2640 1141 2702 Vatic.
1168 2637 1260 2702 Paris.
1281 2655 1306 2698 1.
1331 2649 1355 2694 2.

340 2738 426 2822 Lips.
450 2739 534 2802 (tud.
559 2737 667 2799 Havn.
693 2771 742 2786 —
768 2739 933 2814 Mitileere5
966 2741 1074 2803 Cibin.
1100 2743 1237 2825 ltehdig.
1258 2734 1355 2800 ulilit-

339 2840 425 2914 lene,·
458 2837 552 2902 Paris.
576 2853 609 2916 5.
630 2839 794 2921 Mytilene.
845 2842 898 2904 Sic
919 2843 991 2904 erld.
1017 2863 1046 2906 r.
1073 2859 1105 2905 2.
1130 2843 1299 2924 Mytileum
1327 2852 1353 2912 9·

343 2955 400 3022 13.
425 2939 607 3012 Merionen·
630 2943 767 3021 reliquae
783 2941 822 3001 ad
839 2952 899 3019 42.
916 2944 1079 3024 Mitylene.
1133 2945 1219 3004 Hinc
1240 2945 1273 3003 A.
1290 2939 1354 2998 Gro-

338 3044 457 3104 uoviue
491 3061 566 3102 cum
596 3041 768 3103 Ileiuoldio
803 3043 906 3104 emilie
937 3045 1106 3125 Mytilene,
1144 3045 1230 3125 quod
1255 3037 1355 3117 accepit

338 3145 435 3204 etiam
458 3143 613 3224 Kappiue.
665 3142 730 3203 Etsi
752 3144 785 3202 in
805 3158 973 3225 utramque
994 3159 1114 3227 partem
1135 3146 1174 3206 ab
1195 3140 1354 3206 auctoribus

340 3243 487 3324 scriptura
510 3241 664 3312 versatur.
697 3241 737 3303 fic
758 3255 794 3303 ut
815 3244 1013 3328 promiscuae
1030 3249 1097 3308 eiue
1117 3245 1190 3308 usne
1211 3237 1354 3304 invaluisse

337 3347 502 3414 videatur,
528 3357 685 3425 receptam
703 3356 810 3406 tamen
828 3343 963 3408 formam
984 3347 1119 3428 probant
1140 3349 1232 3406 numi
1249 3357 1353 3404 veteres

337 3446 486 3526 plurimi.
512 3445 626 3524 quibus
638 3445 672 3504 in
689 3445 783 3506 dubia
799 3449 946 3508 codicum
963 3450 1024 3510 side
1040 3447 1295 3528 adquiescendum
1309 3439 1352 3500 es.

338 3543 389 3608 Cf.
406 3543 524 3608 llaiche
542 3547 622 3607 Lex.
634 3567 725 3608 num.
742 3549 782 3608 T.
803 3561 834 3626 5.
851 3549 888 3611 P.
910 3569 939 3612 t.
957 3549 1172 3630 p.1017iqq.
1198 3562 1229 3610 et
1244 3539 1352 3608 Eckhcl

336 3647 370 3708 in
386 3648 529 3708 doctrina
548 3665 722 3706 numorum
738 3647 774 3708 P.
797 3669 826 3711 1.
849 3650 918 3711 Vol.
938 3667 970 3713 2.
991 3673 1024 3732 p.
1042 3663 1113 3729 503
1130 3650 1171 3732 sq.
1198 3651 1271 3710 item
1286 3657 1351 3724 quae

337 3749 378 3810 de
394 3748 541 3829 scriptura
558 3745 701 3810 dieseruit
715 3747 925 3834 Oudendorp.
940 3754 978 3812 ad
992 3749 1141 3815 Suetonii
1151 3747 1235 3815 Caes.
1251 3766 1310 3828 cap.
1324 3757 1350 3801 2·

335 3849 431 3912 Plura
451 3850 520 3914 Vol.
540 3863 574 3914 Ω.

409 4065 450 4113 et
476 4051 639 4134 Samos)
678 4045 727 4118 Τὸ
741 4067 773 4116 ee
787 4055 893 4118 omisit
908 4076 982 4120 cum
997 4055 1059 4121 suie
1076 4058 1239 4120 Vedianue.
1265 4049 1350 4114 Antea

337 4151 445 4218 Cibin.
470 4154 567 4216 habet
596 4153 710 4236 Cleyos.
