<?xml version="1.0" encoding="UTF-8"?>
<!DOCTYPE html PUBLIC "-//W3C//DTD XHTML 1.0 Transitional//EN"
    "http://www.w3.org/TR/xhtml1/DTD/xhtml1-transitional.dtd">
<html xmlns="http://www.w3.org/1999/xhtml" xml:lang="en" lang="en">
 <head>
  <title>
</title>
<meta http-equiv="Content-Type" content="text/html;charset=utf-8" />
  <meta name='ocr-system' content='tesseract 3.04.00' />
  <meta name='ocr-capabilities' content='ocr_page ocr_carea ocr_par ocr_line ocrx_word'/>
</head>
<body>
  <div class='ocr_page' id='page_1' title='image "./pomponiimelaede05melagoog_0363.png"; bbox 0 0 2784 4944; ppageno 0'>
   <div class='ocr_carea' id='block_1_1' title="bbox 360 431 1097 510">
    <p class='ocr_par' dir='ltr' id='par_1_1' title="bbox 360 431 1097 510">
     <span class='ocr_line' id='line_1_1' title="bbox 360 431 1097 510; baseline 0.001 -22"><span class='ocrx_word' id='word_1_1' title='bbox 360 431 448 488; x_wconf 75' lang='grc' dir='ltr'><strong>ΗΒ.</strong></span> <span class='ocrx_word' id='word_1_2' title='bbox 478 431 514 488; x_wconf 82' lang='lat' dir='ltr'><strong>ss.</strong></span> <span class='ocrx_word' id='word_1_3' title='bbox 559 431 591 489; x_wconf 82' lang='lat' dir='ltr'><strong>c.</strong></span> <span class='ocrx_word' id='word_1_4' title='bbox 620 432 670 488; x_wconf 86' lang='lat' dir='ltr'><strong>tv.</strong></span> <span class='ocrx_word' id='word_1_5' title='bbox 714 431 793 510; x_wconf 56' lang='lat'><strong>59.</strong></span> <span class='ocrx_word' id='word_1_6' title='bbox 1034 443 1097 510; x_wconf 77' lang='lat'><strong>357</strong></span> 
     </span>
    </p>
   </div>
   <div class='ocr_carea' id='block_1_2' title="bbox 50 603 1096 894">
    <p class='ocr_par' dir='ltr' id='par_1_2' title="bbox 50 603 1096 894">
     <span class='ocr_line' id='line_1_2' title="bbox 55 603 1096 690; baseline 0.006 -24"><span class='ocrx_word' id='word_1_7' title='bbox 55 607 201 666; x_wconf 75' lang='lat' dir='ltr'><strong>Variatur</strong></span> <span class='ocrx_word' id='word_1_8' title='bbox 223 605 265 666; x_wconf 89' lang='lat' dir='ltr'><strong>sic</strong></span> <span class='ocrx_word' id='word_1_9' title='bbox 279 617 312 666; x_wconf 89' lang='lat' dir='ltr'><strong>et</strong></span> <span class='ocrx_word' id='word_1_10' title='bbox 331 603 421 672; x_wconf 85' lang='lat' dir='ltr'><strong>aiibi.</strong></span> <span class='ocrx_word' id='word_1_11' title='bbox 447 605 487 668; x_wconf 85' lang='lat' dir='ltr'><strong>de</strong></span> <span class='ocrx_word' id='word_1_12' title='bbox 503 625 568 690; x_wconf 86' lang='lat' dir='ltr'><strong>qno</strong></span> <span class='ocrx_word' id='word_1_13' title='bbox 584 621 720 670; x_wconf 88' lang='lat' dir='ltr'><strong>monent</strong></span> <span class='ocrx_word' id='word_1_14' title='bbox 743 607 803 668; x_wconf 83' lang='lat' dir='ltr'><strong>riri</strong></span> <span class='ocrx_word' id='word_1_15' title='bbox 820 605 907 668; x_wconf 89' lang='lat' dir='ltr'><strong>docti</strong></span> <span class='ocrx_word' id='word_1_16' title='bbox 923 607 960 670; x_wconf 84' lang='lat' dir='ltr'><strong>td</strong></span> <span class='ocrx_word' id='word_1_17' title='bbox 978 607 1096 672; x_wconf 86' lang='lat' dir='ltr'><strong>Silium</strong></span> 
     </span>
     <span class='ocr_line' id='line_1_3' title="bbox 52 707 1091 794; baseline 0.006 -26"><span class='ocrx_word' id='word_1_18' title='bbox 52 709 121 768; x_wconf 79' lang='lat' dir='ltr'><strong>stas.</strong></span> <span class='ocrx_word' id='word_1_19' title='bbox 152 729 183 778; x_wconf 88' lang='lat' dir='ltr'><strong>t,</strong></span> <span class='ocrx_word' id='word_1_20' title='bbox 206 709 294 770; x_wconf 82' lang='lat'><strong>607.</strong></span> <span class='ocrx_word' id='word_1_21' title='bbox 316 723 349 768; x_wconf 89' lang='lat' dir='ltr'><strong>et</strong></span> <span class='ocrx_word' id='word_1_22' title='bbox 365 707 451 778; x_wconf 78' lang='lat' dir='ltr'><strong>alibi,</strong></span> <span class='ocrx_word' id='word_1_23' title='bbox 476 711 509 770; x_wconf 90' lang='lat' dir='ltr'><strong>iu</strong></span> <span class='ocrx_word' id='word_1_24' title='bbox 529 711 641 791; x_wconf 81' lang='lat' dir='ltr'><strong>primia</strong></span> <span class='ocrx_word' id='word_1_25' title='bbox 661 711 699 770; x_wconf 80' lang='lat' dir='ltr'><strong>etl</strong></span> <span class='ocrx_word' id='word_1_26' title='bbox 718 709 827 794; x_wconf 79' lang='lat' dir='ltr'><strong>virgil.</strong></span> <span class='ocrx_word' id='word_1_27' title='bbox 847 711 926 772; x_wconf 85' lang='lat' dir='ltr'><strong>den.</strong></span> <span class='ocrx_word' id='word_1_28' title='bbox 950 721 983 788; x_wconf 77' lang='grc'><strong>8,</strong></span> <span class='ocrx_word' id='word_1_29' title='bbox 1005 725 1091 790; x_wconf 77' lang='lat'><strong>33⁰·</strong></span> 
     </span>
     <span class='ocr_line' id='line_1_4' title="bbox 50 809 1093 894; baseline 0.004 -22"><span class='ocrx_word' id='word_1_30' title='bbox 50 811 183 872; x_wconf 73' lang='lat' dir='ltr'><strong>Servius</strong></span> <span class='ocrx_word' id='word_1_31' title='bbox 206 823 238 870; x_wconf 88' lang='lat' dir='ltr'><strong>et</strong></span> <span class='ocrx_word' id='word_1_32' title='bbox 261 809 417 874; x_wconf 83' lang='lat' dir='ltr'><strong>laCerda.</strong></span> <span class='ocrx_word' id='word_1_33' title='bbox 469 812 609 874; x_wconf 82' lang='lat' dir='ltr'><strong>invaluit</strong></span> <span class='ocrx_word' id='word_1_34' title='bbox 631 825 737 874; x_wconf 79' lang='lat' dir='ltr'><strong>temen</strong></span> <span class='ocrx_word' id='word_1_35' title='bbox 757 811 825 894; x_wconf 84' lang='lat' dir='ltr'><strong>pusi</strong></span> <span class='ocrx_word' id='word_1_36' title='bbox 849 809 972 883; x_wconf 80' lang='lat' dir='ltr'><strong>Tiberis,</strong></span> <span class='ocrx_word' id='word_1_37' title='bbox 1004 815 1093 894; x_wconf 87' lang='lat' dir='ltr'><strong>qunti</strong></span> 
     </span>
    </p>
   </div>
   <div class='ocr_carea' id='block_1_3' title="bbox 47 909 1093 1096">
    <p class='ocr_par' dir='ltr' id='par_1_3' title="bbox 47 909 1093 1096">
     <span class='ocr_line' id='line_1_5' title="bbox 49 909 1093 1074; baseline 0.004 -102"><span class='ocrx_word' id='word_1_38' title='bbox 49 915 251 1074; x_wconf 49' lang='lat' dir='ltr'><strong>effirobant</strong></span> <span class='ocrx_word' id='word_1_39' title='bbox 276 909 507 995; x_wconf 65' lang='lat' dir='ltr'><strong>inscriptionem</strong></span> <span class='ocrx_word' id='word_1_40' title='bbox 560 911 612 978; x_wconf 85' lang='lat' dir='ltr'><strong>Ci.</strong></span> <span class='ocrx_word' id='word_1_41' title='bbox 645 913 799 978; x_wconf 86' lang='lat' dir='ltr'><strong>Grutetut</strong></span> <span class='ocrx_word' id='word_1_42' title='bbox 824 934 857 998; x_wconf 86' lang='lat' dir='ltr'><strong>p.</strong></span> <span class='ocrx_word' id='word_1_43' title='bbox 882 927 965 992; x_wconf 72' lang='lat'><strong>252,</strong></span> <span class='ocrx_word' id='word_1_44' title='bbox 995 935 1025 977; x_wconf 89' lang='lat' dir='ltr'><strong>t.</strong></span> <span class='ocrx_word' id='word_1_45' title='bbox 1059 927 1093 978; x_wconf 88' lang='lat' dir='ltr'><strong>et</strong></span> 
     </span>
     <span class='ocr_line' id='line_1_6' title="bbox 47 1034 172 1096; baseline 0.016 -23"><span class='ocrx_word' id='word_1_46' title='bbox 47 1035 67 1096; x_wconf 84' lang='lat' dir='ltr'>p</span> <span class='ocrx_word' id='word_1_47' title='bbox 136 1034 172 1075; x_wconf 86' lang='lat' dir='ltr'><strong>u.</strong></span> 
     </span>
    </p>
   </div>
   <div class='ocr_carea' id='block_1_4' title="bbox 44 1215 1091 3334">
    <p class='ocr_par' dir='ltr' id='par_1_4' title="bbox 44 1215 1091 3334">
     <span class='ocr_line' id='line_1_7' title="bbox 122 1215 1089 1300; baseline 0.008 -24"><span class='ocrx_word' id='word_1_48' title='bbox 122 1217 164 1276; x_wconf 85' lang='lat' dir='ltr'><strong>in</strong></span> <span class='ocrx_word' id='word_1_49' title='bbox 196 1215 274 1276; x_wconf 83' lang='lat' dir='ltr'><strong>stoc</strong></span> <span class='ocrx_word' id='word_1_50' title='bbox 304 1217 464 1300; x_wconf 83' lang='lat' dir='ltr'><strong>latere)</strong></span> <span class='ocrx_word' id='word_1_51' title='bbox 513 1219 565 1283; x_wconf 86' lang='lat' dir='ltr'><strong>Sic</strong></span> <span class='ocrx_word' id='word_1_52' title='bbox 586 1239 699 1283; x_wconf 76' lang='lat' dir='ltr'><strong>umnec</strong></span> <span class='ocrx_word' id='word_1_53' title='bbox 724 1219 834 1284; x_wconf 73' lang='lat' dir='ltr'><strong>nisset</strong></span> <span class='ocrx_word' id='word_1_54' title='bbox 854 1221 949 1282; x_wconf 85' lang='lat' dir='ltr'><strong>etiam</strong></span> <span class='ocrx_word' id='word_1_55' title='bbox 973 1219 1089 1284; x_wconf 88' lang='lat' dir='ltr'><strong>Zaiusc.</strong></span> 
     </span>
     <span class='ocr_line' id='line_1_8' title="bbox 48 1317 1091 1404; baseline 0.003 -26"><span class='ocrx_word' id='word_1_56' title='bbox 48 1317 165 1380; x_wconf 76' lang='lat' dir='ltr'><strong>diserte</strong></span> <span class='ocrx_word' id='word_1_57' title='bbox 185 1318 240 1380; x_wconf 87' lang='lat' dir='ltr'><strong>hic</strong></span> <span class='ocrx_word' id='word_1_58' title='bbox 257 1335 395 1390; x_wconf 77' lang='lat' dir='ltr'><strong>notatus,</strong></span> <span class='ocrx_word' id='word_1_59' title='bbox 420 1335 452 1382; x_wconf 92' lang='lat' dir='ltr'><strong>et</strong></span> <span class='ocrx_word' id='word_1_60' title='bbox 466 1321 538 1384; x_wconf 91' lang='lat' dir='ltr'><strong>edd.</strong></span> <span class='ocrx_word' id='word_1_61' title='bbox 562 1323 599 1382; x_wconf 81' lang='lat' dir='ltr'><strong>ed</strong></span> <span class='ocrx_word' id='word_1_62' title='bbox 617 1318 771 1392; x_wconf 78' lang='lat' dir='ltr'><strong>vossium,</strong></span> <span class='ocrx_word' id='word_1_63' title='bbox 795 1322 850 1404; x_wconf 88' lang='lat' dir='ltr'><strong>qui</strong></span> <span class='ocrx_word' id='word_1_64' title='bbox 867 1323 955 1384; x_wconf 84' lang='lat' dir='ltr'><strong>dedit</strong></span> <span class='ocrx_word' id='word_1_65' title='bbox 977 1325 1008 1382; x_wconf 85' lang='lat' dir='ltr'><strong>in</strong></span> <span class='ocrx_word' id='word_1_66' title='bbox 1031 1325 1091 1381; x_wconf 83' lang='lat' dir='ltr'><strong>due</strong></span> 
     </span>
     <span class='ocr_line' id='line_1_9' title="bbox 47 1419 1088 1504; baseline 0.006 -26"><span class='ocrx_word' id='word_1_67' title='bbox 47 1419 152 1490; x_wconf 84' lang='lat' dir='ltr'><strong>litore,</strong></span> <span class='ocrx_word' id='word_1_68' title='bbox 178 1439 320 1501; x_wconf 86' lang='lat' dir='ltr'><strong>eumque</strong></span> <span class='ocrx_word' id='word_1_69' title='bbox 338 1419 459 1484; x_wconf 85' lang='lat' dir='ltr'><strong>secutae</strong></span> <span class='ocrx_word' id='word_1_70' title='bbox 476 1437 535 1502; x_wconf 76' lang='lat'><strong>40.</strong></span> <span class='ocrx_word' id='word_1_71' title='bbox 552 1435 612 1502; x_wconf 80' lang='lat'><strong>4¹·</strong></span> <span class='ocrx_word' id='word_1_72' title='bbox 630 1433 689 1504; x_wconf 74' lang='lat'><strong>42.</strong></span> <span class='ocrx_word' id='word_1_73' title='bbox 715 1443 922 1486; x_wconf 80' lang='lat' dir='ltr'><strong>rztcnvctte.</strong></span> <span class='ocrx_word' id='word_1_74' title='bbox 970 1423 1088 1484; x_wconf 80' lang='lat' dir='ltr'><strong>Verbat</strong></span> 
     </span>
     <span class='ocr_line' id='line_1_10' title="bbox 47 1515 1088 1612; baseline 0.004 -32"><span class='ocrx_word' id='word_1_75' title='bbox 47 1523 79 1580; x_wconf 87' lang='lat' dir='ltr'><strong>in</strong></span> <span class='ocrx_word' id='word_1_76' title='bbox 115 1521 178 1580; x_wconf 83' lang='lat' dir='ltr'><strong>stoc</strong></span> <span class='ocrx_word' id='word_1_77' title='bbox 209 1521 308 1582; x_wconf 78' lang='lat' dir='ltr'><strong>intere</strong></span> <span class='ocrx_word' id='word_1_78' title='bbox 325 1515 407 1612; x_wconf 77' lang='lat' dir='ltr'><strong>Juut</strong></span> <span class='ocrx_word' id='word_1_79' title='bbox 439 1527 628 1587; x_wconf 84' lang='lat' dir='ltr'><strong>redundant.</strong></span> <span class='ocrx_word' id='word_1_80' title='bbox 681 1527 812 1586; x_wconf 83' lang='lat' dir='ltr'><strong>Dictum</strong></span> <span class='ocrx_word' id='word_1_81' title='bbox 848 1523 947 1586; x_wconf 88' lang='lat' dir='ltr'><strong>suerat</strong></span> <span class='ocrx_word' id='word_1_82' title='bbox 982 1525 1088 1608; x_wconf 83' lang='lat' dir='ltr'><strong>suprat</strong></span> 
     </span>
     <span class='ocr_line' id='line_1_11' title="bbox 46 1615 1089 1720; baseline 0.002 -36"><span class='ocrx_word' id='word_1_83' title='bbox 46 1623 135 1684; x_wconf 63' lang='lat' dir='ltr'><strong>Huic</strong></span> <span class='ocrx_word' id='word_1_84' title='bbox 155 1625 192 1682; x_wconf 85' lang='lat' dir='ltr'><strong>t&#39;n</strong></span> <span class='ocrx_word' id='word_1_85' title='bbox 220 1615 353 1714; x_wconf 82' lang='lat' dir='ltr'><em>Tuscum</em></span> <span class='ocrx_word' id='word_1_86' title='bbox 377 1645 463 1686; x_wconf 81' lang='lat' dir='ltr'><strong>utare</strong></span> <span class='ocrx_word' id='word_1_87' title='bbox 473 1621 584 1714; x_wconf 80' lang='lat' dir='ltr'><strong>flexus</strong></span> <span class='ocrx_word' id='word_1_88' title='bbox 604 1625 663 1720; x_wconf 81' lang='lat' dir='ltr'><strong>est,</strong></span> <span class='ocrx_word' id='word_1_89' title='bbox 686 1641 717 1688; x_wconf 85' lang='lat' dir='ltr'><strong>et</strong></span> <span class='ocrx_word' id='word_1_90' title='bbox 734 1627 866 1688; x_wconf 80' lang='lat' dir='ltr'><strong>eiusdem</strong></span> <span class='ocrx_word' id='word_1_91' title='bbox 886 1641 985 1686; x_wconf 84' lang='lat' dir='ltr'><strong>terrae</strong></span> <span class='ocrx_word' id='word_1_92' title='bbox 1002 1627 1089 1686; x_wconf 82' lang='lat' dir='ltr'><strong>suttts</strong></span> 
     </span>
     <span class='ocr_line' id='line_1_12' title="bbox 48 1719 1089 1820; baseline 0.004 -38"><span class='ocrx_word' id='word_1_93' title='bbox 48 1724 197 1786; x_wconf 83' lang='lat' dir='ltr'><strong>aiterum.</strong></span> <span class='ocrx_word' id='word_1_94' title='bbox 237 1743 438 1790; x_wconf 77' lang='lat' dir='ltr'><strong>rtuttnnvt.</strong></span> <span class='ocrx_word' id='word_1_95' title='bbox 498 1729 610 1790; x_wconf 82' lang='lat' dir='ltr'><strong>Forte:</strong></span> <span class='ocrx_word' id='word_1_96' title='bbox 645 1729 677 1788; x_wconf 86' lang='lat' dir='ltr'><strong>itt</strong></span> <span class='ocrx_word' id='word_1_97' title='bbox 704 1728 803 1788; x_wconf 81' lang='lat' dir='ltr'><strong>Latio</strong></span> <span class='ocrx_word' id='word_1_98' title='bbox 822 1719 916 1820; x_wconf 78' lang='lat' dir='ltr'><strong>fitne.</strong></span> <span class='ocrx_word' id='word_1_99' title='bbox 968 1729 1089 1788; x_wconf 77' lang='lat' dir='ltr'><strong>Reddit</strong></span> 
     </span>
     <span class='ocr_line' id='line_1_13' title="bbox 48 1825 1088 1912; baseline 0.004 -28"><span class='ocrx_word' id='word_1_100' title='bbox 48 1827 132 1884; x_wconf 86' lang='lat' dir='ltr'><strong>enim</strong></span> <span class='ocrx_word' id='word_1_101' title='bbox 161 1845 255 1886; x_wconf 90' lang='lat' dir='ltr'><strong>nunc</strong></span> <span class='ocrx_word' id='word_1_102' title='bbox 280 1825 374 1888; x_wconf 80' lang='lat' dir='ltr'><strong>urbes</strong></span> <span class='ocrx_word' id='word_1_103' title='bbox 400 1829 607 1910; x_wconf 85' lang='lat' dir='ltr'><strong>populorum,</strong></span> <span class='ocrx_word' id='word_1_104' title='bbox 640 1849 720 1910; x_wconf 82' lang='lat' dir='ltr'><strong>quot</strong></span> <span class='ocrx_word' id='word_1_105' title='bbox 753 1827 842 1912; x_wconf 72' lang='lat' dir='ltr'><strong>stupra</strong></span> <span class='ocrx_word' id='word_1_106' title='bbox 866 1831 898 1890; x_wconf 90' lang='lat' dir='ltr'><strong>in</strong></span> <span class='ocrx_word' id='word_1_107' title='bbox 922 1827 1032 1890; x_wconf 89' lang='lat' dir='ltr'><strong>Volsco</strong></span> <span class='ocrx_word' id='word_1_108' title='bbox 1054 1841 1088 1888; x_wconf 91' lang='lat' dir='ltr'><strong>et</strong></span> 
     </span>
     <span class='ocr_line' id='line_1_14' title="bbox 48 1927 1087 2014; baseline 0.004 -28"><span class='ocrx_word' id='word_1_109' title='bbox 48 1927 138 1988; x_wconf 77' lang='lat' dir='ltr'><strong>Latio</strong></span> <span class='ocrx_word' id='word_1_110' title='bbox 159 1943 415 2001; x_wconf 82' lang='lat' dir='ltr'><strong>memoraverat;</strong></span> <span class='ocrx_word' id='word_1_111' title='bbox 442 1945 495 1990; x_wconf 91' lang='lat' dir='ltr'><strong>aut</strong></span> <span class='ocrx_word' id='word_1_112' title='bbox 511 1931 683 2014; x_wconf 82' lang='lat' dir='ltr'><strong>legendnm</strong></span> <span class='ocrx_word' id='word_1_113' title='bbox 701 1933 732 1991; x_wconf 87' lang='lat' dir='ltr'><strong>iu</strong></span> <span class='ocrx_word' id='word_1_114' title='bbox 751 1931 811 1991; x_wconf 79' lang='lat' dir='ltr'><strong>due</strong></span> <span class='ocrx_word' id='word_1_115' title='bbox 824 1931 926 1992; x_wconf 85' lang='lat' dir='ltr'><strong>litore.</strong></span> <span class='ocrx_word' id='word_1_116' title='bbox 965 1932 1087 1990; x_wconf 76' lang='lat' dir='ltr'><strong>l’siniut</strong></span> 
     </span>
     <span class='ocr_line' id='line_1_15' title="bbox 49 2023 1086 2118; baseline 0.005 -31"><span class='ocrx_word' id='word_1_117' title='bbox 49 2043 80 2106; x_wconf 81' lang='lat'><strong>5.</strong></span> <span class='ocrx_word' id='word_1_118' title='bbox 102 2043 138 2104; x_wconf 82' lang='lat'><strong>5.</strong></span> <span class='ocrx_word' id='word_1_119' title='bbox 165 2024 213 2116; x_wconf 88' lang='lat' dir='ltr'><strong>[s.</strong></span> <span class='ocrx_word' id='word_1_120' title='bbox 232 2023 289 2115; x_wconf 87' lang='lat'><strong>9.]</strong></span> <span class='ocrx_word' id='word_1_121' title='bbox 323 2031 436 2092; x_wconf 73' lang='lat' dir='ltr'><strong>Livius</strong></span> <span class='ocrx_word' id='word_1_122' title='bbox 456 2031 511 2094; x_wconf 86' lang='lat' dir='ltr'><strong>lib.</strong></span> <span class='ocrx_word' id='word_1_123' title='bbox 535 2043 569 2110; x_wconf 72' lang='lat'><strong>4.</strong></span> <span class='ocrx_word' id='word_1_124' title='bbox 594 2031 651 2094; x_wconf 87' lang='lat' dir='ltr'><strong>sos.</strong></span> <span class='ocrx_word' id='word_1_125' title='bbox 674 2045 732 2110; x_wconf 74' lang='lat'><strong>52.</strong></span> <span class='ocrx_word' id='word_1_126' title='bbox 761 2025 808 2117; x_wconf 88' lang='lat' dir='ltr'><strong>[c.</strong></span> <span class='ocrx_word' id='word_1_127' title='bbox 832 2023 913 2118; x_wconf 82' lang='lat'><strong>59.]</strong></span> <span class='ocrx_word' id='word_1_128' title='bbox 954 2049 1086 2092; x_wconf 78' lang='lat' dir='ltr'><strong>ciacco-</strong></span> 
     </span>
     <span class='ocr_line' id='line_1_16' title="bbox 49 2131 1087 2214; baseline 0.002 -24"><span class='ocrx_word' id='word_1_129' title='bbox 49 2149 138 2193; x_wconf 64' lang='grc' dir='ltr'><strong>ειη.</strong></span> <span class='ocrx_word' id='word_1_130' title='bbox 202 2131 245 2190; x_wconf 86' lang='lat' dir='ltr'><strong>Et</strong></span> <span class='ocrx_word' id='word_1_131' title='bbox 269 2131 346 2192; x_wconf 82' lang='lat' dir='ltr'><strong>haec</strong></span> <span class='ocrx_word' id='word_1_132' title='bbox 367 2153 493 2214; x_wconf 83' lang='lat' dir='ltr'><strong>quoque</strong></span> <span class='ocrx_word' id='word_1_133' title='bbox 515 2137 681 2195; x_wconf 85' lang='lat' dir='ltr'><strong>emendata</strong></span> <span class='ocrx_word' id='word_1_134' title='bbox 703 2132 773 2194; x_wconf 90' lang='lat' dir='ltr'><strong>sunt</strong></span> <span class='ocrx_word' id='word_1_135' title='bbox 797 2154 814 2194; x_wconf 84' lang='lat' dir='ltr'><strong>a</strong></span> <span class='ocrx_word' id='word_1_136' title='bbox 837 2133 930 2194; x_wconf 80' lang='lat' dir='ltr'><strong>nobie</strong></span> <span class='ocrx_word' id='word_1_137' title='bbox 958 2131 1087 2192; x_wconf 79' lang='lat' dir='ltr'><strong>consen·</strong></span> 
     </span>
     <span class='ocr_line' id='line_1_17' title="bbox 47 2231 1088 2316; baseline 0.003 -25"><span class='ocrx_word' id='word_1_138' title='bbox 47 2232 205 2294; x_wconf 79' lang='lat' dir='ltr'><strong>tientibue</strong></span> <span class='ocrx_word' id='word_1_139' title='bbox 227 2231 315 2294; x_wconf 85' lang='lat' dir='ltr'><strong>iibrit</strong></span> <span class='ocrx_word' id='word_1_140' title='bbox 332 2235 502 2297; x_wconf 76' lang='lat' dir='ltr'><strong>veteribue.</strong></span> <span class='ocrx_word' id='word_1_141' title='bbox 553 2237 675 2298; x_wconf 79' lang='lat' dir='ltr'><strong>Romae</strong></span> <span class='ocrx_word' id='word_1_142' title='bbox 690 2237 778 2296; x_wconf 88' lang='lat' dir='ltr'><strong>enim</strong></span> <span class='ocrx_word' id='word_1_143' title='bbox 795 2249 858 2294; x_wconf 89' lang='lat' dir='ltr'><strong>erat</strong></span> <span class='ocrx_word' id='word_1_144' title='bbox 877 2233 1088 2316; x_wconf 71' lang='lat' dir='ltr'><strong>Pomponius,</strong></span> 
     </span>
     <span class='ocr_line' id='line_1_18' title="bbox 47 2331 1087 2418; baseline 0.001 -25"><span class='ocrx_word' id='word_1_145' title='bbox 47 2354 118 2394; x_wconf 87' lang='lat' dir='ltr'><strong>tum</strong></span> <span class='ocrx_word' id='word_1_146' title='bbox 142 2333 225 2393; x_wconf 86' lang='lat' dir='ltr'><strong>haec</strong></span> <span class='ocrx_word' id='word_1_147' title='bbox 253 2331 410 2408; x_wconf 81' lang='lat' dir='ltr'><strong>scriberet.</strong></span> <span class='ocrx_word' id='word_1_148' title='bbox 466 2337 575 2418; x_wconf 86' lang='lat' dir='ltr'><strong>itaque</strong></span> <span class='ocrx_word' id='word_1_149' title='bbox 599 2337 661 2398; x_wconf 91' lang='lat' dir='ltr'><strong>hoc</strong></span> <span class='ocrx_word' id='word_1_150' title='bbox 681 2339 755 2398; x_wconf 79' lang='lat' dir='ltr'><strong>litut</strong></span> <span class='ocrx_word' id='word_1_151' title='bbox 776 2349 868 2398; x_wconf 84' lang='lat' dir='ltr'><strong>vocat</strong></span> <span class='ocrx_word' id='word_1_152' title='bbox 891 2337 968 2398; x_wconf 86' lang='lat' dir='ltr'><strong>litut</strong></span> <span class='ocrx_word' id='word_1_153' title='bbox 995 2335 1087 2404; x_wconf 85' lang='lat' dir='ltr'><strong>Latii,</strong></span> 
     </span>
     <span class='ocr_line' id='line_1_19' title="bbox 47 2435 1087 2520; baseline 0.007 -30"><span class='ocrx_word' id='word_1_154' title='bbox 47 2437 130 2514; x_wconf 81' lang='lat' dir='ltr'><strong>qnod</strong></span> <span class='ocrx_word' id='word_1_155' title='bbox 156 2435 305 2497; x_wconf 83' lang='lat' dir='ltr'><strong>extendit</strong></span> <span class='ocrx_word' id='word_1_156' title='bbox 328 2455 344 2496; x_wconf 88' lang='lat' dir='ltr'><strong>a</strong></span> <span class='ocrx_word' id='word_1_157' title='bbox 364 2437 503 2498; x_wconf 80' lang='lat' dir='ltr'><strong>Sinuessa</strong></span> <span class='ocrx_word' id='word_1_158' title='bbox 523 2459 622 2520; x_wconf 77' lang='lat' dir='ltr'><strong>usqne</strong></span> <span class='ocrx_word' id='word_1_159' title='bbox 638 2437 767 2500; x_wconf 75' lang='lat' dir='ltr'><strong>Ostiam.</strong></span> <span class='ocrx_word' id='word_1_160' title='bbox 801 2457 944 2500; x_wconf 67' lang='lat' dir='ltr'><strong>votett‘t.</strong></span> <span class='ocrx_word' id='word_1_161' title='bbox 997 2437 1087 2520; x_wconf 83' lang='lat' dir='ltr'><strong>inge·</strong></span> 
     </span>
     <span class='ocr_line' id='line_1_20' title="bbox 45 2535 1089 2622; baseline 0.003 -28"><span class='ocrx_word' id='word_1_162' title='bbox 45 2535 131 2598; x_wconf 88' lang='lat' dir='ltr'><strong>niose</strong></span> <span class='ocrx_word' id='word_1_163' title='bbox 152 2537 336 2620; x_wconf 81' lang='lat' dir='ltr'><strong>excogitata</strong></span> <span class='ocrx_word' id='word_1_164' title='bbox 352 2539 394 2600; x_wconf 89' lang='lat' dir='ltr'><strong>est</strong></span> <span class='ocrx_word' id='word_1_165' title='bbox 412 2541 502 2609; x_wconf 83' lang='lat' dir='ltr'><strong>ratio,</strong></span> <span class='ocrx_word' id='word_1_166' title='bbox 530 2561 589 2622; x_wconf 80' lang='lat' dir='ltr'><strong>qna</strong></span> <span class='ocrx_word' id='word_1_167' title='bbox 609 2535 731 2601; x_wconf 81' lang='lat' dir='ltr'><strong>Vossutt</strong></span> <span class='ocrx_word' id='word_1_168' title='bbox 753 2541 915 2620; x_wconf 82' lang='lat' dir='ltr'><strong>probatam</strong></span> <span class='ocrx_word' id='word_1_169' title='bbox 932 2537 970 2598; x_wconf 91' lang='lat' dir='ltr'><strong>ab</strong></span> <span class='ocrx_word' id='word_1_170' title='bbox 986 2539 1089 2600; x_wconf 88' lang='lat' dir='ltr'><strong>omni·</strong></span> 
     </span>
     <span class='ocr_line' id='line_1_21' title="bbox 46 2637 1089 2726; baseline 0.001 -29"><span class='ocrx_word' id='word_1_171' title='bbox 46 2637 103 2700; x_wconf 78' lang='lat' dir='ltr'><strong>bue</strong></span> <span class='ocrx_word' id='word_1_172' title='bbox 125 2639 220 2699; x_wconf 75' lang='lat' dir='ltr'><strong>libris</strong></span> <span class='ocrx_word' id='word_1_173' title='bbox 243 2639 416 2701; x_wconf 87' lang='lat' dir='ltr'><strong>sectionem</strong></span> <span class='ocrx_word' id='word_1_174' title='bbox 438 2641 615 2726; x_wconf 83' lang='lat' dir='ltr'><strong>impugnat.</strong></span> <span class='ocrx_word' id='word_1_175' title='bbox 667 2641 767 2702; x_wconf 80' lang='lat' dir='ltr'><strong>Antea</strong></span> <span class='ocrx_word' id='word_1_176' title='bbox 783 2645 871 2702; x_wconf 90' lang='lat' dir='ltr'><strong>enim</strong></span> <span class='ocrx_word' id='word_1_177' title='bbox 889 2639 966 2720; x_wconf 78' lang='lat' dir='ltr'><strong>ipsas</strong></span> <span class='ocrx_word' id='word_1_178' title='bbox 986 2641 1089 2722; x_wconf 79' lang='lat' dir='ltr'><strong>regio·</strong></span> 
     </span>
     <span class='ocr_line' id='line_1_22' title="bbox 46 2739 1090 2824; baseline 0.002 -26"><span class='ocrx_word' id='word_1_179' title='bbox 46 2761 117 2810; x_wconf 79' lang='lat' dir='ltr'><strong>nee,</strong></span> <span class='ocrx_word' id='word_1_180' title='bbox 153 2759 296 2822; x_wconf 85' lang='lat' dir='ltr'><strong>quarum</strong></span> <span class='ocrx_word' id='word_1_181' title='bbox 317 2743 441 2822; x_wconf 87' lang='lat' dir='ltr'><strong>potiora</strong></span> <span class='ocrx_word' id='word_1_182' title='bbox 460 2741 615 2812; x_wconf 76' lang='lat' dir='ltr'><strong>recenset,</strong></span> <span class='ocrx_word' id='word_1_183' title='bbox 646 2744 810 2810; x_wconf 83' lang='lat' dir='ltr'><strong>nominat.</strong></span> <span class='ocrx_word' id='word_1_184' title='bbox 848 2741 934 2824; x_wconf 85' lang='lat' dir='ltr'><strong>quod</strong></span> <span class='ocrx_word' id='word_1_185' title='bbox 964 2755 994 2798; x_wconf 81' lang='lat' dir='ltr'><strong>nt</strong></span> <span class='ocrx_word' id='word_1_186' title='bbox 1022 2739 1090 2820; x_wconf 75' lang='lat' dir='ltr'><strong>pust</strong></span> 
     </span>
     <span class='ocr_line' id='line_1_23' title="bbox 45 2839 1089 2925; baseline 0 -25"><span class='ocrx_word' id='word_1_187' title='bbox 45 2839 134 2912; x_wconf 84' lang='lat' dir='ltr'><strong>satit,</strong></span> <span class='ocrx_word' id='word_1_188' title='bbox 163 2841 272 2902; x_wconf 83' lang='lat' dir='ltr'><strong>vetuti</strong></span> <span class='ocrx_word' id='word_1_189' title='bbox 287 2841 475 2914; x_wconf 73' lang='lat' dir='ltr'><strong>Lucaniam,</strong></span> <span class='ocrx_word' id='word_1_190' title='bbox 502 2843 726 2925; x_wconf 84' lang='lat' dir='ltr'><strong>Campaniam,</strong></span> <span class='ocrx_word' id='word_1_191' title='bbox 754 2845 915 2904; x_wconf 82' lang='lat' dir='ltr'><strong>Etruriam</strong></span> <span class='ocrx_word' id='word_1_192' title='bbox 937 2843 1089 2902; x_wconf 83' lang='lat' dir='ltr'><strong>adfinem</strong></span> 
     </span>
     <span class='ocr_line' id='line_1_24' title="bbox 45 2943 1090 3025; baseline -0.002 -23"><span class='ocrx_word' id='word_1_193' title='bbox 45 2963 143 3025; x_wconf 84' lang='lat' dir='ltr'><strong>utque</strong></span> <span class='ocrx_word' id='word_1_194' title='bbox 168 2943 293 3004; x_wconf 80' lang='lat' dir='ltr'><strong>italiae.</strong></span> <span class='ocrx_word' id='word_1_195' title='bbox 346 2947 494 3006; x_wconf 81' lang='lat' dir='ltr'><strong>Attamen</strong></span> <span class='ocrx_word' id='word_1_196' title='bbox 517 2945 642 3008; x_wconf 83' lang='lat' dir='ltr'><strong>Tiberia</strong></span> <span class='ocrx_word' id='word_1_197' title='bbox 664 2943 743 3007; x_wconf 83' lang='lat' dir='ltr'><strong>sacta</strong></span> <span class='ocrx_word' id='word_1_198' title='bbox 758 2947 924 3007; x_wconf 86' lang='lat' dir='ltr'><strong>mentione</strong></span> <span class='ocrx_word' id='word_1_199' title='bbox 944 2965 981 3004; x_wconf 82' lang='lat' dir='ltr'><strong>ex</strong></span> <span class='ocrx_word' id='word_1_200' title='bbox 1002 2961 1090 3002; x_wconf 87' lang='lat' dir='ltr'><strong>nexu</strong></span> 
     </span>
     <span class='ocr_line' id='line_1_25' title="bbox 46 3041 1090 3130; baseline -0.001 -26"><span class='ocrx_word' id='word_1_201' title='bbox 46 3047 82 3107; x_wconf 90' lang='lat' dir='ltr'><strong>de</strong></span> <span class='ocrx_word' id='word_1_202' title='bbox 100 3047 199 3106; x_wconf 81' lang='lat' dir='ltr'><strong>Latio</strong></span> <span class='ocrx_word' id='word_1_203' title='bbox 217 3047 391 3108; x_wconf 86' lang='lat' dir='ltr'><strong>commode</strong></span> <span class='ocrx_word' id='word_1_204' title='bbox 407 3047 540 3130; x_wconf 84' lang='lat' dir='ltr'><strong>intelligi</strong></span> <span class='ocrx_word' id='word_1_205' title='bbox 561 3045 671 3130; x_wconf 79' lang='lat' dir='ltr'><strong>potest.</strong></span> <span class='ocrx_word' id='word_1_206' title='bbox 697 3061 730 3109; x_wconf 90' lang='lat' dir='ltr'><strong>et</strong></span> <span class='ocrx_word' id='word_1_207' title='bbox 745 3041 784 3110; x_wconf 78' lang='grc' dir='ltr'><strong>τὸ</strong></span> <span class='ocrx_word' id='word_1_208' title='bbox 804 3047 864 3107; x_wconf 84' lang='lat' dir='ltr'><strong>doc</strong></span> <span class='ocrx_word' id='word_1_209' title='bbox 878 3059 984 3128; x_wconf 82' lang='lat' dir='ltr'><strong>aperte</strong></span> <span class='ocrx_word' id='word_1_210' title='bbox 1004 3041 1090 3124; x_wconf 89' lang='lat' dir='ltr'><strong>snpe-</strong></span> 
     </span>
     <span class='ocr_line' id='line_1_26' title="bbox 44 3145 1091 3230; baseline -0.001 -24"><span class='ocrx_word' id='word_1_211' title='bbox 44 3150 124 3208; x_wconf 79' lang='lat' dir='ltr'><strong>rinra</strong></span> <span class='ocrx_word' id='word_1_212' title='bbox 148 3145 293 3228; x_wconf 87' lang='lat' dir='ltr'><strong>respicit.</strong></span> <span class='ocrx_word' id='word_1_213' title='bbox 333 3147 445 3230; x_wconf 82' lang='lat' dir='ltr'><strong>Neque</strong></span> <span class='ocrx_word' id='word_1_214' title='bbox 463 3151 550 3208; x_wconf 89' lang='lat' dir='ltr'><strong>enim</strong></span> <span class='ocrx_word' id='word_1_215' title='bbox 563 3149 745 3210; x_wconf 83' lang='lat' dir='ltr'><strong>redundant</strong></span> <span class='ocrx_word' id='word_1_216' title='bbox 763 3149 840 3210; x_wconf 85' lang='lat' dir='ltr'><strong>haec</strong></span> <span class='ocrx_word' id='word_1_217' title='bbox 856 3147 961 3217; x_wconf 86' lang='lat' dir='ltr'><strong>verba,</strong></span> <span class='ocrx_word' id='word_1_218' title='bbox 990 3147 1091 3206; x_wconf 86' lang='lat' dir='ltr'><strong>immo</strong></span> 
     </span>
     <span class='ocr_line' id='line_1_27' title="bbox 45 3247 942 3334; baseline 0.002 -25"><span class='ocrx_word' id='word_1_219' title='bbox 45 3263 134 3312; x_wconf 81' lang='lat' dir='ltr'><strong>tanto</strong></span> <span class='ocrx_word' id='word_1_220' title='bbox 152 3249 330 3310; x_wconf 74' lang='lat' dir='ltr'><strong>intervallo</strong></span> <span class='ocrx_word' id='word_1_221' title='bbox 347 3268 420 3310; x_wconf 87' lang='lat' dir='ltr'><strong>cum</strong></span> <span class='ocrx_word' id='word_1_222' title='bbox 434 3249 598 3313; x_wconf 85' lang='lat' dir='ltr'><strong>codicibut</strong></span> <span class='ocrx_word' id='word_1_223' title='bbox 615 3247 689 3312; x_wconf 85' lang='lat' dir='ltr'><strong>serti</strong></span> <span class='ocrx_word' id='word_1_224' title='bbox 703 3265 787 3312; x_wconf 84' lang='lat' dir='ltr'><strong>recte</strong></span> <span class='ocrx_word' id='word_1_225' title='bbox 804 3249 942 3334; x_wconf 84' lang='lat' dir='ltr'><strong>possunt.</strong></span> 
     </span>
    </p>
   </div>
   <div class='ocr_carea' id='block_1_5' title="bbox 48 3449 1096 3737">
    <p class='ocr_par' dir='ltr' id='par_1_5' title="bbox 48 3449 1096 3737">
     <span class='ocr_line' id='line_1_28' title="bbox 120 3449 1092 3534; baseline -0.004 -20"><span class='ocrx_word' id='word_1_226' title='bbox 120 3451 260 3532; x_wconf 73' lang='lat' dir='ltr'><strong>Pyrgi</strong></span> <span class='ocrx_word' id='word_1_227' title='bbox 291 3451 455 3534; x_wconf 85' lang='lat' dir='ltr'><strong>Minio)</strong></span> <span class='ocrx_word' id='word_1_228' title='bbox 515 3453 615 3517; x_wconf 88' lang='lat' dir='ltr'><strong>Vatic.</strong></span> <span class='ocrx_word' id='word_1_229' title='bbox 648 3453 756 3518; x_wconf 88' lang='lat' dir='ltr'><strong>Cibin.</strong></span> <span class='ocrx_word' id='word_1_230' title='bbox 790 3449 886 3516; x_wconf 81' lang='lat' dir='ltr'><strong>Paris.</strong></span> <span class='ocrx_word' id='word_1_231' title='bbox 913 3467 945 3516; x_wconf 86' lang='lat'><strong>2.</strong></span> <span class='ocrx_word' id='word_1_232' title='bbox 979 3451 1092 3512; x_wconf 82' lang='lat' dir='ltr'><strong>Venet.</strong></span> 
     </span>
     <span class='ocr_line' id='line_1_29' title="bbox 48 3549 1096 3638; baseline -0.004 -24"><span class='ocrx_word' id='word_1_233' title='bbox 48 3553 157 3616; x_wconf 80' lang='lat' dir='ltr'><strong>Harn.</strong></span> <span class='ocrx_word' id='word_1_234' title='bbox 182 3553 300 3634; x_wconf 87' lang='lat' dir='ltr'><strong>(puto)</strong></span> <span class='ocrx_word' id='word_1_235' title='bbox 322 3555 420 3636; x_wconf 73' lang='lat' dir='ltr'><strong>Pyrgi</strong></span> <span class='ocrx_word' id='word_1_236' title='bbox 436 3555 530 3628; x_wconf 59' lang='lat' dir='ltr'><strong>enim·</strong></span> <span class='ocrx_word' id='word_1_237' title='bbox 552 3557 643 3638; x_wconf 85' lang='lat' dir='ltr'><strong>Prag.</strong></span> <span class='ocrx_word' id='word_1_238' title='bbox 664 3557 751 3636; x_wconf 73' lang='lat' dir='ltr'><strong>pirgi</strong></span> <span class='ocrx_word' id='word_1_239' title='bbox 766 3555 859 3626; x_wconf 64' lang='lat' dir='ltr'><strong>unio:</strong></span> <span class='ocrx_word' id='word_1_240' title='bbox 884 3549 966 3636; x_wconf 83' lang='lat' dir='ltr'><strong>Lips.</strong></span> <span class='ocrx_word' id='word_1_241' title='bbox 982 3549 1096 3630; x_wconf 79' lang='lat' dir='ltr'><strong>Pdirgi</strong></span> 
     </span>
     <span class='ocr_line' id='line_1_30' title="bbox 49 3651 1095 3737; baseline -0.005 -21"><span class='ocrx_word' id='word_1_242' title='bbox 49 3657 179 3726; x_wconf 64' lang='lat' dir='ltr'><strong>Antinoe</strong></span> <span class='ocrx_word' id='word_1_243' title='bbox 216 3653 304 3716; x_wconf 86' lang='lat' dir='ltr'><strong>Gud.</strong></span> <span class='ocrx_word' id='word_1_244' title='bbox 327 3657 440 3736; x_wconf 79' lang='lat' dir='ltr'><strong>Pdt&#39;rgi</strong></span> <span class='ocrx_word' id='word_1_245' title='bbox 458 3659 555 3730; x_wconf 68' lang='grc' dir='ltr'><strong>αηιό,Ι</strong></span> <span class='ocrx_word' id='word_1_246' title='bbox 592 3657 732 3718; x_wconf 68' lang='lat' dir='ltr'><strong>vindob.</strong></span> <span class='ocrx_word' id='word_1_247' title='bbox 758 3657 981 3737; x_wconf 68' lang='lat' dir='ltr'><strong>pdirgint‘anot</strong></span> <span class='ocrx_word' id='word_1_248' title='bbox 1010 3651 1095 3712; x_wconf 79' lang='lat' dir='ltr'><strong>iteh-</strong></span> 
     </span>
    </p>
   </div>
   <div class='ocr_carea' id='block_1_6' title="bbox 15 3753 1098 4246">
    <p class='ocr_par' dir='ltr' id='par_1_6' title="bbox 15 3753 1098 4246">
     <span class='ocr_line' id='line_1_31' title="bbox 52 3753 1097 3840; baseline -0.002 -26"><span class='ocrx_word' id='word_1_249' title='bbox 52 3757 153 3840; x_wconf 81' lang='lat' dir='ltr'><strong>diget.</strong></span> <span class='ocrx_word' id='word_1_250' title='bbox 170 3755 407 3836; x_wconf 72' lang='lat' dir='ltr'><strong>phyrginiu1105</strong></span> <span class='ocrx_word' id='word_1_251' title='bbox 432 3757 525 3820; x_wconf 80' lang='lat' dir='ltr'><strong>Patris.</strong></span> <span class='ocrx_word' id='word_1_252' title='bbox 549 3779 576 3820; x_wconf 89' lang='lat' dir='ltr'><strong>t.</strong></span> <span class='ocrx_word' id='word_1_253' title='bbox 598 3760 689 3838; x_wconf 75' lang='lat' dir='ltr'><strong>phigi</strong></span> <span class='ocrx_word' id='word_1_254' title='bbox 703 3760 798 3832; x_wconf 66' lang='lat' dir='ltr'><strong>attint</strong></span> <span class='ocrx_word' id='word_1_255' title='bbox 825 3755 919 3822; x_wconf 80' lang='lat' dir='ltr'><strong>Paris.</strong></span> <span class='ocrx_word' id='word_1_256' title='bbox 937 3771 969 3832; x_wconf 76' lang='lat'><strong>3.</strong></span> <span class='ocrx_word' id='word_1_257' title='bbox 989 3753 1097 3834; x_wconf 75' lang='lat' dir='ltr'><strong>pstrt&#39;gt&#39;</strong></span> 
     </span>
     <span class='ocr_line' id='line_1_32' title="bbox 53 3854 1097 3932; baseline -0.005 -15"><span class='ocrx_word' id='word_1_258' title='bbox 53 3873 148 3932; x_wconf 82' lang='lat' dir='ltr'><strong>mrto;</strong></span> <span class='ocrx_word' id='word_1_259' title='bbox 183 3859 262 3918; x_wconf 78' lang='lat' dir='ltr'><strong>attio</strong></span> <span class='ocrx_word' id='word_1_260' title='bbox 276 3877 315 3920; x_wconf 85' lang='lat' dir='ltr'><strong>ex</strong></span> <span class='ocrx_word' id='word_1_261' title='bbox 331 3856 385 3920; x_wconf 90' lang='lat' dir='ltr'><strong>sno</strong></span> <span class='ocrx_word' id='word_1_262' title='bbox 402 3861 510 3922; x_wconf 88' lang='lat' dir='ltr'><strong>codice</strong></span> <span class='ocrx_word' id='word_1_263' title='bbox 526 3873 616 3920; x_wconf 83' lang='lat' dir='ltr'><strong>notat</strong></span> <span class='ocrx_word' id='word_1_264' title='bbox 632 3861 727 3922; x_wconf 84' lang='lat' dir='ltr'><strong>etiam</strong></span> <span class='ocrx_word' id='word_1_265' title='bbox 746 3859 885 3920; x_wconf 84' lang='lat' dir='ltr'><strong>Huisien.</strong></span> <span class='ocrx_word' id='word_1_266' title='bbox 903 3859 935 3918; x_wconf 93' lang='lat' dir='ltr'><strong>in</strong></span> <span class='ocrx_word' id='word_1_267' title='bbox 952 3854 1097 3920; x_wconf 82' lang='lat' dir='ltr'><strong>Ciutetii</strong></span> 
     </span>
     <span class='ocr_line' id='line_1_33' title="bbox 15 3955 1096 4045; baseline -0.004 -27"><span class='ocrx_word' id='word_1_268' title='bbox 15 4021 19 4036; x_wconf 62' lang='grc'>,</span> <span class='ocrx_word' id='word_1_269' title='bbox 52 3959 121 4022; x_wconf 78' lang='lat' dir='ltr'><strong>stas.</strong></span> <span class='ocrx_word' id='word_1_270' title='bbox 144 3971 215 4020; x_wconf 80' lang='lat' dir='ltr'><strong>ent.</strong></span> <span class='ocrx_word' id='word_1_271' title='bbox 241 3979 273 4042; x_wconf 86' lang='lat' dir='ltr'><strong>p.</strong></span> <span class='ocrx_word' id='word_1_272' title='bbox 301 3973 360 4040; x_wconf 76' lang='lat'><strong>35.</strong></span> <span class='ocrx_word' id='word_1_273' title='bbox 412 3961 495 4024; x_wconf 88' lang='lat' dir='ltr'><strong>Edd.</strong></span> <span class='ocrx_word' id='word_1_274' title='bbox 525 3983 553 4024; x_wconf 88' lang='lat'><strong>1.</strong></span> <span class='ocrx_word' id='word_1_275' title='bbox 584 3979 614 4024; x_wconf 81' lang='lat'><strong>2.</strong></span> <span class='ocrx_word' id='word_1_276' title='bbox 642 3981 676 4042; x_wconf 90' lang='lat'><strong>9.</strong></span> <span class='ocrx_word' id='word_1_277' title='bbox 706 3963 794 4045; x_wconf 86' lang='lat' dir='ltr'><strong>priut</strong></span> <span class='ocrx_word' id='word_1_278' title='bbox 816 3959 955 4022; x_wconf 86' lang='lat' dir='ltr'><strong>scribunt</strong></span> <span class='ocrx_word' id='word_1_279' title='bbox 976 3955 1096 4040; x_wconf 65' lang='lat' dir='ltr'><strong>plangi,</strong></span> 
     </span>
     <span class='ocr_line' id='line_1_34' title="bbox 53 4057 1098 4144; baseline -0.003 -24"><span class='ocrx_word' id='word_1_280' title='bbox 53 4057 102 4121; x_wconf 85' lang='lat' dir='ltr'><strong>sed</strong></span> <span class='ocrx_word' id='word_1_281' title='bbox 122 4079 157 4124; x_wconf 88' lang='lat' dir='ltr'><strong>et</strong></span> <span class='ocrx_word' id='word_1_282' title='bbox 180 4061 241 4120; x_wconf 83' lang='lat' dir='ltr'><strong>hae</strong></span> <span class='ocrx_word' id='word_1_283' title='bbox 263 4075 297 4122; x_wconf 86' lang='lat' dir='ltr'><strong>et</strong></span> <span class='ocrx_word' id='word_1_284' title='bbox 317 4063 460 4142; x_wconf 80' lang='lat' dir='ltr'><strong>reliquae,</strong></span> <span class='ocrx_word' id='word_1_285' title='bbox 473 4063 510 4124; x_wconf 82' lang='lat' dir='ltr'><strong>ad</strong></span> <span class='ocrx_word' id='word_1_286' title='bbox 530 4061 679 4126; x_wconf 83' lang='lat' dir='ltr'><strong>Vossutrn</strong></span> <span class='ocrx_word' id='word_1_287' title='bbox 695 4065 794 4132; x_wconf 85' lang='lat' dir='ltr'><strong>Anio.</strong></span> <span class='ocrx_word' id='word_1_288' title='bbox 821 4065 876 4144; x_wconf 89' lang='lat' dir='ltr'><strong>qui</strong></span> <span class='ocrx_word' id='word_1_289' title='bbox 899 4059 1098 4142; x_wconf 86' lang='lat' dir='ltr'><strong>obsequenti·</strong></span> 
     </span>
     <span class='ocr_line' id='line_1_35' title="bbox 52 4161 1097 4246; baseline 0 -24"><span class='ocrx_word' id='word_1_290' title='bbox 52 4161 111 4226; x_wconf 82' lang='lat' dir='ltr'><strong>hut</strong></span> <span class='ocrx_word' id='word_1_291' title='bbox 132 4164 250 4226; x_wconf 77' lang='lat' dir='ltr'><strong>ceterit</strong></span> <span class='ocrx_word' id='word_1_292' title='bbox 265 4167 406 4228; x_wconf 88' lang='lat' dir='ltr'><strong>mutavit</strong></span> <span class='ocrx_word' id='word_1_293' title='bbox 426 4165 459 4226; x_wconf 92' lang='lat' dir='ltr'><strong>in</strong></span> <span class='ocrx_word' id='word_1_294' title='bbox 475 4165 593 4231; x_wconf 57' lang='lat' dir='ltr'><strong>cilinio.</strong></span> <span class='ocrx_word' id='word_1_295' title='bbox 627 4183 832 4230; x_wconf 61' lang='lat' dir='ltr'><strong>‘rztcnvcme⁸</strong></span> <span class='ocrx_word' id='word_1_296' title='bbox 883 4161 1097 4246; x_wconf 77' lang='lat' dir='ltr'><strong>Mariangetus</strong></span> 
     </span>
    </p>
   </div>
   <div class='ocr_carea' id='block_1_7' title="bbox 0 0 1396 4944">
    <p class='ocr_par' dir='ltr' id='par_1_7' title="bbox 0 0 1396 4944">
     <span class='ocr_line' id='line_1_36' title="bbox 0 0 1396 4944; baseline 0 1"><span class='ocrx_word' id='word_1_297' title='bbox 0 0 1396 4944; x_wconf 95' lang='lat' dir='ltr'><strong> </strong></span> 
     </span>
    </p>
   </div>
  </div>
 </body>
</html>
