2810 4944
306 414 370 496 464
602 413 848 476 rourortrr
890 413 1053 472 nanae

308 593 343 654 in
362 591 503 676 regione.
540 587 678 652 Salmasri
695 592 910 652 coniecturam
927 607 993 652 non
1009 585 1140 658 adsemi‚
1164 587 1223 650 nisr
1240 587 1355 652 hacte-

308 714 388 763 nus.
423 707 457 752 ut
482 693 589 772 iniqua
611 691 649 750 ab
673 689 777 754 Vossro
799 691 1074 774 argumentatione
1099 689 1272 772 depressam
1298 711 1357 772 pa·

309 809 409 866 terem
443 806 564 854 namet
581 789 642 872 ipsa
660 793 758 858 nimia
773 792 838 852 abit
853 793 891 853 ab
915 791 1034 854 retussa
1056 793 1201 854 lectione.
1256 793 1355 874 Quo·

309 895 409 958 modo
443 896 530 956 enim
559 893 637 954 milri
665 894 880 978 imaginabar,
920 895 1024 954 literae
1055 893 1242 974 Tingentera
1267 907 1354 965 tum.

309 997 364 1058 vel
386 1010 421 1055 trt
444 995 486 1058 esl
507 995 539 1054 in
566 995 698 1056 Medios.
726 995 878 1076 Tittgertte
899 1007 1024 1062 ratum.
1057 994 1121 1056 slve
1146 993 1355 1074 Tingettcert'a

310 1109 389 1166 trent.
416 1097 479 1158 srve
499 1095 705 1176 Tingetnrmm
722 1109 799 1166 tuna,
822 1109 877 1158 aut
894 1095 914 1154 st
931 1093 1101 1156 monstrosa
1117 1095 1228 1178 placet.
1250 1116 1355 1176 quarn

310 1201 395 1261 vidit
411 1213 444 1260 et
461 1199 585 1260 notavit
605 1195 699 1258 frater
715 1217 754 1258 ex
772 1199 893 1258 Veneto
916 1197 1035 1266 codice,
1059 1209 1155 1278 atque
1170 1195 1241 1256 iude
1258 1215 1355 1258 mons

309 1296 409 1390 [tuus.
453 1298 567 1379 Tage-te
590 1299 683 1358 iaxta
707 1299 851 1370 rnen'ola‚·
882 1297 999 1360 venisse
1017 1312 1072 1358 aut
1092 1319 1129 1359 ert
1158 1297 1253 1377 Tinge
1276 1319 1354 1360 eort-

310 1403 498 1463 lauriolum
524 1397 719 1468 Casauboni.
748 1413 803 1460 aut
830 1399 925 1480 Tinge
948 1399 1051 1459 altera
1073 1411 1150 1468 tum,
1175 1413 1230 1458 aut
1250 1399 1355 1478 Tinge

310 1502 446 1564 cetraria
468 1513 557 1572 tunm
589 1498 830 1582 praesertimque
852 1500 938 1562 islam
957 1499 1128 1562 Cetrariam
1144 1500 1181 1560 ad
1203 1513 1355 1582 tempora

250 1627 258 1640 ⁸
310 1623 412 1684 usque
429 1603 621 1666 Ravennatis
637 1601 817 1685 (ieograplti
839 1599 926 1662 suilse
945 1599 1130 1683 suppressam
1150 1615 1182 1662 et
1203 1603 1356 1684 incogni-

311 1705 400 1766 tum‘l
436 1702 560 1766 Falsum
582 1703 641 1773 est,
667 1723 720 1763 me
742 1701 941 1762 scribendum
961 1701 1109 1764 censuisse
1134 1703 1229 1782 Tinge
1249 1703 1354 1775 latera,

312 1825 411 1888 quum
435 1805 517 1864 nibil
536 1805 617 1874 dixi,
652 1805 709 1864 nisi
731 1803 894 1864 obvenisse
920 1804 1000 1864 mibi
1023 1818 1055 1865 et
1075 1805 1273 1887 rogaverim,
1308 1825 1354 1866 an

307 1883 403 1990 ¹posstt
426 1904 523 1966 soille.
552 1935 601 1950 —
636 1906 697 1968 Sed
716 1925 755 1964 an
774 1905 856 1966 blela
877 1906 1049 1966 considerat
1063 1907 1240 1966 Romanam
1262 1907 1356 1968 colo·

311 2007 422 2070 niam?
475 2005 543 2066 Nec
566 2005 637 2076 hic,
670 2025 728 2066 nec
754 2003 817 2068 sere
842 2025 992 2088 usquam,
1024 2007 1081 2068 nisi
1102 2005 1159 2066 ulti
1185 2005 1355 2070 manifeste

311 2109 389 2171 edit.
429 2107 553 2166 Deinde
577 2127 615 2166 nn
638 2109 669 2167 id
692 2108 872 2168 mirandum
894 2121 983 2189 putat
1004 2107 1192 2190 tantopere?
1229 2107 1356 2172 Nonne

312 2211 391 2270 circa
408 2209 531 2291 Tagum
554 2207 591 2267 ab
609 2209 774 2270 Antonino
795 2207 935 2270 noscitur
954 2207 1164 2290 Hierobrt'ga?
1213 2209 1261 2270 An
1280 2229 1356 2272 nort

310 2309 479 2372 ΛΕΠἸΊΣ
506 2310 614 2389 otique
638 2310 761 2370 colonia
785 2311 846 2370 iam
870 2324 946 2372 tunc
969 2310 1253 2372 llomaanraeco
1277 2311 1356 2372 cha·

311 2425 429 2472 ractere
451 2410 488 2470 lic
503 2411 690 2492 exprimitur
708 2411 742 2470 in
764 2431 865 2473 numo
884 2412 1025 2480 Tiberii,
1052 2425 1090 2472 ut
1105 2425 1138 2471 et
1154 2413 1354 2495 Agrippinae

311 2513 397 2594 apud
415 2509 639 2574 Genosevam‘l
690 2513 738 2572 lin
756 2530 822 2574 non
839 2509 940 2596 Ossigi
960 2515 993 2572 in
1014 2511 1160 2594 Hispania
1178 2517 1214 2572 ad
1233 2515 1353 2576 Baetin

311 2615 405 2696 ponit
438 2611 562 2676 Plinius
593 2615 812 2696 cognominari
849 2613 1065 2676 Laconicum?
1115 2616 1164 2675 An
1201 2616 1354 2676 iiorrrana

312 2735 391 2776 vero
417 2715 541 2774 colonia
563 2733 629 2774 non
652 2713 694 2774 est
722 2733 795 2776 cunr
819 2714 938 2776 Graeco
961 2715 1201 2797 cognomento?
1252 2717 1352 2797 Quae

312 2815 355 2879 est
374 2818 470 2899 igitur
489 2817 540 2878 illa
559 2815 723 2896 Nicopolis
739 2815 843 2877 Actii‘l
880 2817 965 2876 Hinc
982 2816 1067 2886 vide,
1089 2836 1182 2897 quarn
1204 2817 1352 2900 legitima

268 2949 271 2956 v
313 2917 451 2979 obiectio
471 2917 517 2985 stt,
542 2916 615 2976 isloe
630 2937 738 2976 rerum
755 2919 904 2978 dominos
920 2937 961 2978 ne
977 2917 1011 2976 in
1027 2916 1089 2998 ipsa
1104 2919 1233 2998 quidem
1251 2918 1352 2978 Grae·

311 3019 453 3090 tidelia,
481 3038 575 3098 quam
598 3019 707 3078 Latina
729 3017 874 3080 indidisse
897 3019 1099 3102 cognomina.
1159 3019 1255 3078 Nune
1278 3040 1352 3100 per·

311 3138 434 3202 gerem,
471 3119 527 3178 nist
550 3119 658 3180 medio
681 3121 825 3201 'temporo
843 3139 877 3183 ea
900 3119 994 3180 eil'ent
1015 3119 1115 3188 edita,
1141 3139 1220 3200 «puae
1244 3116 1352 3184 sermo

310 3221 469 3300 piaculum
496 3219 538 3281 esl
559 3217 756 3302 cognoscere.
816 3221 978 3304 Legautur
999 3241 1051 3290 ea,
1085 3241 1162 3302 qnae
1191 3219 1351 3293 Noril'ma,

311 3305 504 3390 liardnirma.
533 3321 714 3383 Vaillantins
735 3333 910 3402 potuerunt
931 3319 1127 3382 comminisci
1148 3333 1181 3384 et
1200 3321 1262 3382 aust
1279 3319 1354 3384 sue·

310 3433 386 3480 runt
408 3421 567 3505 evulgare.
621 3423 702 3504 Quia
719 3422 837 3484 modus
853 3441 1010 3506 nugarum
1033 3421 1114 3482 erit‘l
1163 3423 1209 3482 dd
1229 3423 1352 3486 Iuliam

310 3521 502 3582 'l'raductam
530 3523 563 3582 in
585 3525 692 3584 numis
719 3522 887 3606 gloriosam
922 3523 1052 3584 trahunt
1079 3543 1191 3585 omnee
1216 3541 1351 3606 quoque

311 3621 429 3684 Melam
453 3623 536 3684 raaia
566 3621 635 3684 sane
664 3621 868 3688 fabulatione.
926 3625 968 3685 Et
990 3624 1065 3684 binc
1090 3627 1185 3685 etiam
1208 3639 1351 3704 quatuor

310 3741 427 3784 ammos
449 3722 591 3806 apposui.
657 3723 718 3788 Sed
741 3746 805 3788 non
830 3725 941 3796 credo,
977 3725 1028 3787 vel
1051 3727 1224 3786 minimum
1248 3727 1350 3787 inter·

311 3827 422 3886 cedere
462 3825 702 3906 Pomponianae
735 3828 947 3911 Tingenterae
983 3846 1057 3888 cunt
1085 3827 1138 3887 ista
1171 3825 1348 3892 Traducta.

311 3925 457 3988 Habeant
472 3946 542 3988 eam
564 3925 629 3989 libi.
669 3929 781 3988 Latent
796 3930 872 3997 alia.
899 3927 1071 4008 dequibus
1091 3927 1175 3988 alibi.
1217 3947 1240 3990 r.
1264 3947 1351 3990 cno-

314 4044 439 4088 novtva
463 4029 497 4087 t'u
520 4038 598 4088 nota
620 4029 793 4120 possesdori.
841 4029 986 4110 Plerique
1001 4029 1076 4089 binc
1091 4031 1221 4110 patriam
1241 4029 1351 4094 Melae

310 4125 493 4189 Mellariam
516 4141 640 4212 putant.
690 4129 754 4192 Sed
772 4119 850 4192 huic
875 4149 936 4216 ego
958 4127 1130 4192 sententiae
1156 4127 1354 4196 subscribere
