2894 4948
287 398 350 481 geo
584 398 825 461 roucourt
863 354 1027 457 unctu
1079 411 1082 418 ·

287 575 431 660 sequntur
447 574 627 638 inlinitirue
642 593 717 636 com
731 571 918 662 accusativo.
948 571 1094 635 Vliutam
1108 573 1183 636 alita
1199 571 1334 634 llructn·

286 699 356 742 tam
377 676 472 740 babet
494 675 598 740 nollet
622 695 653 747 t,
677 687 710 746 Ω,
731 685 766 756 4.
799 673 895 738 Ultro
918 679 1093 739 Amazones
1113 709 1162 724 -
1186 667 1250 764 affe
1271 695 1334 735 me-

287 791 466 844 moremur.

363 981 484 1046 Atlas
493 977 512 1062 )
559 979 625 1044 Pro
647 998 687 1043 eo
709 999 822 1044 omnen
840 981 914 1043 libri
931 975 1071 1043 Vofflmi
1086 992 1120 1041 et
1132 980 1217 1050 mei,
1245 981 1328 1041 item

287 1085 448 1148 editiones
468 1102 543 1144 cnm
558 1083 676 1146 Vineto
698 1084 793 1146 etlam
810 1083 849 1144 ad
865 1083 1034 1146 Scbottum
1049 1095 1081 1144 et
1097 1077 1242 1143 Vollium
1257 1080 1329 1142 sub·

197 1178 200 1189 ’
287 1187 423 1250 llltuuut
436 1174 544 1275 satin
572 1183 626 1250 bic
645 1181 749 1266 posuit
764 1184 867 1254 Atlas,
892 1183 1009 1266 quibua
1023 1185 1119 1246 ceteri
1139 1195 1327 1264 paruerunt.

288 1289 357 1354 Soli
381 1283 475 1350 Paris.
498 1301 531 1348 o.
556 1299 588 1364 3.
620 1286 775 1348 videntur
806 1285 887 1346 banc
925 1286 1097 1347 lectionem
1133 1282 1327 1366 praetulisse.

288 1405 495 1452 nzecttvoaa.
533 1382 645 1467 satis)
696 1386 905 1449 Scribendum
925 1399 1023 1470 puto.
1057 1388 1089 1447 itt
1109 1387 1215 1446 arenis
1236 1405 1329 1446 mons

288 1487 461 1583 qlAtlcs.
513 1485 596 1550 Nam
622 1489 712 1550 omni
738 1489 860 1550 ratione
884 1501 979 1558 caret,
1003 1487 1132 1556 Melam.
1157 1505 1234 1550 cnm
1257 1487 1328 1548 aliia

289 1589 455 1654 montibus
472 1607 538 1650 non
557 1591 600 1652 ita
615 1587 791 1651 celebribus
812 1591 945 1650 nomina
966 1589 1157 1656 reddiderit,
1183 1588 1327 1649 innomi·

288 1703 400 1754 natum
433 1689 588 1771 reliquisse
619 1703 763 1752 montem
798 1691 898 1752 totius
932 1689 1074 1752 Orientis
1105 1684 1325 1758 clerilllmum.

288 1791 402 1854 sabulis
419 1792 682 1862 memorandum,
708 1793 825 1873 quique
842 1790 972 1854 Oceano
992 1791 1179 1853 occidentali
1199 1809 1324 1856 nomen

288 1895 430 1964 dederit,
460 1873 600 1973 denique
621 1891 660 1954 ab
686 1891 836 1956 omnibue
859 1889 1154 1955 decantatissimum.
1193 1893 1247 1954 De
1268 1895 1324 1954 At·

288 1995 374 2056 lante
397 1974 503 2056 autem
526 1993 579 2054 hic
600 1993 689 2074 loqui
711 1993 846 2064 Melam,
877 1993 1139 2062 evidentiorem
1167 2013 1264 2075 qnam
1284 2007 1324 2055 ut

287 2095 452 2158 monstrari
473 2107 571 2179 egeat.
608 2112 807 2156 eructante.
867 2093 979 2156 Forsan
1002 2095 1055 2156 bic
1075 2115 1202 2158 novum
1228 2106 1325 2178 ceput

288 2197 412 2277 incipit,
431 2197 522 2258 cuiue
537 2193 698 2276 inscriptio
714 2193 791 2256 suit:
821 2197 910 2263 Atlas
923 2208 955 2256 et
967 2195 1163 2260 Atlanticum
1176 2196 1322 2276 pelagus.

287 2279 396 2379 itanue
418 2317 482 2358 nou
504 2315 584 2378 opue
608 2293 669 2356 suit
688 2297 880 2358 vocabulum
903 2297 1038 2360 Atlantie
1057 2310 1211 2380 repetere.
1247 2315 1323 2359 voe·

286 2415 367 2464 ervo.
419 2397 607 2460 Dummodo
630 2397 766 2467 constet,
799 2401 940 2482 capitum
962 2397 1179 2480 inscriptiones
1201 2419 1217 2458 a
1236 2399 1321 2461 Mela

286 2497 441 2584 proiectae
457 2497 533 2568 effe.
565 2499 617 2560 cui
638 2499 822 2580 obloquitur
841 2501 918 2560 mira
934 2502 1082 2562 codicum
1101 2501 1319 2572 inconstantia,
1396 2487 1401 2494 ⁸

286 2603 389 2663 immo
407 2601 557 2662 continua
571 2597 647 2661 serie
667 2603 774 2661 omnia
796 2601 997 2664 connexuisse
1014 2597 1152 2664 videtur.
1192 2603 1322 2664 Ciacco·

285 2705 360 2764 niue
372 2692 462 2791 satis
478 2703 603 2770 retinet.
625 2714 658 2762 et
673 2715 796 2762 tantum
815 2700 945 2784 sequens
959 2703 1149 2765 vocabulum
1165 2704 1320 2767 adoritur.

286 2803 377 2868 Solet
401 2802 532 2884 quidem
553 2801 639 2863 Mela
661 2801 695 2862 in
716 2803 778 2864 hoc
800 2823 884 2864 nexu
898 2794 989 2894 satis
1011 2803 1179 2874 adhibere,
1212 2805 1262 2864 uti
1289 2823 1319 2876 ι,

293 2919 349 2983 ¹3·
371 2917 404 2983 5.
438 2923 529 2964 mons
552 2901 638 2964 sston'
663 2900 829 2989 adpofitus
857 2916 889 2964 et
917 2903 1019 2965 decem
1034 2903 1216 2994 stadiorum
1234 2905 1320 2968 cliuo

280 2996 369 3099 sotis
392 3003 531 3076 ardurtst
563 3017 596 3064 et
622 3023 651 3073 t,
676 3017 729 3079 15.
747 3019 779 3065 o.
811 3005 933 3066 Taurus
947 3003 988 3065 ab
1002 3007 1083 3068 Eois
1103 3005 1248 3068 litoribus
1266 3029 1320 3070 ere·

14 3107 18 3114 '
144 3185 147 3193 ,
279 3097 417 3199 surgens
436 3101 525 3194 vaste
534 3093 623 3195 satis
642 3103 827 3179 adtolliturr
851 3107 969 3167 mirum
984 3121 1091 3168 autem
1108 3123 1192 3170 recte
1211 3110 1320 3172 videa·

286 3221 356 3276 tur.
386 3206 407 3266 fi
430 3203 534 3286 ipsum
554 3223 673 3266 nomen
694 3209 831 3278 montio,
857 3209 940 3289 quod
957 3222 1062 3270 tamen
1079 3210 1111 3270 in
1127 3211 1196 3271 aliie
1215 3208 1319 3277 facete

287 3307 380 3377 solet,
407 3303 558 3368 omiserit.
608 3306 769 3368 Atlantem
787 3327 864 3372 vero
885 3310 1031 3379 indicari,
1057 3314 1092 3371 in
1114 3313 1219 3394 aprico
1233 3315 1319 3392 quaii

284 3409 421 3493 politum
450 3405 503 3468 est.
562 3407 647 3468 Dedi
682 3409 779 3492 igitur
802 3424 836 3472 et
860 3408 924 3492 ipsc
949 3411 1062 3480 Atlas,
1091 3413 1125 3473 in
1158 3415 1320 3496 primicii

286 3529 400 3572 verum
420 3507 479 3578 est.
512 3507 598 3589 quod
623 3507 666 3570 eli
692 3528 769 3571 vero
793 3511 907 3581 limile,
946 3515 980 3572 in
1000 3511 1094 3576 Paris.
1122 3531 1152 3577 c.
1178 3529 1212 3591 5.
1236 3517 1318 3579 illud

286 3631 409 3674 nomen
427 3608 603 3692 expressum
620 3605 718 3670 luisse.
762 3613 892 3674 Accedit
909 3611 992 3695 Lipl.
1008 3616 1043 3674 in
1063 3616 1154 3677 cuiue
1171 3619 1318 3701 margine

244 3745 252 3754 -
284 3713 391 3778 colore
404 3710 502 3772 rubro
518 3709 557 3772 ab
574 3709 686 3771 eadem
703 3731 800 3773 manu
820 3713 895 3776 baec
910 3715 1004 3778 adsita
1025 3715 1189 3800 leguntur:
1216 3719 1319 3782 Mnus

286 3807 453 3904 astsffims
476 3831 572 3895 usque
600 3809 645 3872 ud
669 3813 785 3874 coelum
808 3825 839 3874 et
862 3811 966 3902 fidem
990 3817 1098 3878 athlas
1120 3821 1316 3885 nominatus.

286 3915 399 3984 Forte,
434 3931 508 3974 cum
534 3913 602 3974 eiur
628 3930 748 3976 nomen
773 3915 973 4000 incognitum
1000 3918 1134 3980 librariis
1159 3919 1219 3982 else
1246 3941 1316 3984 non

285 4015 445 4100 potuerit,
481 4012 562 4076 illud
581 4015 699 4077 excidit
717 4029 752 4079 et
771 4029 843 4078 tum
859 4009 948 4110 sctis
971 4031 1080 4083 tenere
1101 4017 1188 4083 suam
1207 4020 1317 4085 sedem
