2836 4940
288 415 347 482 062
583 411 829 474 toncourt
872 411 1034 468 Munna

293 593 404 656 Forte:
432 585 651 658 recedentibus,
678 585 822 670 utsupra
843 605 910 668 cap.
929 601 961 650 2.
984 577 1035 669 [§.
1052 577 1109 669 8.]
1135 581 1177 643 de
1194 581 1339 646 Rheno:

295 695 372 776 ripis
390 671 483 774 longe
505 711 544 752 ac
563 689 627 750 iate
651 687 862 753 recedentibus
882 689 946 748 iarn
967 705 1031 748 non
1054 687 1176 752 amnis.
1203 675 1268 776 sed
1290 685 1340 744 in·

296 817 371 878 gens
390 795 488 858 lacus.
539 791 583 856 Et
609 790 666 856 lib.
690 809 719 854 ι.
743 809 809 873 cup.
832 809 861 852 1.
888 783 938 876 [§.
956 783 1012 876 4.]
1050 787 1128 850 Turn
1149 785 1245 866 longe
1261 786 1341 848 iate·

296 919 355 982 quc
375 885 528 986 diffusum
552 891 654 974 abigit
671 889 760 984 nofle
780 889 953 954 recedentia
975 889 1083 952 litora.
1117 906 1340 952 csncconsvs.

297 1001 336 1064 ln
353 995 518 1084 posteriori
536 996 608 1058 loco
627 995 745 1080 legitur
760 991 901 1055 cedentia
916 991 1041 1060 eodem,
1066 1010 1130 1072 qno
1145 989 1211 1058 hic.
1238 988 1339 1060 senio,

297 1120 395 1185 quem
410 1111 443 1162 et
457 1117 559 1161 nexus
578 1095 648 1160 [atis
669 1095 813 1160 declaret.
861 1093 975 1158 Paullo
991 1093 1061 1180 post
1079 1094 1114 1154 in
1132 1092 1235 1156 Vatia.
1255 1105 1290 1173 5.
1308 1105 1341 1156 ct

296 1200 393 1270 ruit
413 1217 445 1270 2.
467 1198 551 1266 deest
569 1197 712 1282 pelagus.

466 1403 497 1483 Β.
530 1415 563 1484 5.
613 1395 804 1482 arctius)
859 1397 966 1466 Cibin.
988 1398 1076 1463 Gud.
1097 1397 1183 1482 Lipi.
1208 1412 1249 1462 nt
1267 1397 1342 1460 alibi

301 1507 421 1579 artius,-
445 1505 539 1590 Prug.
560 1521 600 1566 ex
621 1505 893 1586 pronuntiationis
908 1503 999 1564 fimiti
1015 1500 1092 1564 [ano
1108 1503 1230 1564 arciens.
1269 1501 1340 1562 vid.

302 1609 342 1676 de
359 1606 557 1690 scriptorius
578 1622 608 1676 2.
626 1620 659 1676 a,
676 1621 709 1686 7.
748 1605 821 1670 Posi
839 1605 930 1690 Prag.
946 1604 1038 1683 longe
1054 1603 1170 1664 lataat
1188 1617 1223 1664 et
1242 1603 1343 1664 intru-

295 1699 431 1804 susqnec
466 1710 598 1770 Vinctus
619 1697 774 1799 introrsus
794 1727 901 1792 nsque.
940 1707 1031 1770 Idem
1049 1725 1067 1768 a
1085 1705 1193 1768 verbis
1208 1702 1343 1768 Arabici

301 1823 333 1878 et
352 1831 388 1874 as
409 1829 476 1894 cap.
500 1823 560 1892 59.
581 1807 706 1892 incipit.

383 2003 579 2104 Casium)
629 2010 713 2095 Lipi.
734 2010 907 2096 Rehdiges.
933 2013 982 2074 nti
1005 2010 1082 2073 olim
1105 2009 1181 2073 edd.
1205 2030 1236 2074 1.
1256 2025 1294 2074 a.
1311 2028 1343 2090 9.

311 2127 367 2194 ι5.
391 2128 423 2176 et
446 2133 533 2176 nunc
553 2114 782 2177 Reinoidianae
801 2107 960 2204 Caffiumr
992 2114 1044 2177 ed.
1060 2111 1215 2176 Reinoid.
1237 2123 1344 2189 1775.

304 2214 419 2280 vitioso
451 2216 547 2276 etiam
582 2205 724 2304 Caffurrn
765 2214 858 2300 Prug.
887 2206 1016 2306 Casum.
1081 2211 1344 2284 praeferendum.

305 2317 394 2402 quod
412 2317 531 2380 hubent
545 2317 610 2389 ulii,
635 2311 775 2409 Castum,
802 2329 838 2380 ut
854 2319 949 2381 docui
964 2319 1003 2380 ad
1025 2335 1055 2390 ι,
1078 2337 1134 2380 ιο.

383 2519 602 2602 attingat)
651 2521 699 2584 Ita
720 2540 832 2584 omnes
851 2521 943 2585 MSS.
961 2521 997 2583 Α.
1014 2519 1183 2590 Gronovii‚
1208 2538 1250 2581 ex
1268 2519 1344 2580 meis

308 2634 392 2686 serto
415 2623 508 2686 Vatia.
531 2635 563 2702 5.
585 2623 677 2706 Psag.
694 2623 778 2706 Lipi.
804 2623 888 2684 Gud.
913 2623 1024 2684 Venet.
1043 2621 1217 2706 Rehdiger.
1236 2621 1345 2684 Cibin.

310 2721 496 2788 vindobon.
519 2724 587 2793 nii.
619 2744 658 2786 ex
683 2726 881 2786 conlatorurn
902 2724 1026 2785 filontio
1053 2721 1153 2784 tuliffe
1181 2723 1346 2790 videntur.

311 2827 464 2906 attingit.
489 2825 575 2906 qsrod
593 2839 625 2887 et
646 2825 762 2910 legitur
785 2827 817 2886 in
838 2825 992 2888 omnibns
1010 2824 1229 2895 editionibtse3
1264 2823 1348 2891 [olus

311 2927 447 2988 Vinctus
470 2925 576 3010 posuit
591 2929 745 3006 attingat,
772 2927 856 3008 qnod
877 2925 981 3010 postea
998 2927 1117 3008 recepit
1134 2924 1295 3007 Kappius,
1319 2937 1351 2985 at

310 3041 401 3090 anton
427 3029 460 3088 in
487 3041 562 3090 nuta
588 3027 776 3109 probaverat
802 3029 878 3091 Abr.
905 3027 1101 3090 Gronovius.
1153 3027 1292 3088 Reatina
1317 3027 1350 3086 in
1413 3045 1414 3096 ι

310 3131 372 3192 hoc
391 3149 487 3194 nexu.
528 3129 602 3193 1³0st
624 3129 807 3194 vindobon.
830 3129 922 3192 nimis
945 3149 987 3192 aa
1005 3129 1100 3192 nimis
1121 3127 1230 3201 lature
1255 3126 1348 3214 Prug.
1413 3101 1414 3163 i

302 3221 459 3325 [ψει-ο.

388 3431 607 3516 penetrat)
657 3435 846 3519 Legendum
870 3447 1070 3515 penetratur,
1100 3452 1168 3498 non
1191 3443 1349 3512 penetrat,

313 3549 351 3598 ut
374 3535 409 3596 in
432 3533 577 3618 Hispania
599 3536 638 3597 de
662 3537 729 3598 finn
750 3537 937 3600 Sucronenfi
961 3531 1015 3624 [a.
1037 3539 1070 3608 6,
1093 3531 1148 3622 6.]
1177 3539 1280 3596 maior
1305 3535 1351 3594 ieie

315 3651 348 3700 et
365 3657 480 3716 magno
489 3635 576 3728 jatis
593 3659 643 3698 ore
657 3639 790 3718 pelagus
804 3641 970 3720 occipiens.
994 3654 1036 3710 et,
1062 3660 1125 3723 qreo
1138 3639 1242 3718 magis
1262 3659 1349 3716 pene·

316 3749 432 3806 tratur,
454 3741 626 3818 augurior.
654 3759 852 3803 rsn'rsnnvs.
898 3741 1055 3803 Renuunt
1072 3761 1186 3802 omnes
1202 3739 1297 3813 tibri3
1322 3749 1352 3799 et

316 3855 419 3912 scate3
445 3859 519 3900 nam
534 3838 653 3900 diversa
669 3840 713 3902 est
727 3845 890 3924 utriusque
904 3844 966 3906 loci
982 3846 1073 3906 ratio.
1115 3841 1177 3916 ,lbi
1194 3841 1351 3924 praecedit

316 3950 447 4032 pelagus
469 3943 646 4022 accipiens.
682 3957 714 4004 et
738 3945 811 4005 ideo
833 3958 1018 4026 penetratur
1033 3943 1203 4007 necess'ario
1225 3942 1352 4024 reqniri·

317 4066 380 4114 tur.
426 4044 488 4106 Hic
506 4045 546 4108 ud
568 4056 664 4108 terres
684 4043 833 4120 refertur,
865 4065 941 4129 quas
960 4047 1112 4111 Arabicus
1134 4044 1218 4108 finus
1240 4047 1302 4108 init
1322 4053 1350 4103 et

315 4162 472 4236 penetrat.
