2810 4944
376 476 465 532 Lrtt.
494 477 530 530 tt.
574 473 606 530 C.
629 475 677 532 Vi.
721 473 800 549 Μ.
1048 469 1111 550 469

68 645 237 706 Herculeae
257 645 423 708 columnae
444 645 549 710 sedem
570 650 616 709 illi
638 645 857 732 adsignaverit.
909 643 979 706 Neo
995 647 1105 726 magia.

66 768 126 826 quo
146 745 175 808 [e
192 761 327 816 tueatur.
354 749 448 808 habet
466 751 597 810 Antonii
619 751 710 828 'i'iugi
734 747 834 818 lbera.
857 747 967 810 addito
986 767 1105 828 cogno·

66 849 152 908 mine
178 849 319 918 Graeco,
351 861 383 908 et
406 849 505 912 aliena
533 852 586 912 bio
609 847 734 913 infercit
759 851 854 912 lectio
879 849 1042 912 Ciacconii
1069 863 1101 910 et

66 949 206 1018 Serrani,
240 970 314 1010 oum
339 951 429 1020 urbe,
455 973 522 1012 nun
540 971 618 1036 gena
640 953 692 1014 hic
712 951 914 1014 desideretur.
965 949 1101 1030 Propino

66 1049 219 1110 librorum
238 1051 363 1134 vestigia
380 1050 559 1133 sequuntur,
586 1057 643 1136 qui
666 1054 808 1134 cingente
822 1043 917 1140 freto
939 1051 988 1112 vel
1002 1043 1100 1138 fretu

66 1149 230 1222 odiernum
261 1173 334 1212 nam
357 1166 389 1214 et
403 1145 500 1241 fretu
522 1155 586 1214 dici
606 1169 762 1236 praeterea
786 1153 901 1216 condat
925 1173 963 1212 ex
989 1151 1098 1212 Nonio

66 1251 214 1314 Marcello
239 1273 265 1314 c.
292 1265 326 1332 4.
355 1255 502 1335 aliisque,
537 1257 586 1315 uti
619 1257 730 1317 Lexioa
756 1257 872 1316 docent
900 1267 932 1314 et
960 1253 1097 1314 Lrtcretii

63 1355 253 1435 interpretes
273 1356 310 1414 ad
340 1375 369 1424 t.
391 1369 476 1429 721.
508 1357 563 1418 etsr
590 1359 644 1416 vix
678 1357 780 1418 Melae
807 1355 983 1416 tribuerint.
1033 1354 1097 1416 Sed

66 1454 227 1516 duriorem
244 1457 321 1516 baec
335 1455 439 1526 verba.
457 1459 542 1518 nude
559 1477 698 1542 vageque
715 1459 821 1539 polita,
838 1455 974 1518 orationi
994 1451 1096 1514 bielae

63 1551 199 1616 formam
238 1557 443 1638 imprimunt,
483 1559 660 1640 iniectaque
696 1561 728 1618 vi
762 1559 894 1620 brevem
927 1555 1095 1616 diducunt.

62 1657 188 1718 adsensi
213 1673 319 1720 tamen
342 1657 411 1719 sunt
433 1661 555 1742 pluteo.
592 1663 648 1742 qui
673 1660 774 1722 Melae
801 1660 931 1740 patriam
960 1657 992 1714 iu
1017 1655 1095 1716 urbe

63 1757 201 1820 Mellaria
232 1773 404 1840 spuerunt.
439 1761 478 1822 de
506 1761 620 1842 quibua
647 1763 680 1822 in
703 1760 911 1821 differtatione
934 1757 973 1816 de
999 1755 1093 1818 Mela.

61 1857 176 1920 Pobari
199 1855 294 1940 poss‘rt
311 1859 485 1924 Caiauboni
505 1863 705 1930 emendatio.
733 1863 913 1920 durmnodo
935 1859 1091 1920 leuiorem

60 1960 164 2022 verbio
189 1961 343 2021 librorum
375 1965 565 2024 medicinam
587 1961 722 2030 adferat.
755 1961 809 2023 otst
832 1959 995 2024 Salmafius
1017 1977 1044 2018 o.
1067 1957 1089 2018 l.

60 2064 187 2121 monuit
208 2081 248 2122 ex
270 2061 434 2132 Strabone,
467 2064 622 2126 Belonem
646 2067 769 2146 potior.
799 2081 892 2142 quam
915 2059 1090 2120 biellariam

61 2163 155 2246 Tingi
177 2163 238 2224 effe
257 2167 456 2228 contrariam.
509 2167 706 2227 Desideratur
730 2165 781 2224 hic
800 2165 912 2244 utique
929 2161 1014 2222 urbia
1034 2181 1090 2220 no·

60 2283 148 2334 rnen,
183 2267 274 2325 cuius
295 2267 425 2345 quidem
449 2267 537 2327 locus
559 2269 635 2347 porri
658 2267 754 2328 debet
781 2264 848 2346 post
877 2263 971 2324 verba
994 2273 1091 2342 atque

60 2367 134 2424 aride
156 2386 215 2424 uos
230 2357 342 2454 senune
363 2379 394 2426 et
415 2383 486 2426 ante
505 2381 588 2436 tune,
621 2369 705 2448 qnod
723 2387 761 2427 ex
779 2365 886 2426 ulitata
905 2364 1006 2424 Melae
1024 2381 1090 2422 ura·

60 2467 153 2536 tione.
175 2487 240 2548 qua
258 2481 289 2526 et
307 2467 409 2547 ipsunt
426 2469 543 2528 librum
561 2471 639 2536 finit.
663 2467 807 2536 efficitur,
831 2481 867 2526 ut
882 2443 963 2526 bene
980 2464 1089 2524 docuit

58 2567 207 2648 liappios.
268 2569 390 2628 Addam
428 2569 479 2630 bic
518 2585 642 2630 tanturn
677 2570 808 2630 bodlern
844 2567 948 2630 nostro
982 2566 1089 2624 iocum

61 2683 88 2734 2.
104 2685 134 2736 2.
153 2683 189 2746 8.
215 2679 257 2734 et.
282 2689 343 2752 qrro
359 2683 518 2730 canentem
536 2671 664 2748 Orpheo
677 2663 789 2762 sendo
805 2681 978 2730 narrantur
993 2669 1087 2725 etiarn

59 2789 193 2841 nemora,
217 2771 324 2842 Zoue;
357 2783 423 2830 turn
442 2771 596 2832 Seboeuos
609 2762 657 2860 sl.
712 2771 804 2854 Quae
821 2770 840 2828 d
858 2783 974 2836 teneas,
999 2765 1087 2826 adbi-

57 2868 126 2932 bitia
141 2872 244 2938 libris,
262 2887 403 2932 remanet
423 2871 614 2952 Ciugeutera
629 2873 680 2932 rel
701 2871 897 2951 Tingentera,
919 2867 1087 2948 exquibus

57 2969 114 3030 bec
135 2973 255 3052 placuit
276 2991 468 3054 praeponere
491 2975 565 3035 uiris
587 2975 699 3034 doctis.
744 2971 870 3053 Nempe
888 2985 953 3031 tum
976 2969 1085 3048 inepte

56 3076 153 3134 rnodo
171 3074 337 3144 adhaeret,
361 3075 460 3134 modo
476 3075 635 3144 avellitur.
658 3087 693 3134 ut
712 3071 797 3154 snpra
813 3075 845 3132 iu
864 3069 1086 3132 Rubricatum.

55 3171 102 3236 Cf.
119 3177 157 3234 ad
183 3193 211 3242 t.
234 3175 288 3242 rs).
307 3191 338 3238 2.
372 3173 472 3237 Porro
488 3177 514 3238 C
531 3189 562 3236 et
577 3177 606 3236 T
626 3173 713 3258 saepe
727 3185 973 3239 commutantur.
996 3170 1087 3230 cuiue

54 3277 239 3354 exemplum
264 3277 398 3334 occurrit
420 3277 451 3334 in
476 3277 524 3337 bie
544 3277 615 3358 iplia
638 3275 743 3336 verbis
763 3275 886 3354 cingere
905 3287 936 3332 et
955 3273 1083 3352 tingere.

52 3377 123 3438 t'id.
146 3375 312 3436 Drakeub.
333 3377 370 3435 ad
394 3379 451 3436 Sil.
476 3377 543 3438 itai.
567 3389 619 3455 ¹4·
644 3379 676 3440 6.
710 3389 742 3436 et
765 3395 844 3456 qnos
870 3374 984 3434 iaudat.
1034 3371 1086 3432 ste

52 3479 206 3537 ductoria
227 3492 259 3536 er
282 3477 435 3537 cirrceon'a
459 3493 491 3546 o.
519 3497 548 3546 ι.
572 3495 626 3554 13.
654 3477 709 3536 ubi
731 3477 797 3537 rid.
817 3489 934 3536 nauata.
976 3471 1086 3532 Obstat

52 3577 113 3638 boc
129 3597 244 3646 onum,
270 3579 356 3658 quod
373 3599 468 3640 nomo
485 3580 552 3640 eiua
569 3579 680 3660 oppidi
696 3579 897 3638 mentionem
917 3571 999 3642 iacit.
1024 3589 1084 3632 neo

52 3681 174 3760 antiqui
194 3679 385 3760 Geographi,
408 3699 466 3740 nec
483 3681 636 3740 Antonini
652 3679 860 3746 itinerarium.
884 3675 967 3756 quod
988 3695 1019 3754 p.
1039 3692 1083 3732 m.

52 3791 138 3858 407.
166 3799 184 3840 a
211 3777 307 3860 Calpe
333 3781 444 3840 transit
475 3779 648 3841 Mellariam
673 3781 842 3840 interiecto
867 3778 965 3838 Porto
991 3775 1083 3836 Albo.

52 3883 197 3942 'l'antnm
214 3881 424 3964 Geograpbut
442 3881 609 3942 Ravennae
629 3891 663 3962 lp.
684 3895 742 3958 42.
766 3877 787 3940 f.
815 3877 883 3958 post
905 3877 1084 3956 Girregiam

53 3983 111 4064 (do
132 3982 248 4062 enirn)
275 3981 371 4042 babet
397 3981 635 4052 Transductam.
669 3981 846 4044 Cecrariam
868 3975 888 4040 f.
913 3978 1086 4040 Cetrariam

52 4087 109 4162 (ut
128 4097 162 4162 5,
182 4083 304 4160 4.in.)
331 4081 505 4145 b‘lelariatn.
557 4083 606 4144 Ex
638 4081 753 4162 quibua
781 4101 821 4140 an
851 4079 996 4138 Carraria
1022 4077 1086 4136 huo

50 4185 225 4266 pertineat,
261 4203 301 4244 ao
327 4183 429 4246 Melae
453 4197 597 4268 tempore
626 4185 672 4246 ibi
701 4179 902 4254 iammoni,
933 4179 1004 4262 quio
1027 4195 1085 4260 pro
