2792 4940
292 422 335 492 94
597 411 839 470 rouuoun
860 374 1036 470 'uotae

293 585 420 649 servata.
458 585 600 648 Tantum
617 585 806 648 Reinoldius
828 582 917 648 urbes
941 583 1003 648 line
1024 585 1138 668 copula
1157 583 1250 648 reddi
1270 603 1326 646 vo·

292 689 364 750 luit.
405 705 605 760 reconvenit.
665 689 713 748 Et
744 689 912 750 redundat.
956 705 1167 750 ciaccorttve.
1219 687 1324 770 Lege:

293 791 371 860 exit.
404 789 541 848 incuntis
560 785 705 850 litoribus
725 801 758 850 et
780 803 840 850 cet.
877 807 1055 851 ecuorrve.
1107 789 1142 850 Si
1161 799 1191 848 et
1210 801 1244 849 et
1267 809 1325 870 que

292 891 470 958 retinuerit.
502 889 607 950 hiulca
630 892 690 950 erit
711 891 810 952 oratio
833 903 866 950 et
886 888 1001 950 sublata
1024 887 1215 960 consecutio,
1241 901 1325 950 certe

293 992 328 1052 in
348 991 409 1052 hoc
430 1010 517 1052 nexu
538 1009 579 1052 ex
601 1003 731 1070 utraque
751 991 902 1070 particula
925 1005 1012 1053 eruta
1035 990 1208 1074 languebit.
1261 992 1325 1050 Aut

293 1093 391 1177 igitur
407 1090 599 1152 eiiciendum
615 1091 658 1152 est
678 1103 718 1161 et,
745 1105 798 1152 aut
819 1111 888 1174 que.
931 1093 1014 1153 illud
1031 1093 1142 1152 malim
1158 1111 1232 1150 cnm
1248 1091 1326 1152 virio

293 1193 410 1262 doctis,
441 1205 510 1252 tum
541 1191 583 1251 ob
608 1191 769 1252 bonorum
793 1192 950 1254 Codicum
976 1194 1212 1261 auctoritatem.
1244 1203 1324 1262 tum,

292 1293 379 1375 quod
395 1293 487 1364 Mela,
511 1291 568 1352 ubi
583 1293 744 1354 eiusmodi
760 1295 981 1375 exceptionem
996 1308 1051 1354 aut
1071 1294 1323 1354 moderationem

293 1395 418 1465 inserit,
457 1395 622 1476 primariae
651 1391 821 1456 sententiae
851 1393 1016 1456 clausulam
1052 1392 1191 1454 subiecto
1226 1393 1322 1453 uerbo

294 1497 432 1558 conficit.
472 1497 605 1556 Facilius
619 1495 715 1556 etiam
736 1489 775 1556 cd
794 1509 826 1556 et
846 1515 885 1558 ex
903 1495 1193 1577 praecedenteeou't
1215 1493 1324 1554 adbae·
1364 1545 1365 1552 ,

292 1617 377 1668 rere,
408 1593 487 1656 sacta
514 1599 691 1658 mutatione
717 1597 800 1666 levi,
836 1599 956 1678 potuit,
997 1617 1092 1677 quam
1126 1594 1231 1675 possea
1256 1615 1323 1676 que.

291 1699 376 1760 Exit
399 1698 497 1780 igitur
515 1709 620 1777 aperte
639 1695 771 1758 refertur
795 1698 832 1758 ad
857 1698 1106 1778 promontorium
1131 1707 1165 1756 et
1186 1693 1324 1755 obtendi·

291 1813 346 1860 tur
365 1799 502 1880 priorem
527 1795 713 1858 sententiam
734 1799 876 1868 coniicit,
913 1813 951 1860 ut
971 1796 1074 1858 senine
1097 1797 1171 1856 inde
1194 1794 1322 1864 exsistat.

290 1919 389 1981 quem
410 1899 597 1960 ciacconius
620 1896 778 1979 exposuit;
818 1919 870 1960 ora
892 1913 992 1969 recta,
1025 1898 1045 1956 si
1067 1899 1321 1978 promontorium

290 1999 466 2082 exceperis,
501 2000 733 2080 non-procedit
753 2021 769 2060 a
794 1998 1007 2082 septentrione
1030 2002 1064 2059 in
1087 1997 1241 2066 austrum,
1273 1995 1322 2056 sed

290 2101 475 2162 obtenditur
506 2103 612 2163 curvie
641 2099 769 2162 alteriue
799 2101 904 2164 lateris
927 2101 1083 2164 litoribus.
1135 2097 1210 2162 Posi
1237 2097 1319 2159 Gud.

282 2193 449 2296 substituo.

366 2392 702 2495 Halmydesson)
733 2403 874 2470 Parisr.
895 2419 927 2467 2.
945 2417 977 2484 3.
999 2405 1112 2466 Venet.
1132 2401 1213 2486 Lips.
1235 2403 1320 2465 Gud.

289 2501 460 2591 slehdiger.
485 2505 628 2568 Vindolt.
648 2497 850 2596 helmides0u3
873 2505 979 2568 Cibin.
996 2497 1199 2595 besirrisedou;
1226 2505 1317 2588 Prag.

288 2598 478 2696 stelindesort.
516 2607 599 2668 Edd.
626 2629 655 2670 1.
672 2623 704 2670 2.
726 2621 758 2686 3.
773 2619 808 2685 4.
826 2619 858 2683 5.
877 2625 910 2686 9.
933 2627 988 2669 rr.
1009 2597 1231 2697 Hetinidesmn
1262 2620 1316 2667 11.

287 2698 539 2797 Halmydesyom
579 2715 634 2788 14.
657 2705 900 2793 Holruydefioru
935 2709 967 2770 6.
993 2722 1026 2783 7.
1045 2719 1078 2783 8.
1104 2727 1160 2769 10.
1184 2719 1237 2782 15.
1265 2721 1315 2780 17.

291 2825 348 2872 20.
373 2799 606 2898 Halmydesom
647 2823 707 2888 23.
728 2801 954 2899 Holmidesort;
995 2807 1317 2890 15.19.0livariuo

286 2909 322 2969 in
336 2909 386 2970 ed.
407 2922 465 2985 25.
489 2923 522 2970 et
539 2911 662 2991 aliquot
678 2911 875 2972 Olivarianae
890 2899 1127 2996 Hasmr'cleffm3
1154 2907 1316 2968 Vadiauue

287 3029 362 3070 cum
383 3007 446 3070 suia
466 3025 499 3070 et
525 3012 640 3092 reliqui
662 3003 899 3100 Halmydeffon.
951 3011 1117 3070 Boccatiue
1140 3028 1166 3070 c.
1190 3010 1210 3070 l.
1236 3008 1316 3068 esmi-

286 3101 429 3200 desoucm
451 3123 556 3174 vocat.
583 3131 788 3175 rzecuvcrru.
839 3111 1042 3175 Ptolemaeus
1064 3103 1118 3195 [3.
1138 3102 1213 3194 11.]
1237 3107 1315 3170 Has-

286 3202 454 3297 mydeffiut.
507 3210 615 3274 Potest
634 3226 666 3274 et
679 3204 888 3300 Sasnaydeffos
900 3231 939 3272 ex
955 3213 1118 3273 Strabone.
1147 3205 1201 3296 [7.
1222 3229 1254 3290 p.
1271 3229 1313 3270 ru.

287 3325 371 3373 221.
388 3309 409 3372 s.
426 3305 532 3396 319.]
567 3331 754 3374 RARBARVS.
805 3303 1032 3399 Isalmpdiffon
1056 3311 1111 3372 lib.
1128 3325 1192 3372 vet.
1210 3330 1267 3391 per
1284 3331 1313 3390 y.

231 3473 237 3492 ,
284 3409 488 3474 Ptolemaeue
521 3409 625 3472 scribit
648 3410 859 3502 Ἀλμυὸισσός
888 3413 1003 3492 absque
1042 3410 1160 3492 spiritu.
1212 3412 1314 3471 Xeno·

284 3511 375 3594 pbon
398 3511 431 3574 6.
457 3507 649 3589 ἀναβάσεως
674 3511 720 3601 [c.
744 3529 777 3590 5,
804 3507 859 3598 7.]
889 3527 922 3574 et
944 3511 1127 3576 Scholiastee
1147 3511 1312 3592 Sophoclis

285 3611 412 3692 Oedipo
434 3625 568 3690 tyranno
587 3610 641 3700 [v.
662 3611 764 3702 ipo]
786 3607 1004 3702 Halmydiffus
1025 3615 1106 3694 peri
1124 3615 1156 3672 in
1179 3611 1313 3693 penulti-

283 3732 346 3774 ma.
373 3708 495 3797 [immo
519 3713 572 3776 hic
593 3711 810 3805 ‘Adpudpoodf
833 3709 960 3799 habet]
1000 3709 1230 3801 Σαλμυδισσός
1254 3713 1311 3790 Ly·

283 3813 437 3895 copbron.
464 3809 517 3902 [v.
549 3812 675 3902 abab]
714 3835 891 3878 ecuorrve.
952 3815 1098 3877 Similem
1130 3815 1310 3874 varietatem

281 3929 447 3976 notaverat
466 3919 562 3978 etiem
580 3918 783 3988 Ciaccouiue,
809 3931 842 3978 et
863 3927 1019 3998 praeterea
1039 3915 1218 3982 addiderat,
1245 3914 1309 3974 aliia

282 4015 346 4076 elici
386 4009 610 4105 Hasmttdcfflrs
645 4022 698 4082 vel
737 4009 948 4105 Asmudeffits,
1000 4016 1052 4076 vel
1091 4006 1305 4102 Salutudtstbs.

282 4115 373 4200 Quot
388 4117 552 4201 intelligat,
575 4121 700 4204 ignoro.
719 4121 775 4180 'sn
791 4119 897 4184 Plinio
913 4133 946 4196 tp,
966 4129 1022 4194 18.
1041 4114 1061 4176 s.
1084 4133 1139 4178 11.
1159 4117 1307 4197 quaedam
