2788 4942
369 467 456 525 ΗΒ.
487 468 539 522 111.
583 467 616 524 C.
639 469 676 521 tt.
721 465 745 534 i.
771 479 800 552 t.
1066 467 1107 530 61

61 645 91 704 t.
112 639 359 706 Gronoviue'in
385 643 515 726 posterii
541 639 672 711 scholio.
703 641 760 702 ubi
787 641 938 724 explicat:
980 659 1110 728 propter

58 745 225 808 honorem
252 745 392 808 insitum.

143 947 359 1042 Quidquid
383 947 456 1028 ex)
506 949 599 1032 Prog.
624 945 775 1029 quitquid
801 945 843 1041 est
868 937 967 1040 sotis.
1021 951 1111 1014 Tum

58 1049 241 1135 Rehdiger.
257 1043 408 1140 frigora
436 1051 487 1112 ed.
508 1069 539 1114 t.
562 1051 744 1128 irrepaticus.

139 1253 289 1334 aegre)
339 1252 435 1316 Paris.
459 1275 487 1316 ι.
514 1268 545 1316 2.
570 1253 670 1315 vatic.
697 1251 777 1334 Ltpt.
802 1253 886 1316 (iud.
909 1253 1000 1338 Prag.
1025 1255 1110 1318 Preh-

61 1355 168 1438 diget.
194 1355 309 1415 Zaitric.
335 1355 520 1416 Vindobon.
548 1355 660 1416 Venet.
685 1355 792 1416 Havn.
822 1356 963 1436 pictique
987 1357 1110 1420 Grono-

2 1497 3 1504 .
59 1459 154 1516 viani
187 1477 261 1516 cum
294 1457 367 1518 edd.
396 1471 519 1516 tantum
548 1477 613 1516 non
640 1455 792 1516 omnibns
818 1459 957 1518 maximo
981 1459 1110 1522 vetustis

60 1579 164 1638 agen·
202 1557 285 1620 Vott.
307 1579 335 1620 ι.
361 1557 445 1622 chit.
477 1557 571 1620 Poris.
591 1571 624 1634 3.
650 1555 770 1635 (forte)
799 1579 879 1622 vorr.
901 1563 934 1618 in
956 1561 1028 1621 edd.
1050 1575 1107 1640 27.

60 1676 95 1720 er
121 1678 181 1738 29.
216 1673 248 1720 et
269 1659 343 1722 edd.
373 1681 384 1720 t
395 1673 426 1738 5.
457 1675 511 1734 ¹7·
536 1675 593 1722 oo.
621 1673 676 1737 25.
704 1673 761 1738 5¹·
786 1671 843 1737 43.
872 1671 931 1742 nn.
956 1673 1015 1738 45.
1040 1663 1110 1724 reti·

58 1782 145 1842 quae
167 1783 269 1840 aegre.
321 1763 408 1822 Turn
432 1761 539 1824 Cibin.
566 1759 647 1822 Vott.
671 1781 699 1822 t.
728 1783 783 1820 trec
807 1759 880 1834 nhi‚·
915 1761 1032 1825 Zolusc.
1055 1785 1110 1824 nec

60 1861 181 1946 rrbr'qne
203 1883 278 1922 curn
300 1863 378 1924 aliis.
421 1861 544 1924 Vosstrtc
568 1861 770 1942 sequentibus
790 1863 965 1924 Gronttviio
981 1865 1014 1924 in
1033 1865 1106 1927 odd.

60 1975 126 2044 4ο.
155 1977 217 2030 [ιι.
241 1975 301 2044 42.
327 1965 434 2026 dedit:
477 1963 643 2060 Quidquid
662 1984 701 2022 ex
714 1955 819 2052 sotir.
845 1957 988 2053 frigoris
1009 1967 1109 2044 inrpn·

59 2071 149 2128 tiens
172 2065 227 2158 est.
278 2069 361 2144 Ager
380 2079 410 2126 et
434 2063 544 2146 ubique
564 2065 641 2134 alit,
665 2077 694 2124 et
709 2063 851 2154 salubris
873 2095 920 2108 -
956 2067 1107 2128 Vinctus:

52 2161 206 2259 frigoris
222 2169 392 2246 impatiens
408 2165 452 2258 cst
470 2189 571 2244 aegre,
596 2187 652 2224 nec
668 2163 782 2246 ubique
799 2167 869 2227 alit.
903 2165 1043 2229 Satnbrts
1062 2203 1107 2216 -

60 2289 272 2332 rzscnvcrrrr.
327 2270 431 2353 Lego:
467 2289 571 2348 aegre.
598 2289 653 2326 nec
673 2265 799 2348 nitique.
826 2269 987 2352 flagitante
1009 2267 1108 2334 sensu.

61 2392 245 2436 scirorrre.
298 2370 409 2430 Malim
426 2371 476 2438 id,
507 2370 593 2450 qnod
616 2370 648 2428 in
672 2371 796 2448 optimo
817 2371 859 2430 est
880 2371 979 2430 libro:
1009 2371 1109 2466 Quid·

62 2473 144 2558 qnid
170 2473 213 2566 est'
230 2465 314 2562 sati.
375 2473 543 2551 Sequentia
569 2489 630 2552 ope
657 2471 794 2531 Vaticani
815 2485 846 2532 et
867 2473 998 2532 aliornnt
1023 2475 1109 2536 codi-

64 2597 142 2638 cum
165 2577 365 2635 refinxinnrc.
401 2567 494 2658 [vid.
512 2565 635 2656 anteo]
670 2571 763 2632 l'rino
787 2571 990 2634 ic‘ribebnturt
1017 2597 1109 2655 aegre

64 2701 121 2739 nec
142 2673 256 2756 ntique
277 2675 355 2742 atie,
381 2689 408 2733 et
435 2675 531 2733 rtnxt'n
555 2695 663 2748 genere
684 2675 870 2732 ottintnlt'trnr
895 2677 1021 2734 rnt'ttt'rtre
1033 2669 1107 2766 sre-

63 2801 164 2862 quens
174 2801 186 2850 ;
213 2795 291 2856 qnae
312 2795 377 2835 non
403 2775 584 2836 cohaerent.
622 2795 761 2835 vrrsstrs.
815 2776 1003 2838 Perizonius
1027 2797 1107 2837 rnor-

64 2885 135 2966 gini
159 2893 308 2962 paternae
332 2879 483 2936 editionis
508 2874 722 2958 adscripscrat:
761 2875 836 2959 Leg.
854 2897 945 2956 aegre
967 2899 1022 2936 nec
1043 2876 1108 2937 nbi·

63 3005 125 3066 qne
146 2981 226 3049 atie,
258 2991 294 3038 at
309 2969 461 3067 salubris.
506 2999 536 3038 Α.
562 2995 769 3038 ottonovtvs.
830 2975 903 3036 Non
929 2979 1029 3048 male,
1059 2981 1107 3040 uti

63 3099 97 3146 et
112 3083 222 3144 voluit
239 3080 449 3142 schwartzius
465 3099 491 3142 c.
510 3079 528 3140 l.
555 3079 734 3138 durnnrodo
752 3078 877 3138 codices
892 3079 1044 3150 adunant,
1069 3093 1107 3142 at

64 3185 230 3252 intentur,
257 3201 331 3242 corn
356 3178 473 3240 diversa
497 3179 741 3261 airrperioribnc
760 3179 868 3246 tradat.
895 3181 1010 3262 qnibno
1031 3182 1109 3245 haec

64 3289 228 3348 leventur.
301 3281 407 3344 Potest
447 3295 552 3342 tamen
584 3282 783 3342 distinctione
817 3282 974 3352 adiuvari,
1011 3305 1108 3365 qnam

65 3391 244 3450 maximnm
277 3383 336 3444 effe
371 3383 546 3444 voluerunt
580 3384 663 3442 lunt.
693 3383 761 3442 Atrt.
794 3383 866 3444 Vin.
931 3387 1108 3448 lit-ceteri·

64 3491 171 3574 probo
196 3499 353 3566 receptam
371 3487 538 3546 rationem.
583 3481 724 3544 Voffinna
743 3485 930 3546 narrationis
952 3484 1108 3548 inmotam

65 3595 98 3652 io
117 3605 223 3672 partes
243 3587 340 3646 nimis
356 3587 495 3646 minutas
518 3587 655 3646 concidit
675 3601 707 3644 et
731 3586 865 3654 didicit,
893 3599 961 3646 turn
978 3607 993 3647 o
1011 3601 1106 3659 terro,

64 3699 153 3753 unde
171 3693 247 3750 haec
264 3689 372 3748 ornnia
387 3701 550 3769 reguntur,
574 3687 654 3746 male
674 3687 803 3758 avellin
835 3705 894 3747 nec
911 3687 1049 3768 deniqne
1072 3709 1107 3752 re

65 3812 98 3858 et
115 3795 255 3856 oliorum
272 3789 459 3852 testimoniis
477 3787 735 3870 comprobantur.
778 3784 829 3850 Cf.
847 3783 960 3850 Strabo
980 3809 1005 3851 c.
1025 3789 1047 3851 l.

136 3987 352 4086 salubris)
402 3991 529 4052 Excidit
558 3991 634 4054 haec
663 4011 726 4052 vox
749 3989 781 4050 in
806 3989 878 4053 edd.
902 4011 931 4052 r.
957 4007 988 4054 2.
1015 4005 1047 4070 3.
1071 3999 1104 4074 4.

69 4113 101 4178 5.
121 4101 153 4162 6.
176 4113 210 4170 7.
228 4109 261 4172 8.
281 4113 315 4174 9.
340 4113 394 4156 ro.
423 4111 477 4156 tr.
501 4111 555 4156 η.
581 4107 633 4168 ¹3·
658 4103 710 4168 rt..
739 4093 792 4154 ro.
816 4103 870 4168 ig.
894 4109 948 4170 ¹9·
969 4109 1025 4156 αι.
1046 4109 1105 4156 oo.

68 4211 126 4284 αι’..
146 4211 202 4278 25.
222 4213 254 4260 et
273 4199 314 4259 stc
331 4197 496 4264 vatione.
516 4193 713 4256 Olivoriaooe
730 4213 803 4254 cum
820 4193 964 4256 Schotw.
998 4197 1106 4258 Serva·
