<?xml version="1.0" encoding="UTF-8"?>
<!DOCTYPE html PUBLIC "-//W3C//DTD XHTML 1.0 Transitional//EN"
    "http://www.w3.org/TR/xhtml1/DTD/xhtml1-transitional.dtd">
<html xmlns="http://www.w3.org/1999/xhtml" xml:lang="en" lang="en">
 <head>
  <title>
</title>
<meta http-equiv="Content-Type" content="text/html;charset=utf-8" />
  <meta name='ocr-system' content='tesseract 3.04.00' />
  <meta name='ocr-capabilities' content='ocr_page ocr_carea ocr_par ocr_line ocrx_word'/>
</head>
<body>
  <div class='ocr_page' id='page_1' title='image "./pomponiimelaede05melagoog_0713.png"; bbox 0 0 2826 4936; ppageno 0'>
   <div class='ocr_carea' id='block_1_1' title="bbox 319 431 1093 505">
    <p class='ocr_par' dir='ltr' id='par_1_1' title="bbox 319 431 1093 505">
     <span class='ocr_line' id='line_1_1' title="bbox 319 431 1093 505; baseline -0.004 -13"><span class='ocrx_word' id='word_1_1' title='bbox 319 435 409 492; x_wconf 75' lang='lat' dir='ltr'>ern</span> <span class='ocrx_word' id='word_1_2' title='bbox 438 435 491 490; x_wconf 90' lang='lat' dir='ltr'>nr.</span> <span class='ocrx_word' id='word_1_3' title='bbox 533 433 568 493; x_wconf 89' lang='lat' dir='ltr'>c.</span> <span class='ocrx_word' id='word_1_4' title='bbox 596 435 647 491; x_wconf 86' lang='grc' dir='ltr'><strong>ιιι.</strong></span> <span class='ocrx_word' id='word_1_5' title='bbox 688 431 767 504; x_wconf 67' lang='grc' dir='ltr'>ιι.</span> <span class='ocrx_word' id='word_1_6' title='bbox 790 444 820 490; x_wconf 85' lang='grc' dir='ltr'>ι.</span> <span class='ocrx_word' id='word_1_7' title='bbox 1049 439 1093 505; x_wconf 69' lang='lat'>05</span> 
     </span>
    </p>
   </div>
   <div class='ocr_carea' id='block_1_2' title="bbox 66 607 1089 1990">
    <p class='ocr_par' dir='ltr' id='par_1_2' title="bbox 66 607 1089 1990">
     <span class='ocr_line' id='line_1_2' title="bbox 70 607 1084 686; baseline 0 -18"><span class='ocrx_word' id='word_1_8' title='bbox 70 607 252 671; x_wconf 76' lang='lat' dir='ltr'>recentiores.</span> <span class='ocrx_word' id='word_1_9' title='bbox 304 607 497 672; x_wconf 85' lang='lat' dir='ltr'>Posteriorer</span> <span class='ocrx_word' id='word_1_10' title='bbox 523 609 679 671; x_wconf 79' lang='lat' dir='ltr'>Vadianee</span> <span class='ocrx_word' id='word_1_11' title='bbox 701 621 734 671; x_wconf 91' lang='lat' dir='ltr'>et</span> <span class='ocrx_word' id='word_1_12' title='bbox 762 621 821 684; x_wconf 80' lang='lat'>30.</span> <span class='ocrx_word' id='word_1_13' title='bbox 850 619 908 686; x_wconf 75' lang='lat'>52.</span> <span class='ocrx_word' id='word_1_14' title='bbox 938 613 996 686; x_wconf 82' lang='lat'>35.</span> <span class='ocrx_word' id='word_1_15' title='bbox 1025 617 1084 686; x_wconf 75' lang='lat'>57.</span> 
     </span>
     <span class='ocr_line' id='line_1_3' title="bbox 71 707 1087 794; baseline 0.003 -27"><span class='ocrx_word' id='word_1_16' title='bbox 71 709 135 768; x_wconf 82' lang='lat' dir='ltr'>daut</span> <span class='ocrx_word' id='word_1_17' title='bbox 147 707 275 782; x_wconf 83' lang='lat' dir='ltr'>Oceani,</span> <span class='ocrx_word' id='word_1_18' title='bbox 292 712 341 770; x_wconf 88' lang='lat' dir='ltr'>uti</span> <span class='ocrx_word' id='word_1_19' title='bbox 357 711 500 772; x_wconf 85' lang='lat' dir='ltr'>voluerat</span> <span class='ocrx_word' id='word_1_20' title='bbox 514 711 690 774; x_wconf 82' lang='lat' dir='ltr'>Pintienue.</span> <span class='ocrx_word' id='word_1_21' title='bbox 713 727 920 772; x_wconf 81' lang='lat' dir='ltr'>rzecrrvcnrt.</span> <span class='ocrx_word' id='word_1_22' title='bbox 959 709 1087 794; x_wconf 75' lang='lat' dir='ltr'>Legunt</span> 
     </span>
     <span class='ocr_line' id='line_1_4' title="bbox 69 808 1087 894; baseline 0.002 -26"><span class='ocrx_word' id='word_1_23' title='bbox 69 808 129 868; x_wconf 81' lang='lat' dir='ltr'>libri</span> <span class='ocrx_word' id='word_1_24' title='bbox 148 831 241 872; x_wconf 82' lang='lat' dir='ltr'>mauu</span> <span class='ocrx_word' id='word_1_25' title='bbox 264 813 378 873; x_wconf 80' lang='lat' dir='ltr'>exarati</span> <span class='ocrx_word' id='word_1_26' title='bbox 397 811 526 874; x_wconf 80' lang='lat' dir='ltr'>Oceano</span> <span class='ocrx_word' id='word_1_27' title='bbox 542 813 648 883; x_wconf 81' lang='lat' dir='ltr'>litore,</span> <span class='ocrx_word' id='word_1_28' title='bbox 683 812 849 894; x_wconf 90' lang='lat' dir='ltr'>quomodo</span> <span class='ocrx_word' id='word_1_29' title='bbox 867 813 964 872; x_wconf 82' lang='lat' dir='ltr'>etiem</span> <span class='ocrx_word' id='word_1_30' title='bbox 987 811 1087 872; x_wconf 84' lang='lat' dir='ltr'>locuti</span> 
     </span>
     <span class='ocr_line' id='line_1_5' title="bbox 69 907 1086 996; baseline 0.003 -27"><span class='ocrx_word' id='word_1_31' title='bbox 69 907 130 970; x_wconf 85' lang='lat' dir='ltr'>iunt</span> <span class='ocrx_word' id='word_1_32' title='bbox 147 911 276 984; x_wconf 85' lang='lat' dir='ltr'>Cicero.</span> <span class='ocrx_word' id='word_1_33' title='bbox 311 911 437 984; x_wconf 69' lang='lat' dir='ltr'>caetae.</span> <span class='ocrx_word' id='word_1_34' title='bbox 472 913 614 977; x_wconf 73' lang='lat' dir='ltr'>Catullus</span> <span class='ocrx_word' id='word_1_35' title='bbox 634 925 667 975; x_wconf 91' lang='lat' dir='ltr'>et</span> <span class='ocrx_word' id='word_1_36' title='bbox 687 913 756 984; x_wconf 80' lang='lat' dir='ltr'>eiii,</span> <span class='ocrx_word' id='word_1_37' title='bbox 790 915 864 974; x_wconf 84' lang='lat' dir='ltr'>licet</span> <span class='ocrx_word' id='word_1_38' title='bbox 887 913 1086 996; x_wconf 77' lang='lat' dir='ltr'>grammatici</span> 
     </span>
     <span class='ocr_line' id='line_1_6' title="bbox 69 1011 1085 1100; baseline 0.004 -29"><span class='ocrx_word' id='word_1_39' title='bbox 69 1011 172 1094; x_wconf 76' lang='lat' dir='ltr'>aliquot</span> <span class='ocrx_word' id='word_1_40' title='bbox 185 1013 262 1075; x_wconf 85' lang='lat' dir='ltr'>lucie</span> <span class='ocrx_word' id='word_1_41' title='bbox 278 1015 431 1076; x_wconf 79' lang='lat' dir='ltr'><strong>mutarint</strong></span> <span class='ocrx_word' id='word_1_42' title='bbox 447 1015 478 1076; x_wconf 90' lang='lat' dir='ltr'>id</span> <span class='ocrx_word' id='word_1_43' title='bbox 498 1015 650 1097; x_wconf 82' lang='lat' dir='ltr'>loquendi</span> <span class='ocrx_word' id='word_1_44' title='bbox 663 1033 776 1100; x_wconf 79' lang='lat' dir='ltr'>genoe.</span> <span class='ocrx_word' id='word_1_45' title='bbox 802 1032 943 1076; x_wconf 85' lang='lat' dir='ltr'>voeerve.</span> <span class='ocrx_word' id='word_1_46' title='bbox 984 1013 1085 1098; x_wconf 88' lang='lat' dir='ltr'>Quod</span> 
     </span>
     <span class='ocr_line' id='line_1_7' title="bbox 68 1113 1084 1198; baseline 0.007 -28"><span class='ocrx_word' id='word_1_47' title='bbox 68 1115 181 1192; x_wconf 87' lang='lat' dir='ltr'>quidem</span> <span class='ocrx_word' id='word_1_48' title='bbox 199 1115 287 1177; x_wconf 78' lang='lat' dir='ltr'>elteri</span> <span class='ocrx_word' id='word_1_49' title='bbox 311 1115 443 1178; x_wconf 88' lang='lat' dir='ltr'>lectioni</span> <span class='ocrx_word' id='word_1_50' title='bbox 466 1115 623 1178; x_wconf 86' lang='lat' dir='ltr'>Oceanica</span> <span class='ocrx_word' id='word_1_51' title='bbox 649 1113 892 1198; x_wconf 73' lang='lat' dir='ltr'>praeferendum</span> <span class='ocrx_word' id='word_1_52' title='bbox 912 1113 971 1186; x_wconf 83' lang='lat' dir='ltr'>est,</span> <span class='ocrx_word' id='word_1_53' title='bbox 1003 1133 1084 1196; x_wconf 83' lang='lat' dir='ltr'>quae</span> 
     </span>
     <span class='ocr_line' id='line_1_8' title="bbox 68 1209 1087 1298; baseline 0.005 -26"><span class='ocrx_word' id='word_1_54' title='bbox 68 1209 155 1276; x_wconf 75' lang='lat' dir='ltr'>forme</span> <span class='ocrx_word' id='word_1_55' title='bbox 184 1219 324 1278; x_wconf 83' lang='lat' dir='ltr'>maxime</span> <span class='ocrx_word' id='word_1_56' title='bbox 362 1215 405 1279; x_wconf 82' lang='lat' dir='ltr'>est</span> <span class='ocrx_word' id='word_1_57' title='bbox 442 1217 537 1278; x_wconf 82' lang='lat' dir='ltr'>dubia</span> <span class='ocrx_word' id='word_1_58' title='bbox 571 1231 605 1278; x_wconf 92' lang='lat' dir='ltr'>et</span> <span class='ocrx_word' id='word_1_59' title='bbox 637 1235 792 1298; x_wconf 78' lang='lat' dir='ltr'>nusquam</span> <span class='ocrx_word' id='word_1_60' title='bbox 826 1215 932 1278; x_wconf 79' lang='lat' dir='ltr'>obvia.</span> <span class='ocrx_word' id='word_1_61' title='bbox 998 1217 1087 1278; x_wconf 88' lang='lat' dir='ltr'>luter</span> 
     </span>
     <span class='ocr_line' id='line_1_9' title="bbox 68 1313 1089 1402; baseline 0.007 -29"><span class='ocrx_word' id='word_1_62' title='bbox 68 1327 214 1398; x_wconf 78' lang='lat' dir='ltr'>utromque</span> <span class='ocrx_word' id='word_1_63' title='bbox 246 1319 367 1400; x_wconf 86' lang='lat' dir='ltr'>pendet</span> <span class='ocrx_word' id='word_1_64' title='bbox 392 1317 530 1389; x_wconf 78' lang='lat' dir='ltr'>Oceani,</span> <span class='ocrx_word' id='word_1_65' title='bbox 562 1321 649 1402; x_wconf 90' lang='lat' dir='ltr'>quod</span> <span class='ocrx_word' id='word_1_66' title='bbox 681 1331 714 1379; x_wconf 89' lang='lat' dir='ltr'>et</span> <span class='ocrx_word' id='word_1_67' title='bbox 741 1313 850 1400; x_wconf 76' lang='lat' dir='ltr'>puisun</span> <span class='ocrx_word' id='word_1_68' title='bbox 874 1335 933 1398; x_wconf 92' lang='lat' dir='ltr'>pro</span> <span class='ocrx_word' id='word_1_69' title='bbox 960 1314 1089 1380; x_wconf 84' lang='lat' dir='ltr'>Oceano</span> 
     </span>
     <span class='ocr_line' id='line_1_10' title="bbox 67 1415 1087 1502; baseline 0.01 -28"><span class='ocrx_word' id='word_1_70' title='bbox 67 1415 94 1476; x_wconf 90' lang='lat' dir='ltr'>in</span> <span class='ocrx_word' id='word_1_71' title='bbox 115 1415 198 1478; x_wconf 86' lang='lat' dir='ltr'>srmiii</span> <span class='ocrx_word' id='word_1_72' title='bbox 222 1438 309 1482; x_wconf 86' lang='lat' dir='ltr'>nexu</span> <span class='ocrx_word' id='word_1_73' title='bbox 330 1420 514 1500; x_wconf 83' lang='lat' dir='ltr'>reponitur,</span> <span class='ocrx_word' id='word_1_74' title='bbox 548 1419 649 1481; x_wconf 85' lang='lat' dir='ltr'>veluti</span> <span class='ocrx_word' id='word_1_75' title='bbox 673 1419 755 1502; x_wconf 77' lang='lat' dir='ltr'>opud</span> <span class='ocrx_word' id='word_1_76' title='bbox 781 1417 925 1480; x_wconf 81' lang='lat' dir='ltr'>luvenal.</span> <span class='ocrx_word' id='word_1_77' title='bbox 948 1435 1003 1488; x_wconf 88' lang='grc' dir='ltr'>ιι.</span> <span class='ocrx_word' id='word_1_78' title='bbox 1026 1429 1087 1499; x_wconf 83' lang='grc'><strong>94.</strong></span> 
     </span>
     <span class='ocr_line' id='line_1_11' title="bbox 67 1519 1086 1602; baseline 0.006 -27"><span class='ocrx_word' id='word_1_79' title='bbox 67 1530 93 1576; x_wconf 89' lang='lat' dir='ltr'>et</span> <span class='ocrx_word' id='word_1_80' title='bbox 118 1533 190 1598; x_wconf 79' lang='lat'><strong>¹¹3·</strong></span> <span class='ocrx_word' id='word_1_81' title='bbox 251 1519 376 1602; x_wconf 88' lang='lat' dir='ltr'>Nempe</span> <span class='ocrx_word' id='word_1_82' title='bbox 408 1521 545 1584; x_wconf 85' lang='lat' dir='ltr'>offendit</span> <span class='ocrx_word' id='word_1_83' title='bbox 578 1520 724 1582; x_wconf 83' lang='lat' dir='ltr'>Oceanus</span> <span class='ocrx_word' id='word_1_84' title='bbox 751 1519 908 1581; x_wconf 78' lang='lat' dir='ltr'>adieetive</span> <span class='ocrx_word' id='word_1_85' title='bbox 937 1519 1086 1602; x_wconf 80' lang='lat' dir='ltr'>potitum,</span> 
     </span>
     <span class='ocr_line' id='line_1_12' title="bbox 66 1620 1087 1706; baseline 0.008 -30"><span class='ocrx_word' id='word_1_86' title='bbox 66 1621 137 1698; x_wconf 88' lang='lat' dir='ltr'>quod</span> <span class='ocrx_word' id='word_1_87' title='bbox 161 1635 267 1683; x_wconf 81' lang='lat' dir='ltr'>temen</span> <span class='ocrx_word' id='word_1_88' title='bbox 290 1635 419 1704; x_wconf 87' lang='lat' dir='ltr'>propter</span> <span class='ocrx_word' id='word_1_89' title='bbox 440 1623 529 1706; x_wconf 80' lang='lat' dir='ltr'>plura</span> <span class='ocrx_word' id='word_1_90' title='bbox 554 1623 692 1684; x_wconf 76' lang='lat' dir='ltr'>aliorum</span> <span class='ocrx_word' id='word_1_91' title='bbox 717 1635 884 1682; x_wconf 76' lang='lat' dir='ltr'>nortorum</span> <span class='ocrx_word' id='word_1_92' title='bbox 907 1620 1087 1684; x_wconf 80' lang='lat' dir='ltr'>testimonie</span> 
     </span>
     <span class='ocr_line' id='line_1_13' title="bbox 66 1716 1086 1806; baseline 0.006 -30"><span class='ocrx_word' id='word_1_93' title='bbox 66 1716 174 1782; x_wconf 76' lang='lat' dir='ltr'>fastidiri</span> <span class='ocrx_word' id='word_1_94' title='bbox 195 1723 324 1804; x_wconf 87' lang='lat' dir='ltr'>nequit,</span> <span class='ocrx_word' id='word_1_95' title='bbox 350 1737 383 1783; x_wconf 90' lang='lat' dir='ltr'>et</span> <span class='ocrx_word' id='word_1_96' title='bbox 398 1723 484 1806; x_wconf 77' lang='lat' dir='ltr'>apud</span> <span class='ocrx_word' id='word_1_97' title='bbox 505 1722 647 1785; x_wconf 81' lang='lat' dir='ltr'>nostrum</span> <span class='ocrx_word' id='word_1_98' title='bbox 666 1739 699 1793; x_wconf 74' lang='grc' dir='ltr'><strong>ι.</strong></span> <span class='ocrx_word' id='word_1_99' title='bbox 717 1721 750 1792; x_wconf 80' lang='grc'>6,</span> <span class='ocrx_word' id='word_1_100' title='bbox 770 1735 803 1784; x_wconf 78' lang='lat'>2.</span> <span class='ocrx_word' id='word_1_101' title='bbox 826 1723 945 1806; x_wconf 77' lang='lat' dir='ltr'>legitur</span> <span class='ocrx_word' id='word_1_102' title='bbox 966 1719 1086 1806; x_wconf 85' lang='lat' dir='ltr'>(Ocea-</span> 
     </span>
     <span class='ocr_line' id='line_1_14' title="bbox 67 1822 1086 1912; baseline 0.009 -35"><span class='ocrx_word' id='word_1_103' title='bbox 67 1841 126 1880; x_wconf 86' lang='lat' dir='ltr'>nun</span> <span class='ocrx_word' id='word_1_104' title='bbox 146 1823 252 1912; x_wconf 85' lang='lat' dir='ltr'>nare)</span> <span class='ocrx_word' id='word_1_105' title='bbox 281 1823 321 1886; x_wconf 80' lang='lat' dir='ltr'>ad</span> <span class='ocrx_word' id='word_1_106' title='bbox 345 1843 442 1908; x_wconf 89' lang='lat' dir='ltr'>quem</span> <span class='ocrx_word' id='word_1_107' title='bbox 467 1824 577 1889; x_wconf 84' lang='lat' dir='ltr'>locum</span> <span class='ocrx_word' id='word_1_108' title='bbox 602 1825 672 1889; x_wconf 82' lang='lat' dir='ltr'>vid.</span> <span class='ocrx_word' id='word_1_109' title='bbox 700 1835 820 1888; x_wconf 80' lang='lat' dir='ltr'>notate.</span> <span class='ocrx_word' id='word_1_110' title='bbox 869 1822 956 1885; x_wconf 88' lang='lat' dir='ltr'>Dedi</span> <span class='ocrx_word' id='word_1_111' title='bbox 987 1823 1086 1910; x_wconf 68' lang='lat' dir='ltr'>igitur</span> 
     </span>
     <span class='ocr_line' id='line_1_15' title="bbox 68 1917 185 1990; baseline 0.043 -9"><span class='ocrx_word' id='word_1_112' title='bbox 68 1917 185 1990; x_wconf 76' lang='lat' dir='ltr'>Oceano.</span> 
     </span>
    </p>
   </div>
   <div class='ocr_carea' id='block_1_3' title="bbox 68 2119 1087 2730">
    <p class='ocr_par' dir='ltr' id='par_1_3' title="bbox 68 2119 1087 2730">
     <span class='ocr_line' id='line_1_16' title="bbox 211 2119 1087 2224; baseline -0.007 -28"><span class='ocrx_word' id='word_1_113' title='bbox 211 2133 242 2210; x_wconf 72' lang='lat'>5.</span> <span class='ocrx_word' id='word_1_114' title='bbox 273 2147 305 2196; x_wconf 84' lang='lat'>2.</span> <span class='ocrx_word' id='word_1_115' title='bbox 355 2141 394 2193; x_wconf 80' lang='lat' dir='ltr'>et</span> <span class='ocrx_word' id='word_1_116' title='bbox 419 2130 474 2193; x_wconf 79' lang='lat' dir='ltr'>ad</span> <span class='ocrx_word' id='word_1_117' title='bbox 499 2121 699 2224; x_wconf 82' lang='lat' dir='ltr'>insitam)</span> <span class='ocrx_word' id='word_1_118' title='bbox 749 2129 832 2192; x_wconf 82' lang='lat' dir='ltr'>Edd.</span> <span class='ocrx_word' id='word_1_119' title='bbox 859 2145 914 2192; x_wconf 87' lang='grc' dir='ltr'><strong>ιι.</strong></span> <span class='ocrx_word' id='word_1_120' title='bbox 945 2143 998 2210; x_wconf 76' lang='grc' dir='ltr'>ι3.</span> <span class='ocrx_word' id='word_1_121' title='bbox 1023 2119 1087 2222; x_wconf 77' lang='lat' dir='ltr'>sed</span> 
     </span>
     <span class='ocr_line' id='line_1_17' title="bbox 69 2221 1084 2321; baseline 0.004 -31"><span class='ocrx_word' id='word_1_122' title='bbox 69 2225 103 2286; x_wconf 75' lang='lat' dir='ltr'>ad</span> <span class='ocrx_word' id='word_1_123' title='bbox 118 2221 171 2321; x_wconf 74' lang='lat' dir='ltr'>ins.</span> <span class='ocrx_word' id='word_1_124' title='bbox 210 2231 296 2296; x_wconf 80' lang='lat' dir='ltr'>Pon.</span> <span class='ocrx_word' id='word_1_125' title='bbox 312 2232 450 2296; x_wconf 90' lang='lat' dir='ltr'>Vindob.</span> <span class='ocrx_word' id='word_1_126' title='bbox 465 2235 611 2316; x_wconf 82' lang='lat' dir='ltr'>utrinqne</span> <span class='ocrx_word' id='word_1_127' title='bbox 627 2253 685 2316; x_wconf 92' lang='lat' dir='ltr'>pro</span> <span class='ocrx_word' id='word_1_128' title='bbox 705 2245 849 2314; x_wconf 79' lang='lat' dir='ltr'>utroque.</span> <span class='ocrx_word' id='word_1_129' title='bbox 877 2249 1084 2295; x_wconf 72' lang='lat' dir='ltr'>rzecnvcrtrt.</span> 
     </span>
     <span class='ocr_line' id='line_1_18' title="bbox 71 2325 1085 2426; baseline 0.005 -37"><span class='ocrx_word' id='word_1_130' title='bbox 71 2325 141 2414; x_wconf 79' lang='lat' dir='ltr'>Lego</span> <span class='ocrx_word' id='word_1_131' title='bbox 161 2345 191 2394; x_wconf 83' lang='lat' dir='ltr'>er</span> <span class='ocrx_word' id='word_1_132' title='bbox 209 2331 251 2395; x_wconf 80' lang='lat' dir='ltr'>ab</span> <span class='ocrx_word' id='word_1_133' title='bbox 267 2330 364 2426; x_wconf 76' lang='lat' dir='ltr'>instra</span> <span class='ocrx_word' id='word_1_134' title='bbox 375 2325 528 2424; x_wconf 82' lang='lat' dir='ltr'>feritate.</span> <span class='ocrx_word' id='word_1_135' title='bbox 558 2353 758 2396; x_wconf 78' lang='lat' dir='ltr'>erurrrtrrve.</span> <span class='ocrx_word' id='word_1_136' title='bbox 811 2331 906 2395; x_wconf 87' lang='lat' dir='ltr'>Forte</span> <span class='ocrx_word' id='word_1_137' title='bbox 925 2329 966 2392; x_wconf 82' lang='lat' dir='ltr'>ab</span> <span class='ocrx_word' id='word_1_138' title='bbox 986 2333 1085 2394; x_wconf 80' lang='lat' dir='ltr'>intra</span> 
     </span>
     <span class='ocr_line' id='line_1_19' title="bbox 68 2417 1085 2526; baseline 0.009 -38"><span class='ocrx_word' id='word_1_139' title='bbox 68 2417 195 2506; x_wconf 66' lang='lat' dir='ltr'>feritate,</span> <span class='ocrx_word' id='word_1_140' title='bbox 222 2435 277 2496; x_wconf 81' lang='lat' dir='ltr'>vel</span> <span class='ocrx_word' id='word_1_141' title='bbox 299 2435 343 2496; x_wconf 81' lang='lat' dir='ltr'>ad</span> <span class='ocrx_word' id='word_1_142' title='bbox 367 2436 398 2495; x_wconf 89' lang='lat' dir='ltr'>r&#39;u</span> <span class='ocrx_word' id='word_1_143' title='bbox 415 2449 495 2496; x_wconf 80' lang='lat' dir='ltr'>ream</span> <span class='ocrx_word' id='word_1_144' title='bbox 517 2427 689 2526; x_wconf 79' lang='lat' dir='ltr'>feritatem</span> <span class='ocrx_word' id='word_1_145' title='bbox 712 2435 771 2504; x_wconf 81' lang='lat' dir='ltr'>eii,</span> <span class='ocrx_word' id='word_1_146' title='bbox 806 2447 928 2516; x_wconf 79' lang='lat' dir='ltr'>praeter</span> <span class='ocrx_word' id='word_1_147' title='bbox 949 2433 1085 2498; x_wconf 81' lang='lat' dir='ltr'>iniitem.</span> 
     </span>
     <span class='ocr_line' id='line_1_20' title="bbox 70 2527 1087 2626; baseline 0.007 -39"><span class='ocrx_word' id='word_1_148' title='bbox 70 2527 159 2596; x_wconf 82' lang='lat' dir='ltr'>Liriue</span> <span class='ocrx_word' id='word_1_149' title='bbox 182 2531 264 2622; x_wconf 83' lang='lat'><strong>[36.</strong></span> <span class='ocrx_word' id='word_1_150' title='bbox 285 2549 318 2614; x_wconf 80' lang='grc'><strong>8.</strong></span> <span class='ocrx_word' id='word_1_151' title='bbox 342 2531 399 2623; x_wconf 62' lang='lat' dir='ltr'>tp]</span> <span class='ocrx_word' id='word_1_152' title='bbox 433 2537 505 2599; x_wconf 85' lang='lat' dir='ltr'>Sive</span> <span class='ocrx_word' id='word_1_153' title='bbox 528 2535 569 2598; x_wconf 79' lang='lat' dir='ltr'>ab</span> <span class='ocrx_word' id='word_1_154' title='bbox 596 2533 694 2626; x_wconf 79' lang='lat' dir='ltr'>instra</span> <span class='ocrx_word' id='word_1_155' title='bbox 725 2531 847 2616; x_wconf 76' lang='lat' dir='ltr'>regibus</span> <span class='ocrx_word' id='word_1_156' title='bbox 870 2535 1017 2596; x_wconf 78' lang='lat' dir='ltr'>vanitate</span> <span class='ocrx_word' id='word_1_157' title='bbox 1041 2531 1087 2594; x_wconf 79' lang='lat' dir='ltr'>od</span> 
     </span>
     <span class='ocr_line' id='line_1_21' title="bbox 70 2629 1086 2730; baseline 0.007 -43"><span class='ocrx_word' id='word_1_158' title='bbox 70 2631 210 2722; x_wconf 85' lang='lat' dir='ltr'>rorrsrir&#39;rrnr</span> <span class='ocrx_word' id='word_1_159' title='bbox 225 2629 498 2730; x_wconf 79' lang='lat' dir='ltr'>specieampinm,</span> <span class='ocrx_word' id='word_1_160' title='bbox 524 2639 678 2710; x_wconf 81' lang='lat' dir='ltr'>reinone,</span> <span class='ocrx_word' id='word_1_161' title='bbox 704 2639 812 2698; x_wconf 88' lang='lat' dir='ltr'>nnt&#39;rno</span> <span class='ocrx_word' id='word_1_162' title='bbox 826 2633 961 2698; x_wconf 75' lang='lat' dir='ltr'>adiecto.</span> <span class='ocrx_word' id='word_1_163' title='bbox 995 2653 1086 2696; x_wconf 78' lang='lat' dir='ltr'>crnc-</span> 
     </span>
    </p>
   </div>
   <div class='ocr_carea' id='block_1_4' title="bbox 71 2737 1225 2821">
    <p class='ocr_par' dir='ltr' id='par_1_4' title="bbox 71 2737 1225 2821">
     <span class='ocr_line' id='line_1_22' title="bbox 71 2737 1225 2821; baseline 0.001 -30"><span class='ocrx_word' id='word_1_164' title='bbox 71 2749 184 2800; x_wconf 83' lang='lat' dir='ltr'>rourre.</span> <span class='ocrx_word' id='word_1_165' title='bbox 236 2737 313 2800; x_wconf 89' lang='lat' dir='ltr'>Non</span> <span class='ocrx_word' id='word_1_166' title='bbox 329 2739 480 2801; x_wconf 85' lang='lat' dir='ltr'>audiendi</span> <span class='ocrx_word' id='word_1_167' title='bbox 499 2737 588 2810; x_wconf 79' lang='lat' dir='ltr'>inne,</span> <span class='ocrx_word' id='word_1_168' title='bbox 615 2741 669 2821; x_wconf 86' lang='lat' dir='ltr'>qui</span> <span class='ocrx_word' id='word_1_169' title='bbox 687 2737 764 2800; x_wconf 77' lang='lat' dir='ltr'>haec</span> <span class='ocrx_word' id='word_1_170' title='bbox 779 2749 921 2806; x_wconf 84' lang='lat' dir='ltr'>mutant,</span> <span class='ocrx_word' id='word_1_171' title='bbox 947 2755 982 2797; x_wconf 85' lang='lat' dir='ltr'>eo</span> <span class='ocrx_word' id='word_1_172' title='bbox 998 2737 1087 2797; x_wconf 83' lang='lat' dir='ltr'>vitae</span> <span class='ocrx_word' id='word_1_173' title='bbox 1218 2776 1225 2792; x_wconf 91' lang='lat'><strong><em>.</em></strong></span> 
     </span>
    </p>
   </div>
   <div class='ocr_carea' id='block_1_5' title="bbox 69 2831 1088 4240">
    <p class='ocr_par' dir='ltr' id='par_1_5' title="bbox 69 2831 1088 4240">
     <span class='ocr_line' id='line_1_23' title="bbox 69 2831 1084 2934; baseline 0.006 -40"><span class='ocrx_word' id='word_1_174' title='bbox 69 2831 232 2902; x_wconf 77' lang='lat' dir='ltr'>rescribunt.</span> <span class='ocrx_word' id='word_1_175' title='bbox 291 2837 392 2934; x_wconf 79' lang='lat' dir='ltr'>Vasta</span> <span class='ocrx_word' id='word_1_176' title='bbox 419 2840 471 2901; x_wconf 84' lang='lat' dir='ltr'>hit:</span> <span class='ocrx_word' id='word_1_177' title='bbox 497 2841 649 2922; x_wconf 78' lang='lat' dir='ltr'>accipitur</span> <span class='ocrx_word' id='word_1_178' title='bbox 675 2857 734 2922; x_wconf 91' lang='lat' dir='ltr'>pro</span> <span class='ocrx_word' id='word_1_179' title='bbox 764 2839 884 2900; x_wconf 85' lang='lat' dir='ltr'>inculte</span> <span class='ocrx_word' id='word_1_180' title='bbox 907 2851 939 2899; x_wconf 85' lang='lat' dir='ltr'>et</span> <span class='ocrx_word' id='word_1_181' title='bbox 961 2835 1084 2900; x_wconf 75' lang='lat' dir='ltr'>rustice.</span> 
     </span>
     <span class='ocr_line' id='line_1_24' title="bbox 70 2931 1085 3028; baseline 0.001 -30"><span class='ocrx_word' id='word_1_182' title='bbox 70 2933 143 2998; x_wconf 80' lang='lat' dir='ltr'>Erret</span> <span class='ocrx_word' id='word_1_183' title='bbox 161 2941 268 3023; x_wconf 87' lang='lat' dir='ltr'>iraque</span> <span class='ocrx_word' id='word_1_184' title='bbox 281 2941 455 3012; x_wconf 70' lang='lat' dir='ltr'>sumanus,</span> <span class='ocrx_word' id='word_1_185' title='bbox 480 2935 540 3028; x_wconf 81' lang='lat' dir='ltr'>[ad</span> <span class='ocrx_word' id='word_1_186' title='bbox 556 2943 657 3005; x_wconf 85' lang='lat' dir='ltr'>Soiin.</span> <span class='ocrx_word' id='word_1_187' title='bbox 679 2961 705 3002; x_wconf 87' lang='lat' dir='ltr'>c.</span> <span class='ocrx_word' id='word_1_188' title='bbox 723 2953 757 3018; x_wconf 87' lang='lat'>5.</span> <span class='ocrx_word' id='word_1_189' title='bbox 775 2937 796 3003; x_wconf 80' lang='lat' dir='ltr'>i.</span> <span class='ocrx_word' id='word_1_190' title='bbox 819 2959 873 3002; x_wconf 91' lang='grc' dir='ltr'>ιι.</span> <span class='ocrx_word' id='word_1_191' title='bbox 889 2959 921 3021; x_wconf 87' lang='lat' dir='ltr'>p.</span> <span class='ocrx_word' id='word_1_192' title='bbox 941 2957 984 3000; x_wconf 88' lang='lat' dir='ltr'>en.</span> <span class='ocrx_word' id='word_1_193' title='bbox 1003 2931 1085 3024; x_wconf 75' lang='lat'><strong>37.]</strong></span> 
     </span>
     <span class='ocr_line' id='line_1_25' title="bbox 70 3038 1087 3120; baseline 0 -20"><span class='ocrx_word' id='word_1_194' title='bbox 70 3053 151 3114; x_wconf 82' lang='lat' dir='ltr'>qutun</span> <span class='ocrx_word' id='word_1_195' title='bbox 173 3043 313 3105; x_wconf 84' lang='lat' dir='ltr'>Geiiium</span> <span class='ocrx_word' id='word_1_196' title='bbox 337 3057 468 3104; x_wconf 79' lang='lat' dir='ltr'>conatur</span> <span class='ocrx_word' id='word_1_197' title='bbox 491 3044 660 3104; x_wconf 80' lang='lat' dir='ltr'>emendare</span> <span class='ocrx_word' id='word_1_198' title='bbox 681 3042 738 3104; x_wconf 88' lang='lat' dir='ltr'>lib.</span> <span class='ocrx_word' id='word_1_199' title='bbox 765 3057 820 3120; x_wconf 77' lang='grc' dir='ltr'><strong>ις).</strong></span> <span class='ocrx_word' id='word_1_200' title='bbox 844 3059 870 3102; x_wconf 85' lang='lat' dir='ltr'>o.</span> <span class='ocrx_word' id='word_1_201' title='bbox 896 3058 930 3120; x_wconf 91' lang='lat'>9.</span> <span class='ocrx_word' id='word_1_202' title='bbox 966 3038 1028 3102; x_wconf 77' lang='lat' dir='ltr'>sen</span> <span class='ocrx_word' id='word_1_203' title='bbox 1048 3059 1087 3100; x_wconf 90' lang='lat' dir='ltr'>ne</span> 
     </span>
     <span class='ocr_line' id='line_1_26' title="bbox 69 3132 1088 3238; baseline 0.01 -45"><span class='ocrx_word' id='word_1_204' title='bbox 69 3155 129 3211; x_wconf 86' lang='lat' dir='ltr'>nor,</span> <span class='ocrx_word' id='word_1_205' title='bbox 158 3142 191 3203; x_wconf 82' lang='lat' dir='ltr'>id</span> <span class='ocrx_word' id='word_1_206' title='bbox 212 3143 255 3238; x_wconf 66' lang='lat' dir='ltr'>est</span> <span class='ocrx_word' id='word_1_207' title='bbox 279 3163 389 3205; x_wconf 89' lang='lat' dir='ltr'>nomen</span> <span class='ocrx_word' id='word_1_208' title='bbox 411 3143 583 3213; x_wconf 83' lang='lat' dir='ltr'>Latinum,</span> <span class='ocrx_word' id='word_1_209' title='bbox 618 3157 782 3226; x_wconf 82' lang='lat' dir='ltr'>tamquam</span> <span class='ocrx_word' id='word_1_210' title='bbox 806 3132 956 3232; x_wconf 80' lang='lat' dir='ltr'>profecto</span> <span class='ocrx_word' id='word_1_211' title='bbox 976 3137 1088 3234; x_wconf 83' lang='lat' dir='ltr'>vostos</span> 
     </span>
     <span class='ocr_line' id='line_1_27' title="bbox 69 3236 1087 3336; baseline 0.008 -41"><span class='ocrx_word' id='word_1_212' title='bbox 69 3243 203 3316; x_wconf 88' lang='lat' dir='ltr'>quosdam</span> <span class='ocrx_word' id='word_1_213' title='bbox 219 3261 249 3306; x_wconf 84' lang='lat' dir='ltr'>et</span> <span class='ocrx_word' id='word_1_214' title='bbox 265 3236 425 3336; x_wconf 78' lang='lat' dir='ltr'>insubidas</span> <span class='ocrx_word' id='word_1_215' title='bbox 443 3241 678 3332; x_wconf 75' lang='grc' dir='ltr'><strong>ἂναφροδισίας</strong></span> <span class='ocrx_word' id='word_1_216' title='bbox 695 3243 916 3304; x_wconf 77' lang='lat' dir='ltr'>condemnetis.</span> <span class='ocrx_word' id='word_1_217' title='bbox 943 3243 1087 3324; x_wconf 75' lang='lat' dir='ltr'>Reponit</span> 
     </span>
     <span class='ocr_line' id='line_1_28' title="bbox 69 3336 1087 3436; baseline 0.01 -40"><span class='ocrx_word' id='word_1_218' title='bbox 69 3336 111 3400; x_wconf 86' lang='lat' dir='ltr'>hir</span> <span class='ocrx_word' id='word_1_219' title='bbox 130 3337 238 3436; x_wconf 80' lang='lat' dir='ltr'>naseos</span> <span class='ocrx_word' id='word_1_220' title='bbox 260 3362 292 3407; x_wconf 90' lang='lat' dir='ltr'>et</span> <span class='ocrx_word' id='word_1_221' title='bbox 312 3367 351 3407; x_wconf 86' lang='lat' dir='ltr'>ex</span> <span class='ocrx_word' id='word_1_222' title='bbox 382 3345 524 3430; x_wconf 83' lang='lat' dir='ltr'>giuliario</span> <span class='ocrx_word' id='word_1_223' title='bbox 546 3349 770 3430; x_wconf 69' lang='lat' dir='ltr'>interpretetur</span> <span class='ocrx_word' id='word_1_224' title='bbox 796 3345 884 3406; x_wconf 84' lang='lat' dir='ltr'>ievee</span> <span class='ocrx_word' id='word_1_225' title='bbox 906 3357 938 3404; x_wconf 93' lang='lat' dir='ltr'>et</span> <span class='ocrx_word' id='word_1_226' title='bbox 966 3347 1087 3414; x_wconf 83' lang='lat' dir='ltr'>inener,</span> 
     </span>
     <span class='ocr_line' id='line_1_29' title="bbox 70 3443 1087 3528; baseline 0.003 -26"><span class='ocrx_word' id='word_1_227' title='bbox 70 3447 199 3520; x_wconf 83' lang='lat' dir='ltr'>quoniam</span> <span class='ocrx_word' id='word_1_228' title='bbox 221 3449 290 3510; x_wconf 81' lang='lat' dir='ltr'>taiie</span> <span class='ocrx_word' id='word_1_229' title='bbox 306 3445 382 3510; x_wconf 83' lang='lat' dir='ltr'>eiiet</span> <span class='ocrx_word' id='word_1_230' title='bbox 403 3445 491 3510; x_wconf 78' lang='lat' dir='ltr'>vaira</span> <span class='ocrx_word' id='word_1_231' title='bbox 508 3447 595 3510; x_wconf 79' lang='lat' dir='ltr'>tibia.</span> <span class='ocrx_word' id='word_1_232' title='bbox 648 3447 709 3511; x_wconf 89' lang='lat' dir='ltr'>Sed</span> <span class='ocrx_word' id='word_1_233' title='bbox 731 3443 874 3528; x_wconf 81' lang='lat' dir='ltr'>proiecto</span> <span class='ocrx_word' id='word_1_234' title='bbox 895 3445 989 3527; x_wconf 85' lang='lat' dir='ltr'>plane</span> <span class='ocrx_word' id='word_1_235' title='bbox 1011 3463 1087 3506; x_wconf 85' lang='lat' dir='ltr'>con·</span> 
     </span>
     <span class='ocr_line' id='line_1_30' title="bbox 71 3547 1086 3633; baseline 0.008 -33"><span class='ocrx_word' id='word_1_236' title='bbox 71 3547 181 3607; x_wconf 84' lang='lat' dir='ltr'>trarium</span> <span class='ocrx_word' id='word_1_237' title='bbox 207 3547 329 3610; x_wconf 77' lang='lat' dir='ltr'>ionium</span> <span class='ocrx_word' id='word_1_238' title='bbox 358 3563 517 3633; x_wconf 87' lang='lat' dir='ltr'>expetunt</span> <span class='ocrx_word' id='word_1_239' title='bbox 543 3549 621 3611; x_wconf 77' lang='lat' dir='ltr'>haec</span> <span class='ocrx_word' id='word_1_240' title='bbox 653 3547 760 3612; x_wconf 82' lang='lat' dir='ltr'>verbe.</span> <span class='ocrx_word' id='word_1_241' title='bbox 813 3548 916 3608; x_wconf 84' lang='lat' dir='ltr'>Leree</span> <span class='ocrx_word' id='word_1_242' title='bbox 939 3547 1027 3608; x_wconf 90' lang='lat' dir='ltr'>enim</span> <span class='ocrx_word' id='word_1_243' title='bbox 1052 3557 1086 3608; x_wconf 90' lang='lat' dir='ltr'>et</span> 
     </span>
     <span class='ocr_line' id='line_1_31' title="bbox 71 3641 1085 3730; baseline 0.008 -30"><span class='ocrx_word' id='word_1_244' title='bbox 71 3641 160 3710; x_wconf 84' lang='lat' dir='ltr'>iurnee</span> <span class='ocrx_word' id='word_1_245' title='bbox 181 3649 329 3712; x_wconf 85' lang='lat' dir='ltr'>hominee</span> <span class='ocrx_word' id='word_1_246' title='bbox 351 3651 549 3714; x_wconf 79' lang='lat' dir='ltr'>delectentur</span> <span class='ocrx_word' id='word_1_247' title='bbox 571 3653 719 3720; x_wconf 77' lang='lat' dir='ltr'>conticit.</span> <span class='ocrx_word' id='word_1_248' title='bbox 751 3669 800 3720; x_wconf 82' lang='lat' dir='ltr'>ac,</span> <span class='ocrx_word' id='word_1_249' title='bbox 835 3663 872 3710; x_wconf 89' lang='lat' dir='ltr'>ot</span> <span class='ocrx_word' id='word_1_250' title='bbox 895 3649 1085 3730; x_wconf 84' lang='lat' dir='ltr'>plurimum,</span> 
     </span>
     <span class='ocr_line' id='line_1_32' title="bbox 72 3744 1087 3836; baseline 0.004 -30"><span class='ocrx_word' id='word_1_251' title='bbox 72 3744 210 3830; x_wconf 75' lang='lat' dir='ltr'>eleganter</span> <span class='ocrx_word' id='word_1_252' title='bbox 230 3765 357 3816; x_wconf 81' lang='lat' dir='ltr'>canunt.</span> <span class='ocrx_word' id='word_1_253' title='bbox 385 3771 526 3816; x_wconf 83' lang='lat' dir='ltr'>voeerve.</span> <span class='ocrx_word' id='word_1_254' title='bbox 577 3753 668 3836; x_wconf 81' lang='lat' dir='ltr'>Quae</span> <span class='ocrx_word' id='word_1_255' title='bbox 688 3755 722 3812; x_wconf 91' lang='lat' dir='ltr'>in</span> <span class='ocrx_word' id='word_1_256' title='bbox 738 3745 837 3812; x_wconf 83' lang='lat' dir='ltr'>Voffii</span> <span class='ocrx_word' id='word_1_257' title='bbox 853 3761 931 3810; x_wconf 85' lang='lat' dir='ltr'>unte</span> <span class='ocrx_word' id='word_1_258' title='bbox 951 3747 1087 3832; x_wconf 75' lang='lat' dir='ltr'>inquun-</span> 
     </span>
     <span class='ocr_line' id='line_1_33' title="bbox 73 3849 1087 3932; baseline 0.006 -26"><span class='ocrx_word' id='word_1_259' title='bbox 73 3857 111 3906; x_wconf 88' lang='lat' dir='ltr'>tur</span> <span class='ocrx_word' id='word_1_260' title='bbox 124 3871 191 3912; x_wconf 84' lang='lat' dir='ltr'>eum</span> <span class='ocrx_word' id='word_1_261' title='bbox 207 3853 326 3916; x_wconf 77' lang='lat' dir='ltr'>Melam</span> <span class='ocrx_word' id='word_1_262' title='bbox 341 3855 476 3916; x_wconf 86' lang='lat' dir='ltr'>minime</span> <span class='ocrx_word' id='word_1_263' title='bbox 493 3853 657 3922; x_wconf 81' lang='lat' dir='ltr'>adiiciant.</span> <span class='ocrx_word' id='word_1_264' title='bbox 677 3853 752 3914; x_wconf 87' lang='lat' dir='ltr'>hinc</span> <span class='ocrx_word' id='word_1_265' title='bbox 769 3849 893 3914; x_wconf 82' lang='lat' dir='ltr'>exoluti.</span> <span class='ocrx_word' id='word_1_266' title='bbox 932 3853 974 3914; x_wconf 84' lang='lat' dir='ltr'>dt</span> <span class='ocrx_word' id='word_1_267' title='bbox 989 3869 1087 3932; x_wconf 81' lang='lat' dir='ltr'>quent</span> 
     </span>
     <span class='ocr_line' id='line_1_34' title="bbox 73 3943 1086 4034; baseline 0.01 -30"><span class='ocrx_word' id='word_1_268' title='bbox 73 3943 112 4008; x_wconf 81' lang='lat' dir='ltr'>hie</span> <span class='ocrx_word' id='word_1_269' title='bbox 127 3949 237 4016; x_wconf 78' lang='lat' dir='ltr'>refutet</span> <span class='ocrx_word' id='word_1_270' title='bbox 259 3975 358 4018; x_wconf 82' lang='lat' dir='ltr'>vanae</span> <span class='ocrx_word' id='word_1_271' title='bbox 372 3955 608 4017; x_wconf 77' lang='lat' dir='ltr'>emendationir</span> <span class='ocrx_word' id='word_1_272' title='bbox 629 3955 714 4016; x_wconf 83' lang='lat' dir='ltr'>illiue</span> <span class='ocrx_word' id='word_1_273' title='bbox 734 3965 912 4022; x_wconf 69' lang='lat' dir='ltr'>turturem,</span> <span class='ocrx_word' id='word_1_274' title='bbox 935 3952 1086 4034; x_wconf 86' lang='lat' dir='ltr'>equidem</span> 
     </span>
     <span class='ocr_line' id='line_1_35' title="bbox 74 4051 1087 4140; baseline 0.004 -30"><span class='ocrx_word' id='word_1_275' title='bbox 74 4055 212 4130; x_wconf 85' lang='lat' dir='ltr'>exquirere</span> <span class='ocrx_word' id='word_1_276' title='bbox 227 4059 371 4120; x_wconf 85' lang='lat' dir='ltr'>nondum</span> <span class='ocrx_word' id='word_1_277' title='bbox 386 4059 490 4140; x_wconf 90' lang='lat' dir='ltr'>potui.</span> <span class='ocrx_word' id='word_1_278' title='bbox 525 4055 714 4120; x_wconf 81' lang='lat' dir='ltr'>Ciacconiur</span> <span class='ocrx_word' id='word_1_279' title='bbox 731 4053 863 4114; x_wconf 84' lang='lat' dir='ltr'>iimiiem</span> <span class='ocrx_word' id='word_1_280' title='bbox 879 4065 934 4114; x_wconf 84' lang='lat' dir='ltr'>aut</span> <span class='ocrx_word' id='word_1_281' title='bbox 948 4051 1031 4114; x_wconf 78' lang='lat' dir='ltr'>forte</span> <span class='ocrx_word' id='word_1_282' title='bbox 1046 4071 1087 4116; x_wconf 82' lang='lat' dir='ltr'>ex</span> 
     </span>
     <span class='ocr_line' id='line_1_36' title="bbox 73 4151 1086 4240; baseline 0.011 -33"><span class='ocrx_word' id='word_1_283' title='bbox 73 4165 139 4213; x_wconf 83' lang='lat' dir='ltr'>nexu</span> <span class='ocrx_word' id='word_1_284' title='bbox 152 4159 302 4240; x_wconf 78' lang='lat' dir='ltr'>aptiorem</span> <span class='ocrx_word' id='word_1_285' title='bbox 321 4179 361 4222; x_wconf 84' lang='lat' dir='ltr'>en</span> <span class='ocrx_word' id='word_1_286' title='bbox 376 4159 471 4222; x_wconf 86' lang='lat' dir='ltr'>Livio</span> <span class='ocrx_word' id='word_1_287' title='bbox 492 4159 601 4222; x_wconf 83' lang='lat' dir='ltr'>locunt</span> <span class='ocrx_word' id='word_1_288' title='bbox 622 4175 655 4231; x_wconf 85' lang='grc' dir='ltr'><strong>ι,</strong></span> <span class='ocrx_word' id='word_1_289' title='bbox 673 4167 734 4238; x_wconf 75' lang='grc'><strong>49.</strong></span> <span class='ocrx_word' id='word_1_290' title='bbox 750 4151 773 4218; x_wconf 87' lang='lat' dir='ltr'>i.</span> <span class='ocrx_word' id='word_1_291' title='bbox 795 4155 930 4218; x_wconf 78' lang='lat' dir='ltr'>excitare</span> <span class='ocrx_word' id='word_1_292' title='bbox 951 4167 1086 4240; x_wconf 80' lang='lat' dir='ltr'>poterat,</span> 
     </span>
    </p>
   </div>
   <div class='ocr_carea' id='block_1_6' title="bbox 0 0 1418 4936">
    <p class='ocr_par' dir='ltr' id='par_1_6' title="bbox 0 0 1418 4936">
     <span class='ocr_line' id='line_1_37' title="bbox 0 0 1418 4936; baseline 0 0"><span class='ocrx_word' id='word_1_293' title='bbox 0 0 1418 4936; x_wconf 95' lang='lat' dir='ltr'> </span> 
     </span>
    </p>
   </div>
  </div>
 </body>
</html>
