2848 4942
331 367 379 474 '43
639 351 894 454 romeonn'
915 395 1074 452 narie

339 571 394 636 Gr.
416 571 453 632 L.
478 589 511 652 p.
529 587 574 631 m.
593 579 640 648 75
655 565 718 649 sqq.
768 568 879 631 Solent
904 569 1034 650 quidem
1057 567 1168 632 Graeci
1189 567 1356 652 genitivum

336 673 506 736 terminare
521 673 555 730 in
574 693 606 741 a,
630 668 691 734 τοῦ
708 659 813 754 Τῦρα,
838 684 876 730 ut
891 670 1002 732 Strabo
1021 670 1145 752 aliique,
1166 669 1249 750 quasi
1264 670 1298 730 iit
1315 671 1355 728 in·

338 773 541 845 declinabile3
575 785 607 833 et
631 772 729 832 iidem
752 771 871 833 habent
892 767 950 836 τὸν
970 761 1092 858 Τύραν,
1118 785 1155 832 ut
1178 772 1231 837 ille
1254 771 1355 854 geniti·

335 895 400 937 vua
420 875 456 935 sit
473 875 625 944 Doricae,
651 873 736 953 quod
759 885 849 935 notat
867 873 1048 934 Eustathine
1069 873 1107 934 ad
1129 873 1166 935 Il.
1189 893 1218 942 1,
1246 892 1273 932 r.
1310 868 1354 934 Cf.

336 973 472 1038 Fischer.
503 976 537 1036 in
564 971 769 1036 animadvers.
801 973 840 1034 ad
868 975 999 1034 Weileri
1028 973 1082 1036 Gr.
1110 973 1147 1036 P.
1174 994 1203 1036 ι.
1227 994 1259 1054 p.
1280 987 1354 1052 337.

335 1075 393 1136 ubi
416 1077 489 1137 addi
511 1075 610 1158 potest
635 1074 777 1136 Eustath.
802 1075 841 1136 ad
863 1074 971 1154 odytr.
999 1095 1028 1146 r,
1058 1087 1136 1151 ¹⁰5·
1165 1095 1196 1156 p.
1223 1090 1278 1149 27,
1307 1088 1353 1146 17.

335 1175 404 1238 Bas.
441 1179 493 1240 Sic
512 1175 572 1242 τοῦ
596 1172 698 1248 Mtio,
726 1171 827 1246 Pe'ra,
853 1173 970 1239 Aineia.
1022 1176 1164 1258 Quiqnid
1181 1175 1233 1246 est,
1258 1177 1290 1236 in
1305 1176 1354 1234 La·

335 1279 411 1340 tinia
427 1277 545 1339 formae
561 1299 598 1338 as
615 1291 647 1338 et
664 1298 685 1338 a
709 1275 879 1358 promiscui
896 1276 970 1340 uiue
987 1274 1076 1339 iuiffe
1092 1277 1253 1348 videntur,
1277 1275 1354 1358 quod

334 1382 489 1442 evincunt
503 1380 626 1441 Pliniue
649 1393 682 1440 et
697 1380 836 1442 Valerius
858 1380 995 1443 Flaccus.

400 1539 547 1640 surgit
583 1549 622 1609 in
655 1546 835 1629 Neuris)
884 1547 993 1613 Cibin.
1016 1562 1097 1629 qreae
1110 1537 1235 1638 sargit;
1270 1544 1354 1606 Vine-

281 1637 283 1643 λ
333 1664 386 1712 tut
410 1650 498 1712 dedit
519 1651 573 1732 qni
586 1640 706 1740 surgit.
758 1651 845 1710 Tum
867 1651 979 1712 Venet.
1011 1649 1097 1710 (ind.
1123 1647 1303 1710 Vindobon.
1325 1647 1354 1702 in

330 1751 427 1823 carim
455 1751 554 1811 Vatic.
580 1765 612 1830 5.
634 1751 668 1810 in
688 1752 832 1823 eunuris;
858 1751 950 1835 Prag.
972 1751 1004 1811 in
1028 1747 1183 1810 Cnnmrir.
1226 1746 1355 1822 ,Graecia

331 1848 451 1938 Νεῦροι
473 1851 526 1912 vel
546 1849 675 1939 Νευροί.
726 1851 769 1912 tt
779 1843 889 1942 surgit
909 1852 1007 1935 magio
1023 1851 1063 1910 fic
1077 1846 1198 1910 concise
1217 1848 1353 1932 ponitur.

327 1951 488 2016 Librarius
511 1951 619 2016 Cibin.
645 1951 728 2036 Tyra
747 1949 943 2016 femininum
966 1953 1102 2035 putavit.

492 2158 522 2233 §.
557 2155 591 2233 8.
642 2158 696 2217 At
729 2153 828 2234 iile)
879 2155 965 2240 Lege
998 2173 1072 2216 meo
1106 2152 1267 2236 periculo:
1316 2149 1357 2213 At

325 2253 424 2348 Ister,
457 2257 513 2338 qni
538 2255 692 2338 Scythiae.
726 2274 905 2318 oenotri-n.
959 2256 1000 2316 tt
1024 2257 1120 2338 longe
1153 2256 1271 2314 melius
1301 2252 1356 2320 ilie,

327 2377 402 2418 cum
434 2354 554 2418 diversa
585 2359 728 2418 nomina·
751 2355 893 2418 subiiciat
930 2354 1130 2438 descriptioni
1167 2351 1356 2436 praemiiiae.

325 2456 400 2519 Post
422 2457 530 2520 Cibin.
546 2448 660 2548 scicie;
695 2457 833 2520 Vindob.
854 2457 981 2518 sciente.
1033 2457 1116 2520 Edd.
1137 2457 1260 2538 aliquae
1277 2453 1356 2514 male

327 2557 476 2620 distractis
500 2558 634 2620 vocibus
654 2559 724 2642 quis
740 2560 870 2641 cytieioe,
898 2571 935 2632 ut
956 2573 988 2636 7,
1014 2571 1047 2636 3,
1071 2575 1105 2638 9.

398 2727 441 2788 in
468 2726 686 2790 Germania
703 2717 933 2816 fontibus)
984 2725 1358 2804 Edd.12.14.19.in

327 2827 545 2899 Germaniam,
575 2841 696 2910 praeter
718 2843 785 2889 rem
810 2841 843 2889 et
865 2829 976 2888 invitia
996 2827 1093 2888 libris.
1147 2845 1355 2889 'rzscnvcntt

323 2929 564 3011 Dispiciendum
585 2949 624 2989 an
642 2929 703 3012 legi
726 2931 838 3010 potius
856 2928 986 2989 debeat:
1020 2925 1151 2989 Abnoba
1170 2929 1359 2988 Germaniae

322 3043 437 3098 moine,
459 3030 535 3103 ¹alio,
559 3051 653 3112 qzeom
675 3025 790 3116 definit
809 3045 869 3090 etc.
899 3047 937 3088 ex
953 3029 1059 3090 Plinio
1083 3029 1139 3088 lib.
1160 3039 1195 3107 4.
1221 3025 1271 3116 [a.
1299 3039 1356 3104 24.

228 3159 230 3162 ·
321 3126 344 3190 i'.
368 3125 445 3216 rm]
480 3129 595 3191 Iiuffua
612 3129 716 3191 Festus
738 3132 772 3188 in
791 3130 952 3190 tralatione
969 3129 1130 3208 Dionysii:
1159 3125 1300 3215 [Anien.
1324 3131 1357 3187 in

321 3227 416 3290 deser.
436 3229 521 3290 orbit
541 3243 612 3291 terr.
630 3251 663 3290 v.
681 3225 788 3316 457.]
823 3227 953 3290 Abnoba
969 3251 1056 3290 enons
1074 3229 1161 3319 Istro
1177 3242 1273 3310 pater
1294 3227 1358 3320 est,·

310 3329 412 3388 eadit
426 3327 573 3389 Abnobae
590 3329 680 3388 biatu
695 3329 843 3400 annen;
858 3330 900 3388 ,in
917 3333 1016 3390 Aenos
1037 3329 1136 3410 [eoos]
1157 3343 1262 3390 aretem
1283 3351 1356 3390 con·

318 3431 456 3489 vertitur
476 3451 562 3490 axes.
622 3429 774 3489 Meminit
800 3447 926 3508 qnoque
954 3430 1156 3491 Ptolemaeus
1185 3426 1240 3515 [2.
1275 3427 1355 3518 th]

317 3527 481 3598 Abnobae,
521 3549 615 3610 quem
646 3528 710 3612 ipse
745 3527 906 3590 Aunobam
938 3533 1095 3592 nominat.
1147 3549 1356 3598 rrn'rtanvs.

317 3629 368 3691 td
391 3630 547 3690 violentas
570 3643 602 3692 et
628 3629 800 3690 arbitrariae
823 3629 963 3690 Pintiani
985 3632 1195 3692 correctiones
1220 3647 1252 3692 et
1275 3632 1356 3694 haec

318 3731 487 3790 reiicienda
515 3730 567 3792 est.
626 3729 699 3792 Post
725 3749 782 3812 pro
812 3725 927 3822 desinit
953 3730 1026 3792 edd.
1058 3751 1085 3792 1.
1110 3747 1143 3792 a.
1169 3751 1203 3810 9.
1235 3723 1354 3823 defient

316 3827 399 3892 facili
423 3829 589 3916 scripturae
613 3829 707 3914 lapsu.

347 4015 349 4022 '
393 3999 441 4059 im
453 3998 616 4080 attonio)
667 3999 728 4060 Hic
744 3999 866 4060 codices
880 3999 973 4058 multi
993 3999 1135 4062 inserunt
1149 3991 1278 4089 spatia,
1304 4006 1357 4064 uti

315 4103 377 4164 iam
400 4101 439 4162 de
460 4099 648 4182 quibusdam
665 4113 818 4162 notarunt
833 4099 1011 4182 Stephanus
1029 4103 1063 4161 io
1086 4099 1294 4183 praefatione,
1323 4118 1358 4166 et
