2880 4940
371 465 462 526 Lm.
493 467 547 529 111.
594 465 627 526 c.
648 467 699 524 IX.
749 465 775 538 ί.
797 481 827 538 3.
974 489 978 496 ’
1059 483 1123 550 539
1203 483 1208 498 ⁸

70 643 158 706 hanc
181 661 297 706 vocem
319 653 487 714 tueantur,
519 661 619 724 eaque
639 641 713 702 alibi
736 644 833 704 etiem
859 657 1019 718 occurrat,
1051 667 1121 730 pro·

72 745 179 807 banda
206 747 319 828 utique
350 745 481 808 videtur
503 743 659 807 sententia
684 738 797 814 Volso.
832 764 892 809 nec
913 747 992 811 aliue
1016 746 1121 812 sensuc

75 845 207 911 subesse.
258 848 311 911 Sic
340 847 451 932 Virgil.
485 845 566 909 Aen.
590 866 619 916 r,
645 855 704 925 98.
727 865 805 906 voce
833 837 957 937 referre.
1009 850 1122 914 Posuit

74 949 178 1034 igitur
201 963 259 1031 pro
283 948 415 1032 simplici
440 959 680 1010 memoraverat.
738 947 862 1010 Plinius
882 949 916 1017 6,
942 951 1001 1030 56.
1020 950 1041 1016 [.
1061 967 1120 1032 31.

75 1048 182 1111 utitur
211 1049 311 1112 verbo
333 1047 492 1144 prodidit.
542 1046 713 1132 Asperitas,
748 1069 844 1130 quem
867 1048 964 1112 insert
994 1055 1122 1140 vulgate

76 1153 176 1213 lectio
192 1152 226 1212 iu
241 1149 348 1212 verbio
371 1161 545 1212 commeatu
567 1179 617 1193 —
640 1163 815 1212 memoratu
836 1148 989 1233 superiori
1012 1175 1121 1220 enten-

77 1253 208 1318 datione
222 1253 354 1326 tollitur,
377 1251 433 1315 etii
450 1265 521 1314 tum
541 1251 600 1314 alia
615 1249 753 1314 succedit
770 1253 805 1314 in
822 1251 956 1316 vocibue
969 1247 1010 1346 se
1024 1279 1121 1323 marc.

154 1457 188 1519 Ε
202 1477 222 1518 u
236 1456 291 1518 do
306 1477 330 1518 ac
344 1477 364 1517 u
378 1453 421 1538 s)
471 1453 567 1518 Paris.
585 1467 618 1536 3.
639 1453 810 1530 Eudorus,
844 1454 930 1520 Gud.
951 1451 1122 1552 Eudosus,·

79 1557 133 1621 alii
151 1573 236 1620 recto
257 1557 425 1620 Eudoxus.
469 1557 554 1620 Edu.
577 1575 609 1620 t.
635 1574 665 1618 9.
687 1575 721 1636 9.
749 1557 915 1631 cadom,-
949 1561 982 1624 6.
1003 1577 1036 1638 7.
1054 1563 1120 1624 Eu·

79 1651 188 1750 clusus.
227 1659 352 1722 Notum
377 1659 449 1721 hoc.
493 1659 558 1720 Pro
588 1657 719 1740 quidam
750 1657 937 1740 posteriores
963 1663 1120 1728 Vatlianao

81 1763 250 1824 edricum
275 1763 376 1843 iisque
400 1773 458 1839 30.
485 1773 544 1840 31.
572 1773 631 1836 39.
653 1759 771 1821 habeut
797 1759 932 1843 quidem.
985 1765 1121 1828 Videtur

83 1861 225 1926 consulto
257 1863 290 1924 id
320 1859 482 1944 recepisse,
521 1859 760 1930 fiEudoxunr,
797 1874 918 1928 mutata
958 1861 1122 1939 sententia,

82 1985 179 2046 quam
202 1977 292 2026 antea
312 1966 346 2024 in
370 1963 457 2025 notis
477 1959 679 2044 exposuerat,
710 1963 845 2025 credidit
866 1961 954 2026 suilse
977 1965 1122 2034 Platonis

82 2063 226 2153 ἑταῖρον,
252 2085 348 2148 quem
365 2063 418 2126 hic
439 2061 552 2147 passim
575 2081 806 2126 commemorat
824 2065 981 2128 celebrem
1002 2071 1124 2134 mathe-

82 2172 256 2239 maticum,
283 2169 401 2248 dequo
423 2164 554 2250 quidem
571 2167 681 2228 minuc
703 2179 775 2248 apte
796 2167 963 2231 diceretur.
1001 2171 1043 2232 At
1059 2169 1125 2234 fnit

82 2269 150 2340 hic,
177 2270 261 2352 quod
280 2281 313 2329 et
333 2288 395 2329 vox
418 2287 550 2328 avorum
570 2268 705 2336 indicat,
736 2269 815 2329 aliue
832 2269 1001 2340 Eudoxus,
1034 2275 1124 2334 navi.

83 2387 183 2456 gutur.
211 2371 250 2431 cle
267 2389 332 2452 quo
346 2369 435 2454 plura
450 2365 668 2432 resertStrabo
690 2367 744 2432 lib.
764 2385 794 2434 2.
815 2390 847 2450 p.
865 2369 922 2443 67.
940 2369 960 2433 s.
980 2385 1039 2452 98.
1062 2375 1123 2438 ubi

85 2473 215 2556 quidam
238 2473 354 2534 rectius
369 2469 549 2533 adhibetur.
587 2469 630 2530 Et
648 2467 686 2530 stc
707 2470 821 2556 legitur
838 2472 871 2532 in
888 2472 994 2536 Plinio
1013 2493 1042 2544 9,
1061 2477 1121 2552 67.

86 2573 107 2636 s.
130 2575 189 2636 66.
222 2588 254 2636 et
276 2573 434 2634 Martiano
455 2571 580 2654 Capella
603 2571 659 2632 lib.
683 2569 715 2634 6.
748 2591 779 2652 p.
806 2587 891 2636 not.
944 2575 1124 2656 Operarnm

86 2689 193 2737 tamen
217 2675 300 2737 vitio
321 2693 391 2736 earn
412 2673 625 2734 mutationem
649 2673 779 2732 inlatam
800 2687 891 2754 puto.
934 2675 1007 2738 Poll
1027 2697 1124 2760 preve

85 2777 193 2840 Havn.
215 2777 308 2861 Prag.
339 2776 437 2838 Vatic.
457 2789 490 2854 3.
514 2794 668 2836 aratrorum
688 2793 747 2856 pro
769 2795 913 2838 avorum.

161 2979 391 3042 Letlrurum
400 2977 419 3060 )
469 2979 561 3039 Varie
585 2989 754 3040 vexatura
776 2977 921 3040 librariis.
973 2981 1072 3046 Vatic.
1094 3005 1124 3048 1.

86 3081 201 3144 Venet.
231 3081 359 3170 Bonop.
385 3080 582 3151 [rathamim
618 3075 712 3140 Paris.
738 3093 771 3142 9.
799 3079 995 3154 Mthorrim
1040 3085 1124 3167 Lipi.

88 3184 196 3244 Havn.
211 3183 365 3254 latonriu,·
392 3179 478 3244 Gud.
502 3181 624 3252 tamin,
655 3181 753 3243 Vatic.
773 3193 805 3260 5.
832 3181 922 3266 Prag.
939 3183 1126 3262 Lataunru,·

87 3283 228 3346 Vindob.
253 3284 426 3368 liehdlger.
451 3281 660 3354 Latlranum3
692 3281 799 3346 Cibin.
822 3281 917 3344 Paris.
941 3299 974 3362 5.
1001 3286 1127 3349 Locha·

87 3407 183 3458 nrun,
214 3383 309 3447 Paris.
331 3405 360 3448 r.
381 3383 546 3446 Iutr'num.
599 3382 669 3444 Nec
694 3383 804 3442 mitius
829 3397 929 3468 agunt
954 3387 1125 3454 editiones.

89 3486 175 3548 Nom
196 3507 225 3550 1.
244 3501 278 3550 2.
304 3499 336 3565 5.
353 3495 387 3568 [4.
405 3497 438 3562 5.
456 3502 490 3564 9.
512 3505 568 3548 tt.
592 3483 802 3554 Laelionam
841 3501 895 3560 17.
918 3485 1128 3566 Latltarutm5

94 3601 150 3666 15.
173 3603 232 3651 9ο.
254 3603 312 3668 23.
335 3587 564 3659 &retianum
605 3587 661 3650 16.
690 3597 744 3663 18.
767 3601 825 3648 22.
848 3587 1002 3652 vadianto
1025 3591 1129 3675 Lacy-

87 3710 178 3761 ruuc,
218 3706 276 3754 ar.
310 3700 367 3768 94.
400 3699 459 3766 95.
488 3687 697 3758 Olivarianae,
729 3707 768 3748 ex
793 3687 939 3750 Varlianie
966 3703 1024 3768 32.
1053 3713 1130 3756 cum

90 3791 225 3854 Sclrotto
252 3791 449 3873 Lathyrum
489 3803 612 3852 veteres
642 3789 737 3860 aliae,
770 3789 803 3848 in
833 3789 950 3868 quibus
978 3805 1033 3872 13.
1060 3795 1130 3875 post

88 3893 235 3961 Vinetue,
260 3888 395 3962 Voffinc,
421 3893 518 3953 ceteri
534 3891 726 3952 [acturum.
759 3908 962 3953 czscnvcnc.
1002 3893 1131 3957 Laelio-

87 3991 185 4080 num)
217 3987 318 4080 [male
343 3992 416 4056 edd.
440 3991 587 4056 Gronov.
612 3985 815 4078 laesionum]
874 3992 984 4055 Scribo
1008 3995 1132 4057 Lutlru-

86 4117 173 4166 rum,
214 4096 279 4157 live
313 4095 493 4176 Lathyrum
527 4113 567 4156 ex
599 4093 725 4163 Plinio,
759 4089 821 4182 [9,
850 4087 931 4180 67.]
965 4095 1132 4172 Strabone,

86 4191 169 4286 [lib.
190 4211 246 4276 17.
268 4217 301 4281 p.
319 4205 403 4280 547.
422 4193 444 4260 l.
462 4189 566 4284 795.]
592 4195 720 4260 cotecis.
754 4195 811 4265 qni
833 4195 872 4257 de
894 4195 957 4257 hoc
978 4195 1046 4280 ipso
1067 4201 1132 4262 Eu·

717 4295 794 4362 Η
1172 4293 1175 4298 ’
