2788 4942
331 469 372 516 ἑο
629 455 878 514 POMPONII
922 457 1083 513 statae

333 619 520 721 accrescere,
546 625 632 712 qnod
651 641 718 690 trem
744 629 842 690 hiems
855 625 925 720 fit,
952 628 1035 690 aride
1057 629 1175 703 oritnr3
1206 642 1238 690 et
1256 649 1281 690 c.
1303 641 1348 704 13.

338 733 424 794 Tunc
437 733 559 813 ingenti
575 727 647 790 nrbc
661 727 788 792 celebris
802 723 869 820 Iffo
878 722 963 820 serit,
987 743 1018 790 et
1032 732 1093 791 stac
1110 753 1139 792 re
1148 728 1240 822 finus
1258 723 1349 820 sffints

333 834 463 896 dicitnr.
509 851 717 894 ctsccotttvs.
790 833 951 894 Audiendi
981 852 1047 894 non
1079 831 1163 902 snut,
1201 833 1251 913 qui
1284 833 1349 889 hanc

331 937 503 998 lectionem
523 933 699 996 sollicitant.
736 933 820 1006 Cum
837 935 924 995 enim
947 955 1020 1018 ager
1043 934 1097 996 ille
1120 955 1211 1015 quant
1230 933 1348 992 maxime

332 1039 367 1098 in
392 1057 478 1100 mare
505 1051 667 1117 procurrat
698 1047 730 1097 et
756 1038 953 1116 promineat,
994 1049 1079 1096 recte
1112 1033 1349 1118 promuntorium

332 1139 459 1200 dicitur.
487 1157 629 1200 vosstvs.
681 1139 832 1198 l'intiano
849 1139 945 1198 etiam
963 1137 1018 1196 hic
1034 1153 1162 1198 eatenus
1178 1135 1350 1216 obsequutus

332 1239 376 1302 est
398 1239 566 1309 Schottus,
601 1251 636 1296 nt
659 1259 774 1298 vocem
799 1259 875 1318 ager
898 1239 1078 1300 stridoribus
1098 1239 1210 1300 litteris
1234 1249 1347 1297 notaret.

332 1340 424 1403 Nihil
436 1355 552 1405 tamen,
568 1339 796 1400 reluctantibus
811 1341 898 1400 libris
915 1339 1077 1410 omuibus,
1093 1341 1280 1400 mrrtandum
1295 1335 1348 1404 elle,

332 1443 427 1504 duret
449 1443 537 1502 locus
554 1441 728 1510 Strabonis,
755 1441 809 1501 ubi
832 1435 949 1526 χώραν
966 1439 1078 1503 diserte
1094 1457 1200 1508 vocat,
1228 1439 1272 1500 sed
1288 1455 1348 1517 «psat

331 1542 414 1604 sacro
430 1545 653 1624 promontorio
671 1542 853 1604 adhaeserit.
882 1545 930 1603 Ex
946 1545 983 1602 iis
1000 1556 1115 1608 tamen,
1135 1563 1216 1624 qnae
1232 1542 1268 1602 de
1282 1545 1348 1600 llrte·

331 1645 462 1713 midori,
489 1645 603 1704 oculati
626 1643 720 1712 testis,
747 1643 956 1726 descriptione
976 1641 1149 1727 subiungit,
1174 1643 1347 1723 intelligitur,

330 1747 364 1808 iu
390 1747 446 1806 tria
464 1765 583 1806 cornua
606 1749 866 1826 promontorium
889 1745 965 1804 illud
989 1745 1194 1826 procurrisse,
1227 1741 1347 1825 quantit

329 1847 392 1930 ipss
414 1865 447 1906 re
471 1861 504 1908 et
527 1847 683 1908 divisione
708 1846 790 1906 illesa
812 1847 850 1908 sb
871 1847 939 1908 aliis
960 1849 1136 1929 discrepare
1156 1849 1291 1913 videtur,
1317 1843 1346 1900 de

329 1967 394 2030 quo
417 1949 484 2009 Vol.
506 1965 537 2010 a.
591 1949 690 2032 Quod
712 1949 933 2010 Artemidorus
955 1944 1077 2034 uncidin
1102 1945 1181 2034 cpia
1203 1959 1296 2010 vocat,
1318 1943 1346 2001 ds

330 2069 369 2112 co
393 2049 436 2108 ibi
457 2047 579 2110 disserit
602 2049 817 2112 Casaubonus.
870 2051 1046 2132 Vtrumque
1061 2069 1137 2110 vero
1157 2047 1237 2110 sorte
1254 2045 1303 2106 suit
1321 2045 1345 2100 in

269 2184 277 2202 ι
328 2147 402 2219 usti,
439 2151 566 2212 Cuneus
588 2173 663 2230 ager
685 2163 717 2212 et
744 2152 878 2213 Crederes.
942 2151 989 2212 lta
1020 2171 1096 2212 vero
1124 2171 1188 2212 nec
1212 2143 1346 2212 ciat-eonii

327 2251 556 2314 emendatione
572 2273 651 2334 opus
668 2251 725 2322 est,
752 2253 806 2314 etli
830 2265 954 2334 poterat
971 2253 1085 2312 addere
1106 2253 1216 2312 locum
1235 2265 1262 2330 3,
1281 2253 1345 2327 54·

328 2355 454 2414 Tuetnr
478 2373 593 2414 vocem
618 2350 682 2435 ipse
699 2353 801 2424 Mela,
835 2355 913 2414 dum
933 2367 993 2431 tres
1010 2353 1103 2415 urbes
1119 2355 1156 2414 iu
1175 2373 1214 2414 eo
1231 2365 1346 2412 corone

327 2467 448 2524 morat,
487 2455 534 2514 uti
560 2467 644 2516 recte
671 2468 778 2518 contra
810 2455 995 2518 Pintianum
1026 2457 1161 2516 monuit
1194 2455 1295 2516 Florez
1319 2449 1344 2506 in

327 2555 450 2638 Espsina
473 2557 605 2641 Ssgtada
624 2557 664 2618 T.
687 2571 741 2636 13.
763 2577 794 2637 p.
814 2571 872 2619 20.
925 2557 997 2618 Poll
1020 2557 1111 2640 Prag.
1132 2575 1280 2638 maguum
1296 2547 1345 2634 qvi

327 2657 397 2719 dem
418 2659 568 2730 usserium-
593 2655 688 2722 Paris.
713 2659 847 2720 ridicule
868 2657 953 2742 qnod
973 2657 1084 2718 utiliter
1103 2655 1163 2752 ιβ.

272 2929 277 2946 ,
402 2859 584 2942 Myrtili,
610 2852 758 2950 Balsa)
799 2862 849 2922 De
867 2859 957 2924 MSS.
976 2859 1263 2922 haectl.Gronov.
1286 2857 1345 2916 Duo

326 2961 551 3036 Mirtr'it'balt'05
576 2963 690 3043 reliqui
706 2961 931 3044 Myrtilibnsr'o,
948 2963 1001 3022 vel
1015 2961 1255 3043 Myrtilr'baseo,·
1278 2957 1346 3018 Cist-

231 3115 240 3132 ,
326 3082 398 3126 con.
416 3065 522 3145 Myrti
545 3065 636 3136 aseae
663 3065 760 3125 Vatic.
785 3085 813 3126 ι.
836 3065 942 3126 Cibin.
965 3063 1137 3146 liehdiger.
1162 3065 1271 3123 Venct.
1295 3055 1370 3133 Μιη

325 3163 445 3226 diolan.
468 3165 535 3225 duo
562 3167 586 3227 1.
607 3164 768 3227 Gronovii
790 3167 824 3226 in
846 3164 960 3246 quibus
984 3163 1069 3226 Gud.
1094 3163 1168 3248 (sed
1188 3163 1254 3223 vid.
1277 3159 1347 3218 dein·

325 3262 419 3345 ceps)
438 3263 670 3358 Myrtilibalio,·
710 3265 805 3329 Paris.
828 3287 855 3328 ι.
881 3279 913 3344 3.
939 3265 1124 3327 Vindobou.
1147 3265 1233 3326 (iud.
1259 3261 1346 3322 Hara·

325 3363 411 3446 Lips.
435 3365 650 3439 mittilibasioe
682 3369 780 3428 Vatis.
799 3381 830 3447 3.
854 3365 1072 3449 myrtisibasis,·
1100 3367 1194 3449 Prsg.
1219 3359 1306 3427 Pstis.
1322 3373 1347 3420 a.

326 3463 535 3538 mirtisidalis,
568 3487 650 3530 narr.
674 3468 708 3528 iu
730 3469 780 3530 ed.
801 3485 859 3548 27.
881 3487 938 3550 29·
958 3467 1113 3550 Myrtilis.
1166 3465 1249 3528 Edd.
1271 3483 1298 3526 t.
1322 3474 1346 3518 2·
1368 3451 1369 3483 ¹

327 3579 362 3645 3·
387 3577 423 3647 4·
456 3581 490 3646 5·
520 3585 554 3648 9.
587 3587 643 3631 tt.
669 3567 882 3644 mirtilsbalio‚·
935 3581 967 3647 5.
999 3565 1222 3651 myrtilisrasio;
1264 3565 1294 3627 6·
1320 3573 1345 3632 7·

327 3679 362 3744 8.
392 3689 447 3730 ιο.
477 3681 531 3744 ι5.
559 3685 613 3744 ι7.
638 3687 696 3733 ao.
719 3685 776 3750 23.
809 3673 943 3734 Vinctus
963 3669 1116 3751 Myrtilis,
1147 3657 1269 3759 Balsa,·
1299 3673 1368 3752 15.

325 3761 604 3860 MirtilisBalsa,·
640 3789 695 3834 ιι.
724 3783 779 3850 ι4.
806 3771 860 3838 ι6.
891 3785 945 3850 18.
975 3788 1031 3850 19.
1056 3787 1115 3832 at.
1139 3783 1200 3831 Μ.
1225 3777 1277 3846 24·
1300 3755 1368 3835 ΒΜ

325 3870 457 3938 liadian.
481 3871 619 3934 Olivarr.
640 3873 803 3944 Schottus,
826 3869 961 3942 Voffius,
988 3883 1049 3949 40.
1071 3869 1228 3951 Mirtylis,
1244 3852 1346 3950 Balsa:

325 3980 387 4052 4¹·
427 3983 488 4052 42.
527 3986 647 4035 ceterae
684 3975 813 4056 Myrtili
851 3966 965 4066 Balsa.
1005 3989 1210 4034 rzscttvcnc.
1279 3961 1345 4026 sni·

324 4072 471 4134 bendum
493 4075 648 4156 Myrtilis,
670 4069 772 4166 Bessa
792 4097 831 4138 ex
851 4075 969 4145 Plinio,
993 4071 1049 4163 [4,
1069 4086 1125 4152 55.
1143 4071 1165 4134 s.
1185 4062 1264 4155 aa]
1286 4065 1345 4128 Pto·
1366 4087 1367 4181 y

325 4175 460 4249 lemaco,
484 4171 541 4266 [2,
562 4168 620 4264 5.]
647 4176 826 4251 Antonino,
849 4169 1101 4267 [p.m.431.]
1125 4173 1249 4237 ceteris.
1278 4179 1343 4228 sss·

1355 4615 1365 4885 l
