2784 4944
351 446 440 502 ΗΒ.
469 445 506 500 11.
550 443 583 502 C.
611 443 662 504 tv.
705 443 731 514 §-
754 441 784 502 6.
805 457 835 514 7.
1049 461 1113 528 ³¹9

73 641 131 701 qne
151 619 221 682 flue
240 617 450 702 ndipiratione
464 637 531 682 non
547 639 563 680 r
580 618 706 683 Graecia
728 615 847 692 fotum,
875 617 925 684 ied
942 633 974 680 et
990 621 1112 688 huno

72 722 275 804 iniptoribue
293 719 449 790 adfertur,
475 720 530 781 etfi
547 723 581 782 in
597 721 647 782 hie
664 715 772 802 pnffirn
791 721 864 784 libri
882 725 1021 796 nuent.
1048 723 1113 786 vel·

72 827 117 882 uti
138 827 174 884 in
198 823 299 884 Livio
321 843 348 886 c.
370 823 392 884 l.
426 821 581 885 Cicerone
597 823 637 882 de
658 823 728 907 lege
742 826 859 908 agrario
878 839 909 896 2,
929 837 986 904 52.
1004 823 1026 888 i.
1052 845 1110 908 pro

72 926 225 986 Cluentio
248 943 280 986 c.
300 942 337 1003 9.
374 923 434 986 lul.
459 923 573 1006 Obseq.
603 943 630 986 c.
657 939 714 996 71.
768 926 884 986 inveni
918 929 997 988 edeo
1023 927 1110 1009 apud

72 1027 248 1087 Gruterum
273 1045 306 1106 p.
328 1033 410 1103 249,
434 1037 468 1101 5.
493 1026 526 1086 in
550 1025 653 1086 tabule
668 1025 805 1088 Traiano
829 1027 990 1090 Hadriano
1010 1029 1112 1114 dicate

74 1119 291 1216 iiceanmsn,
328 1125 486 1186 Theatrum
505 1125 642 1206 Apulum
664 1127 760 1188 etiam
778 1147 816 1190 ex
838 1127 944 1211 lapide
960 1131 1111 1210 producit

71 1228 215 1290 Orteiiue
238 1230 276 1290 in
293 1225 371 1288 thei.
388 1225 541 1312 flengni.
561 1247 594 1290 r.
617 1227 770 1297 Teanum.
797 1241 829 1290 et
842 1231 882 1290 iic
898 1227 1018 1311 semper
1035 1251 1110 1293 curn

69 1329 283 1410 adspiratione
306 1327 369 1390 hoc
387 1347 506 1390 nomen
530 1328 618 1390 dedit
637 1331 672 1388 in
690 1330 844 1392 Cicerone
864 1331 997 1394 Ernesti.
1047 1332 1109 1394 lm·

68 1431 178 1512 probat
202 1445 316 1492 tamen
331 1429 510 1520 Stephanae
533 1427 602 1491 iuis
625 1431 764 1514 graviter
781 1449 819 1490 ex
841 1431 1002 1494 literarum
1026 1433 1112 1496 ordi·

68 1554 122 1600 ne.
152 1534 284 1614 quippe
306 1531 361 1611 qui
386 1531 482 1592 hebet
506 1525 641 1594 Treuir.
692 1533 745 1594 Sic
767 1531 919 1618 Peuting.
951 1533 1013 1596 ub.
1039 1535 1110 1600 ci.

68 1637 118 1694 etii
142 1630 266 1695 vitiose
292 1631 475 1711 teneopuim
516 1646 565 1702 et,
600 1631 684 1714 quod
711 1653 778 1696 uon
806 1633 877 1696 lere
904 1651 1109 1698 momentum

68 1737 169 1806 addit,
209 1734 327 1804 numi,
359 1735 399 1794 de
421 1733 538 1814 quibu·
560 1735 627 1796 vid.
654 1731 775 1794 liniche
798 1735 873 1798 Lex.
898 1755 989 1798 num.
1016 1739 1055 1800 T.
1075 1747 1108 1814 5.

67 1836 102 1898 P.
121 1857 152 1902 t.
174 1857 213 1919 p.
232 1847 309 1912 705
328 1832 368 1914 iq.
393 1848 426 1896 et
439 1833 561 1896 Eckhel
583 1837 615 1896 in
639 1836 781 1896 doctrina
797 1857 889 1898 nrrrn.
912 1837 948 1900 P.
970 1859 998 1898 t.
1021 1839 1057 1899 V.
1078 1857 1110 1902 t.

66 1959 96 2020 p.
126 1953 213 2014 ¹¹7·
271 1937 378 2019 Quare
398 1955 469 1996 eom
489 1937 585 1996 etiem
609 1935 758 1998 reiiciunt
780 1938 841 1998 viri
868 1939 966 2006 docti,
999 1937 1054 2002 etii
1075 1941 1110 2002 in

67 2039 131 2121 ipio
153 2049 317 2100 contextu
336 2035 525 2098 diesentiunt
541 2033 660 2118 pnffim.
714 2037 785 2100 Vid.
806 2037 935 2100 Vrsinus
949 2041 986 2100 ad
1005 2039 1108 2104 Cicer.

1 2201 2 2206 ,
68 2161 123 2223 pro
141 2139 304 2204 Cluentio
328 2157 354 2200 c.
373 2136 431 2216 69.
469 2137 659 2200 Garatoniue
680 2137 719 2198 ad
741 2139 881 2202 eundem
898 2139 937 2200 de
958 2141 1027 2226 lege
1044 2161 1110 2227 agr.
1218 2217 1222 2228 Ι

70 2259 102 2312 2,
125 2257 185 2320 31.
205 2239 229 2302 f.
257 2253 292 2299 et
312 2257 369 2320 pro
387 2239 540 2300 Cluentio
562 2259 588 2300 c.
608 2256 642 2318 9.
676 2240 785 2322 Sigon.
802 2241 842 2302 ed
858 2241 929 2301 Liu.
949 2261 981 2320 9,
1000 2259 1056 2310 oo.
1073 2253 1109 2322 4.

69 2341 239 2404 Drekenb.
273 2340 311 2401 ad
341 2341 481 2401 eundem
503 2353 562 2419 23,
587 2355 643 2417 24,
666 2351 700 2416 5.
741 2341 846 2402 Suriu
867 2355 900 2403 et
925 2343 1108 2430 Weffeliug.

70 2445 106 2504 ad
127 2443 293 2506 Antonin.
315 2441 421 2502 itiner.
450 2462 482 2524 p.
505 2459 586 2506 121.
608 2437 630 2502 s.
671 2441 881 2524 Oudendorp.
907 2443 946 2504 ad
971 2443 1109 2528 Obsequ.

1 2547 2 2564 ¹
72 2547 134 2608 ni.
180 2544 253 2628 Qui
276 2555 381 2603 tomen
406 2541 463 2602 sint
483 2541 573 2612 libri,
600 2561 638 2604 ex
661 2543 778 2624 quibus
795 2543 944 2606 Schottue
970 2565 1112 2609 courme-

71 2659 171 2708 moret
201 2645 354 2713 Tiarntm,
381 2647 508 2728 ignoro.
561 2643 693 2706 Videtur
715 2645 802 2704 idem
821 2645 860 2706 ab
879 2643 1004 2707 Ortelio
1025 2667 1110 2710 ecce·

69 2749 158 2828 pide,
194 2744 308 2827 quiid
329 2765 356 2806 c.
379 2745 400 2808 Ι.
429 2745 588 2814 adfirmat,
623 2744 807 2826 Meiamque
837 2747 952 2808 errorie
979 2747 1110 2820 incuset,

67 2849 122 2908 niii
145 2851 191 2910 ita
219 2847 342 2930 legatur
357 2845 452 2906 etiam
472 2847 506 2906 in
528 2847 667 2926 antiquie
690 2847 808 2908 numie.
860 2847 961 2908 Recte
976 2849 1109 2928 quidem

69 2949 144 3020 hoc,
177 2967 258 3010 cum
273 2947 366 3006 nomi
387 2965 454 3008 non
470 2945 573 3008 solum
599 2947 749 3016 Tiorrum,
776 2945 825 3008 sed
843 2961 875 3008 et
894 2949 1036 3010 Tooumn
1057 2971 1110 3012 ex·

69 3051 200 3112 hibennt
221 3061 343 3132 praeter
364 3047 507 3110 uiitetem
522 3045 715 3131 scripturam,
740 3049 787 3108 uti
804 3049 921 3110 docent
939 3047 1057 3112 Raiche
1077 3065 1110 3114 et

70 3151 206 3214 rethel.
230 3169 276 3212 cc.
296 3149 329 3212 ll.
378 3148 451 3210 Post
474 3148 558 3212 oud.
578 3149 684 3212 omifit
706 3147 843 3232 oppido,
869 3163 902 3213 et
925 3151 1110 3218 vindobon.

68 3249 172 3313 scribit
199 3269 392 3332 gregarium.

238 3455 268 3530 ς.
297 3465 330 3527 7.
380 3451 539 3533 Apulo)
590 3451 678 3512 Libri
696 3451 835 3534 quidem,
861 3468 897 3516 nt
916 3451 1020 3538 supra,
1045 3453 1110 3534 Ap·

68 3553 153 3633 puio.
194 3554 283 3614 Tum
298 3553 350 3616 ed.
371 3566 427 3631 15.
445 3551 480 3613 V
479 3555 527 3614 rio
534 3573 544 3626 ς
571 3551 711 3616 Vindob.
728 3555 887 3626 incirrtus3
914 3553 996 3636 Lipi.
1015 3555 1106 3638 Prng.

69 3656 169 3718 i'otic.
194 3668 230 3730 3.
257 3653 378 3714 modico
393 3645 526 3743 suatim
553 3653 659 3717 Cibin.
676 3645 813 3746 specim
841 3655 979 3718 Vindob.
1001 3657 1108 3736 pirna·

68 3778 124 3838 qne
151 3745 289 3846 aspum
335 3755 427 3838 Prog.
454 3753 613 3838 piereque;
653 3757 705 3818 ed.
729 3756 832 3840 Lugd.
860 3757 966 3834 1605.
990 3771 1022 3818 et
1046 3769 1105 3836 58.

70 3861 232 3918 omittunt
263 3854 359 3918 verbe
384 3847 477 3946 asper
506 3849 643 3944 acceffir,
678 3869 711 3919 et
742 3857 850 3920 Cibin.
877 3857 930 3918 dot
959 3851 1106 3946 accessus.

69 3961 224 4022 Ceterum
245 3957 328 4018 hanc
351 3955 563 4020 narrationem
584 3979 650 4020 non
673 3958 815 4020 distincte
841 3957 909 4020 satir
932 3957 1015 4020 Mein
1037 3957 1108 4020 iub·

68 4062 131 4121 iicit
151 4059 435 4144 praecedentibus.
469 4057 521 4120 sed
542 4060 720 4142 explicandi
736 4057 838 4122 formo
858 4059 1004 4127 exhibet.
1032 4079 1107 4121 cum

69 4175 173 4226 tamen
187 4163 227 4224 ad
244 4179 368 4223 novum
385 4161 493 4224 locum
507 4175 613 4244 aperte
629 4163 858 4244 progrediatur.
888 4161 993 4246 Quare
1012 4163 1107 4224 etiam
