2788 4942
305 406 326 466 6
617 407 861 466 eontrorttt
897 407 1057 463 Mittin

308 577 421 644 sentiat
444 580 573 644 liberate
593 580 775 651 Britannia,
808 593 840 644 et
856 581 897 642 iic
914 581 1026 644 alterni
1049 581 1132 642 inter
1147 599 1197 642 ere
1218 578 1276 641 ssnt
1297 597 1337 639 eo

308 683 416 746 ceffue.
456 685 547 744 Hanc
567 685 729 768 geminant
747 681 850 744 Melae
872 685 1168 766 interpretationem
1188 681 1338 764 ignoravit

308 781 451 856 volitur,
477 799 514 846 ut
535 787 628 866 plene
650 800 735 866 petet
752 805 790 846 ex
813 783 1008 866 Appendice,
1033 782 1157 866 prorius
1179 801 1257 864 qune
1280 781 1337 842 rino

308 885 430 948 diversa
444 885 518 948 fecit
535 887 629 957 Mela,
655 885 867 948 confundene.
903 887 1025 948 stolida
1042 885 1084 946 ett
1102 887 1202 969 igitur
1217 897 1249 944 et
1263 901 1339 962 pare·

306 989 423 1071 phreiie
444 983 587 1048 Voffiene
601 1001 634 1052 et
651 987 757 1052 lectio.
807 989 913 1050 Etiam
932 986 1056 1070 reposui
1072 1007 1111 1047 ex
1132 985 1222 1048 MSS.
1239 987 1338 1064 ingens

307 1087 529 1180 infinitumque
543 1089 682 1170 pelagus,
706 1109 773 1150 non
790 1101 827 1149 ut
842 1089 952 1156 edunt,
974 1101 1005 1150 et
1021 1081 1195 1178 infinitum.
1224 1105 1247 1148 r.
1266 1103 1338 1144 otro·

308 1209 437 1252 uovrre
461 1181 600 1252 innota
620 1189 792 1285 pesseriori.
843 1191 891 1252 lta
907 1191 1036 1272 quidem
1057 1187 1162 1250 senine
1179 1187 1251 1255 loci.
1274 1205 1337 1266 qna·

307 1291 372 1354 lem
394 1292 467 1351 libri
490 1291 659 1362 exhibent,
701 1289 868 1373 expeditne
893 1291 937 1353 est
964 1291 1001 1352 ed
1030 1311 1152 1351 nexum
1180 1285 1335 1370 eptiffime.

308 1393 400 1454 Vidit
415 1394 613 1474 aliquatenus
627 1395 805 1462 Pintianus‚
828 1392 879 1454 [ed
896 1413 963 1454 non
986 1391 1153 1474 perspexit,
1177 1393 1249 1471 quia
1265 1387 1335 1449 forte

307 1487 349 1557 τὸ
371 1495 523 1578 nequead
544 1493 789 1577 sequenturque
810 1491 1013 1556 referendum
1032 1493 1091 1554 effe
1112 1505 1248 1574 putaret.
1285 1491 1336 1548 Ex·

309 1595 394 1676 cepit
414 1610 519 1656 tumen
541 1596 708 1667 Schottue,
743 1615 782 1656 ex
805 1597 896 1657 cuiue
918 1595 1063 1657 editione
1087 1593 1129 1654 stc
1158 1591 1255 1656 refert
1274 1591 1335 1652 Ber·

306 1695 397 1758 thiue
415 1697 450 1758 in
466 1695 619 1760 adversar.
641 1707 696 1776 14,
719 1715 775 1761 12.
798 1717 831 1780 p.
848 1695 933 1774 767.

384 1897 587 1982 alternis)
622 1899 731 1964 Cibin.
756 1899 896 1970 ulterius,
922 1900 966 1962 ite
981 1915 1088 1962 tamen
1105 1915 1146 1960 ut
1162 1891 1203 1964 τὸ
1221 1920 1241 1960 u
1255 1895 1332 1960 obelo

306 2013 450 2073 notaret;
482 2003 657 2084 liehdiger.
678 2001 826 2075 uicerint,-
856 2005 945 2084 priue
966 2005 1063 2064 etiam
1087 2003 1168 2063 dant
1192 2001 1262 2064 edd.
1287 2007 1330 2073 t5·

310 2117 367 2165 tto·
386 2115 443 2181 25.
466 2115 522 2180 25.
546 2104 609 2165 elio
627 2122 732 2166 errore
749 2104 800 2166 ed.
825 2121 880 2183 ¹9·
904 2104 1036 2166 alternis
1058 2097 1185 2194 offibus.

383 2303 500 2387 toto)
537 2303 678 2368 Omififfe
701 2307 853 2369 videntur
869 2325 908 2367 ex
924 2307 1027 2370 Codri.
1045 2307 1146 2369 varic.
1162 2325 1192 2368 ι.
1209 2298 1294 2365 Parii.
1304 2312 1329 2377 3.

306 2417 340 2466 et
356 2405 465 2468 Hovn.
497 2427 570 2468 curn
595 2409 792 2469 editionibus
815 2409 891 2469 inde
912 2430 928 2469 u
951 2410 1053 2489 prima
1076 2408 1113 2468 ari
1141 2420 1202 2484 ‘4¹-
1235 2407 1265 2464 in
1283 2418 1330 2480 qttfl

307 2511 473 2568 revocavit
489 2509 514 2569 l.
535 2507 718 2570 Gronovius
733 2530 771 2571 ex
788 2509 888 2578 libris,
913 2511 1027 2590 inquit,
1053 2507 1227 2570 veteribus.
1261 2502 1329 2565 iieii·

308 2609 363 2689 qui
380 2623 464 2671 certe
478 2611 544 2671 mei
565 2608 748 2694 agnoscunt,
775 2629 834 2672 nec
847 2613 954 2672 renuit
971 2612 1010 2671 de
1027 2609 1089 2671 [uie
1105 2611 1146 2670 A.
1164 2604 1330 2672 Gronovius

307 2709 344 2769 in
369 2709 465 2772 huius
490 2711 554 2772 loci
586 2715 790 2792 repetitione.
831 2731 1033 2773 περιποιεῖ..
1089 2710 1173 2771 Toto
1204 2699 1329 2788 impetu)

186 2832 192 2841 ·
308 2809 397 2872 Haec
420 2811 463 2872 eii
489 2832 562 2873 vera
590 2827 685 2892 atque
709 2815 831 2895 integra
858 2814 1029 2894 Pomponii
1060 2809 1227 2892 scriptura,
1259 2803 1330 2866 unde

221 2919 225 2928 '
308 2913 409 2996 vulgo
432 2911 610 2974 subducunt
636 2933 749 2975 vocem
776 2915 929 2994 primam,
968 2933 1063 2995 quem
1088 2913 1249 2974 stabiliunt
1270 2902 1330 2966 libri

308 3027 445 3076 veteres.
480 3035 503 3075 r.
531 3033 740 3078 ottonovrve.
791 3016 953 3077 Desiderat
969 3019 1079 3096 utique
1096 3013 1148 3075 vie
1163 3005 1330 3073 narrationis

308 3127 342 3174 et
363 3135 465 3178 nexue
485 3117 598 3198 aptior.
654 3115 728 3180 Post
747 3115 837 3202 Preg.
861 3117 984 3179 omittit
1005 3118 1055 3187 in,
1087 3114 1196 3178 Cibin.
1219 3113 1268 3172 dat
1286 3101 1330 3168 ubi

307 3235 449 3278 nomina.

378 3409 497 3510 sint)
548 3421 586 3484 A.
611 3421 795 3484 Gronovius
816 3441 856 3484 ex
879 3419 972 3486 MSS.
991 3409 1199 3512 reiensem,
1229 3414 1273 3477 uti
1295 3427 1328 3472 ex

308 3521 390 3582 meis
411 3521 529 3583 hahent
549 3521 633 3606 Ltpt.
658 3537 690 3585 et
710 3523 801 3607 Preg.
828 3519 985 3606 possitque
1008 3525 1103 3584 etiam
1128 3523 1231 3583 locum
1251 3531 1328 3577 occu·

308 3641 400 3705 pate;
435 3625 592 3684 omittunt
614 3626 707 3706 plane
724 3627 864 3686 Vediano
881 3626 961 3686 duce
982 3637 1036 3701 18.
1056 3640 1114 3688 21.
1133 3639 1190 3684 22.
1208 3628 1260 3696 24·
1281 3620 1327 3686 25·

310 3725 479 3795 Vedianae‚
510 3725 719 3796 Olivarianae,
751 3727 895 3794 vinetus,
927 3726 1089 3810 schottus,
1120 3719 1247 3790 Vedius,
1274 3725 1323 3794 40·

310 3835 372 3904 41.
393 3837 454 3904 42.
474 3828 640 3888 revocavit
656 3827 855 3912 lieinoldiue‚
880 3829 1080 3888 retinuerunt
1100 3826 1206 3886 ceteri.
1251 3818 1323 3878 Tum

309 3925 383 3989 edri.
406 3928 438 3990 6.
466 3943 499 4003 7.
525 3940 558 4003 3.
588 3949 642 3991 ro.
666 3941 722 4004 15.
749 3943 804 4002 17.
826 3945 883 3993 20.
905 3943 960 4008 25.
983 3929 1018 3988 in
1041 3927 1160 3998 medio,·
1192 3925 1273 4002 Prag.
1292 3929 1323 3973 ex

311 4027 424 4090 media.
462 4027 527 4092 Pro
544 4021 650 4120 rursus
665 4029 749 4091 Gud.
767 4029 858 4114 Prag.
881 4021 1011 4120 uersum,
1033 4049 1090 4111 pro
1106 4029 1186 4090 redit
1199 4023 1263 4085 edri.
1278 4024 1321 4090 ¹5·

312 4145 372 4195 no.
398 4141 457 4210 25.
488 4131 603 4194 reddit.
655 4133 745 4193 Tum
770 4131 805 4192 in
831 4131 1005 4218 Rehdiger.
1033 4129 1146 4192 absunt
1169 4126 1255 4191 verbe
1277 4122 1323 4178 atti
