2836 4940
325 419 387 496 apt
628 411 871 472 tollitomt
905 415 1061 472 ntem

324 611 346 652 a
368 585 479 652 Colirle
501 585 546 648 ari
575 585 709 649 Taunum
733 601 819 650 reeta
834 578 919 682 suut
941 589 1046 653 Utora.
1098 589 1216 651 Plinius
1236 587 1284 650 lib.
1298 588 1324 650 6.

325 711 393 775 etp.
416 707 471 770 19.
499 684 540 776 [l.
559 683 639 776 nm]
674 689 734 751 set
749 692 886 752 omniurn
901 692 934 751 r'rr
954 691 1053 752 India
1071 713 1239 770 propatruo
1252 688 1324 749 nodo

325 793 358 855 in
373 793 433 854 ltoe
450 803 556 853 tractu
580 791 756 869 potentiam
777 791 1016 875 claritatemque
1036 791 1219 854 aertecedunt
1233 787 1324 881 Prasii,

324 887 514 985 ampliffirua
538 890 612 953 urbe
642 886 852 982 ditrffimaqua
876 893 1082 968 Palibothra‚·
1118 894 1196 955 unde
1220 893 1326 976 puidam

323 989 428 1088 ipsam
446 1007 568 1078 gentem
587 991 790 1056 Palibothros
803 1007 932 1066 voerrut,
958 997 1021 1056 imo
1034 1017 1109 1058 vero
1129 1009 1258 1058 tractum
1275 995 1325 1054 nui·

321 1089 445 1188 versum
466 1118 488 1158 a
510 1095 630 1176 Gange.
664 1113 877 1158 cttccotttve.
931 1099 1023 1159 Forte
1046 1098 1230 1183 legendnm:
1262 1096 1325 1157 (irat

324 1209 468 1260 terranea
489 1197 616 1258 (soliaco
636 1197 681 1258 ad
706 1197 846 1278 Gangem
864 1197 1034 1268 Pollioni,
1063 1221 1086 1260 a
1104 1200 1212 1280 Gange
1229 1197 1268 1258 ad
1285 1199 1323 1256 ln·

323 1299 398 1360 dum
417 1290 567 1388 Nyffaer',
598 1296 651 1360 uit
673 1301 789 1378 tnagis.
817 1313 965 1381 quarunt
987 1298 1168 1372 habitetur,
1190 1297 1325 1389 exaestuat

322 1421 362 1464 ex
383 1401 490 1462 Plinio
511 1399 565 1460 lib.
582 1401 614 1463 6.
638 1419 704 1482 cap.
729 1419 779 1480 ¹9·
804 1395 846 1488 [l.
866 1393 944 1486 η]
973 1403 1159 1465 Ptolemaeo
1182 1396 1227 1488 [c.
1246 1395 1281 1486 l.]
1302 1413 1325 1460 et

322 1504 433 1566 Solino
456 1523 522 1586 cap.
540 1513 596 1579 55.
615 1497 656 1592 [l.
674 1497 754 1584 [μὴ]
775 1521 812 1562 ex
829 1503 945 1583 quibua
961 1505 1177 1572 convincitur.
1199 1501 1326 1564 Palibotri

320 1606 541 1674 retinendum,
571 1605 646 1664 licet
665 1601 879 1665 Pattbornmu
900 1601 1064 1666 substituat
1085 1607 1263 1676 Pintiannt;
1288 1621 1326 1663 ut·

321 1707 371 1768 ius
392 1707 560 1768 lectionem
583 1706 796 1774 nonnemo,
823 1709 1009 1786 reponentit
1028 1707 1144 1769 Colida
1161 1725 1216 1791 pro
1237 1702 1324 1766 totta

320 1827 495 1870 ecuorure.
546 1811 573 1868 A
601 1806 711 1888 Gange
743 1805 786 1866 ad
815 1805 931 1868 Colida
955 1803 1087 1898 Nysti.)
1152 1811 1195 1870 Et
1218 1808 1283 1868 haec
1301 1817 1326 1865 et

320 1907 474 1991 superiora
490 1908 526 1968 etl
544 1909 639 1970 fidem
656 1921 801 1968 veterum
819 1909 1047 1990 exemplarium
1062 1911 1254 1973 reduximus.
1277 1906 1327 1968 Ob·

319 2007 476 2072 servatum
492 2009 523 2069 iu
546 2007 647 2090 ipsum
664 2009 830 2080 Pintieuo,
856 2029 952 2091 quem
969 2009 1068 2072 secuti
1088 2009 1161 2072 snut
1179 2012 1239 2073 alii.
1279 2007 1327 2070 sat·

317 2111 431 2174 maline
458 2125 563 2172 tanuen
589 2105 647 2196 [ad
672 2111 771 2172 Solin.
795 2131 821 2172 o.
841 2124 901 2189 55.
926 2110 1020 2189 [52.
1045 2133 1079 2194 p.
1103 2134 1148 2178 m.
1167 2105 1264 2198 783.]
1288 2110 1327 2170 hio

318 2209 461 2274 defendit
476 2207 558 2302 Nyfi
577 2229 635 2292 pro
657 2208 752 2301 Nyfii
773 2213 896 2284 iudico,
923 2227 959 2274 nt
980 2216 1135 2294 loquitur.
1161 2231 1246 2296 typo.
1284 2213 1326 2271 Vr

315 2333 387 2375 rum
407 2333 479 2374 cum
501 2313 562 2372 ium
580 2309 698 2392 Nylam
719 2316 929 2386 memoravit,
962 2317 1038 2396 quid
1064 2335 1150 2399 opus
1167 2315 1271 2396 Nyfiot
1287 2311 1326 2373 uel

315 2416 427 2498 inepto
448 2413 603 2477 vocabulo
629 2413 749 2494 Nyloe,
781 2416 889 2478 denuo
915 2415 1100 2480 recensere?
1153 2416 1243 2480 Abest
1262 2411 1326 2493 Nyle

315 2537 409 2599 quem
425 2511 604 2600 longillime
623 2515 660 2576 ab
674 2517 737 2576 hoe
754 2529 865 2581 tractu.
904 2519 1050 2599 Denique
1065 2521 1148 2600 quid
1164 2519 1219 2580 libi
1234 2517 1326 2578 volunt

316 2617 492 2701 sequentia:
539 2613 593 2677 ubi
617 2619 734 2698 magis,
771 2639 865 2700 urtam
890 2631 928 2678 ut
959 2617 1140 2691 habitetur,
1176 2617 1326 2711 exaestuat,

315 2733 405 2782 atrae
425 2727 585 2800 genuerat
605 2717 835 2802 quodammodo
851 2719 1040 2802 Aethiopes?
1092 2722 1156 2783 vbi
1174 2741 1239 2783 non
1259 2719 1327 2779 habi·

313 2835 398 2883 tatur
413 2822 520 2890 ludia,
545 2811 708 2901 qttomodo
729 2823 792 2880 illic
807 2835 889 2882 atrae
904 2819 976 2882 lunt
993 2824 1130 2906 genter?
1168 2823 1251 2884 Talia
1271 2837 1329 2904 pro·

313 2920 397 2985 lecto
418 2923 494 2984 haec
512 2919 597 2991 lunt,
623 2935 658 2982 ut
674 2921 890 2984 confirtotione
909 2942 977 2984 non
999 2937 1124 3006 egeant.
1179 2928 1242 2986 lam
1263 2939 1326 2983 vero

314 3025 399 3104 quini
419 3023 531 3085 Colida
547 3024 678 3092 adtinet,
701 3025 767 3084 eine
783 3025 996 3106 promontorii
1014 3024 1107 3086 litum
1124 3027 1187 3086 iam
1204 3023 1328 3104 superine

313 3123 516 3185 ollendimue.
567 3123 693 3184 Praeter
712 3126 773 3184 iam
794 3125 831 3186 ab
852 3125 919 3186 aliie
939 3126 1063 3198 allator,
1095 3129 1244 3188 meminit
1263 3141 1329 3205 qno·

311 3245 372 3307 qne
395 3225 478 3285 illine
501 3225 702 3286 Ptolemaeus
723 3221 776 3312 [7.
797 3222 850 3314 t.]
873 3227 907 3286 iu
927 3229 1049 3288 extimo
1071 3229 1194 3289 Aureae
1211 3222 1328 3288 Cherso-

309 3327 374 3388 nell
397 3345 508 3388 corun.
562 3323 645 3386 Nam
664 3347 726 3406 qno
743 3328 814 3388 loco
830 3327 911 3408 apud
935 3328 1025 3387 illum
1043 3329 1160 3412 legitur
1182 3324 1326 3390 Malaita

311 3425 417 3491 κῶλον
440 3419 538 3514 ἄκρον
558 3427 731 3510 legendnm
748 3429 789 3490 eii
806 3425 962 3492 Maloiou
983 3449 1057 3492 aar.
1079 3425 1153 3507 ἐκβ.
1173 3444 1206 3492 et
1222 3426 1326 3489 deinde

309 3527 429 3594 lieilou
456 3523 566 3605 rinnau
620 3529 710 3614 Vrbis
741 3551 816 3592 vero
844 3530 920 3590 huic
952 3533 1181 3612 promuntorio
1214 3525 1329 3590 vicinae
1382 3577 1383 3594 ,

309 3651 428 3694 nomeu
460 3632 502 3693 eli
532 3625 639 3693 nolu
665 3633 747 3713 apud
775 3635 914 3692 etrntlem
946 3631 1178 3696 Ptolemaeum.
1233 3629 1324 3694 Colon

307 3737 413 3814 itaque
440 3733 525 3794 (iulia
549 3746 580 3792 et
601 3731 706 3793 Colias
733 3733 875 3794 eltrudem
905 3736 1115 3812 promontorii
1138 3733 1181 3795 est
1203 3751 1320 3794 nomen.
1382 3785 1383 3794 2

307 3836 524 3898 intimavero
548 3834 684 3915 populun
700 3832 802 3894 Colici
822 3847 853 3894 et
869 3833 987 3895 Coliaci
1006 3837 1199 3897 dicebantur.
1238 3831 1321 3892 Valde
1382 3835 1383 3848 ³

308 3953 412 3998 autern
434 3952 514 3995 errat
528 3935 699 4001 satnufius.
726 3955 827 4014 quum
847 3935 1000 4002 Coliacos.
1029 3938 1182 3997 ludorum
1202 3947 1320 4020 gentem

304 4033 554 4102 remotillnnam.
579 4055 651 4096 eum
667 4037 756 4096 Colit
772 4037 866 4096 Ponti
884 4037 1001 4095 Euxini
1022 4038 1132 4097 accolie
1154 4033 1317 4098 confundit.

305 4141 388 4226 Quie
408 4140 495 4200 enim
512 4157 577 4200 uon
595 4138 717 4208 videet,
743 4138 837 4199 verba
860 4137 913 4200 itta
935 4139 1089 4221 Stephani
1105 4133 1215 4202 titillor
1239 4132 1320 4206 litui
