2848 4942
356 465 398 529 73
657 452 901 512 ronroun
944 455 1108 512 necte

357 629 493 714 pignore
512 627 655 712 depofito
671 629 734 714 leg.
751 629 992 692 contenderim:
1028 627 1066 694 V
1063 643 1078 692 t
1093 628 1231 726 antistat
1242 620 1345 720 specie
1359 655 1366 689 ι

358 729 511 802 moribus,
538 751 615 792 eura
636 728 691 821 fi.
745 731 842 816 Quod
862 733 885 792 fi
906 751 974 794 non
997 733 1146 814 impetro,
1178 732 1305 794 aliunde
1328 733 1366 791 hu

356 831 507 917 irrepsrffe
537 831 684 896 efficiam.
719 852 901 896 aenorrvs.
959 831 1110 898 Moribus
1142 833 1241 895 datur
1271 847 1366 894 rectur

357 935 455 998 estet
479 935 631 1017 probum.
684 936 810 998 Iudices
836 935 933 997 decue
959 935 1057 1006 istud.
1092 949 1129 996 ut
1153 936 1304 997 mulieres
1329 955 1366 995 un

357 1057 431 1100 cum
448 1037 525 1099 viris
543 1035 606 1100 iuis
626 1035 830 1118 sepeliantur,
855 1037 1003 1098 tribuunt
1023 1057 1091 1098 non
1113 1035 1233 1098 formae
1254 1037 1307 1098 vel
1328 1057 1366 1120 gn

357 1141 434 1212 tiae,
461 1159 575 1200 verum
593 1139 753 1208 moribus,
787 1157 905 1220 nempe
927 1151 1024 1220 pront
1044 1158 1189 1220 quaeque
1211 1159 1282 1221 erga
1302 1158 1366 1197 mar

355 1255 427 1302 tum
455 1239 485 1302 se
510 1239 634 1325 gofferit
656 1255 689 1302 et
712 1255 835 1302 morata
857 1238 962 1303 fuerit.
996 1259 1137 1302 vossrvs.
1197 1241 1312 1309 Recte,
1338 1255 1366 1300 et

357 1343 564 1405 Burmannus
586 1341 690 1424 postea
705 1343 743 1403 ed
759 1344 863 1406 Servii
878 1341 974 1403 verba
993 1343 1033 1403 ad
1052 1343 1162 1426 Virgil.
1179 1345 1257 1404 Aen.
1275 1354 1309 1416 5.
1330 1355 1366 1419 95

357 1447 434 1507 Fuit
466 1445 543 1505 hnec
572 1446 725 1505 maiorum
756 1435 947 1534 consuetudo
978 1443 1103 1506 Schotti
1134 1445 1365 1505 emendationer

356 1547 471 1608 adstrui
490 1544 575 1626 poffe
596 1533 731 1627 putavit.
781 1543 896 1608 Sensus
917 1543 970 1605 hic
991 1545 1050 1606 est:
1083 1545 1267 1608 Secundum
1288 1563 1366 1604 mon

355 1647 550 1712 eiudicibus
567 1645 718 1707 sententia
739 1643 847 1710 fertur.
898 1646 1008 1708 Mores
1028 1659 1136 1708 antem
1158 1647 1197 1706 de
1218 1645 1310 1708 bonis
1327 1667 1366 1705 mr

354 1749 443 1812 ribus
467 1763 500 1809 et
526 1747 665 1810 honestis
694 1747 781 1830 saepe
813 1762 988 1831 ponuntur.
1028 1749 1101 1810 Vid.
1125 1747 1269 1810 Gronov.
1294 1745 1366 1807 obse

356 1865 437 1914 vett.
463 1871 490 1920 ι,
510 1863 567 1928 23.
588 1871 620 1931 p.
642 1866 721 1930 192.
755 1851 930 1912 Burmann.
946 1851 984 1911 ad
1007 1849 1107 1912 Ovid.
1124 1849 1216 1911 Trin.
1234 1862 1266 1926 5.
1283 1851 1318 1918 6,
1334 1858 1366 1926 [μ

355 1954 557 2032 maximoque
579 1953 613 2012 in
635 1949 763 2014 feminis
785 1952 964 2014 laudantur.
1018 1951 1090 2013 Vid.
1110 1951 1253 2013 Gronov.
1283 1971 1313 2021 1,
1341 1957 1366 2010 rt

355 2075 388 2138 p.
409 2067 489 2132 133.
512 2073 539 2114 c.
555 2053 576 2114 Ι.
627 2053 677 2123 Si,
705 2053 791 2134 quod
814 2054 960 2124 videtur,
990 2053 1194 2114 Herodotum
1217 2066 1250 2114 et
1271 2051 1326 2112 hic
1345 2072 1366 2110 e:

355 2151 473 2239 preffit‚
499 2155 541 2214 ita
565 2153 618 2215 ille
639 2167 672 2231 5,
689 2165 722 2231 5.
751 2147 819 2242 ἥτις
840 2143 965 2218 αὐτέων
989 2147 1139 2233 ἐφιλέετο
1161 2148 1312 2242 μάλιστα
1332 2145 1366 2214 int

355 2255 417 2321 τοῦ
443 2249 565 2342 ἀνδρός.
619 2257 748 2317 Solinus
772 2275 800 2318 c.
826 2256 848 2318 l.
878 2277 960 2338 qnae
984 2247 1133 2344 feminae
1162 2269 1286 2316 tenaces
1312 2247 1366 2345 sen

354 2357 550 2442 pudicitiam
574 2369 608 2417 et
624 2355 662 2417 src
684 2355 788 2438 postea
810 2355 942 2449 castitas
958 2369 1096 2418 notatur.
1152 2355 1202 2419 cf.
1221 2357 1260 2418 do
1277 2359 1366 2417 eoder

354 2479 444 2523 more
464 2457 576 2521 Cicero
602 2457 695 2519 Tuic.
719 2459 784 2541 Qu.
812 2469 844 2535 5,
869 2474 927 2534 27.
976 2457 1083 2520 Valer.
1107 2457 1194 2521 Max.
1220 2477 1250 2527 2.
1275 2457 1309 2528 6,
1339 2477 1365 2520 1.

355 2565 405 2625 Ita
421 2579 499 2622 vero
522 2561 620 2622 etiam
638 2557 761 2620 concise
787 2579 816 2629 ι,
841 2575 894 2630 re,
911 2567 946 2638 4.
962 2555 1053 2650 fleus
1073 2553 1179 2654 efficit.
1216 2557 1300 2620 infra
1325 2581 1365 2640 pr

355 2661 414 2724 bue
432 2675 621 2724 vocantura
642 2661 737 2724 Mela.
790 2660 866 2722 Non
886 2663 984 2744 igitur
1005 2675 1084 2730 erat,
1119 2681 1176 2721 cur
1199 2661 1274 2722 haec
1298 2661 1365 2722 veri

355 2763 494 2848 suspecta
516 2762 646 2824 haberet
667 2763 830 2831 schottus,
848 2763 1026 2843 nuteriam
1045 2763 1271 2824 minutioribus
1291 2764 1364 2823 liter

354 2867 497 2929 distinxit
517 2868 552 2925 in
575 2865 729 2927 editione.
782 2863 850 2926 Nec
874 2865 973 2948 magis
1000 2863 1082 2924 bene
1103 2843 1272 2944 sequentia'
1285 2885 1364 2925 eme

354 2969 455 3032 davit.
494 2969 664 3048 Vtriusque
684 2967 748 3028 loci
764 2967 925 3050 vulgatam
945 2965 1116 3026 lectionem
1132 2987 1171 3026 ex
1187 2964 1242 3024 usu
1258 2967 1364 3026 alioru‘

354 3069 521 3150 Melasque
542 3068 696 3130 brevitate
717 3081 825 3130 contra
845 3067 1018 3130 Sclrottum
1035 3064 1171 3128 adseruit
1195 3067 1345 3130 Gronov.

354 3169 524 3234 obiervntt.
553 3189 582 3242 1,
609 3171 664 3233 16.
690 3191 723 3253 p.
747 3189 793 3234 m.
823 3183 890 3248 133
909 3167 952 3250 sq.

387 3365 390 3370 ’
429 3373 469 3433 in
495 3372 568 3433 hoc
594 3370 893 3454 contenditur)
942 3367 995 3436 To*
1015 3372 1050 3432 in
1073 3373 1190 3434 excidit
1211 3373 1245 3433 in
1263 3373 1316 3434 ed.
1338 3388 1360 3434 α

353 3473 544 3537 ciacconius
569 3473 701 3532 coniicit
727 3473 853 3558 legend.
883 3474 943 3534 hoe
972 3473 1162 3536 conceditur.
1214 3475 1362 3557 Languid

352 3576 375 3636 sr
401 3595 543 3636 connexa
564 3574 749 3656 perpendas.
802 3575 887 3636 Cum
910 3574 961 3635 hic
979 3575 1064 3636 Mela
1086 3589 1193 3657 aperte
1212 3577 1322 3657 paullo
1346 3595 1362 3636 c

351 3677 470 3762 piofius
493 3675 580 3737 istam
601 3676 868 3758 disceptationem
884 3674 1094 3757 persequatur,
1116 3677 1256 3736 reddidit
1277 3695 1361 3738 uoce

351 3779 596 3860 praecedentem
621 3779 799 3838 certamine.
851 3777 997 3838 offendit
1019 3775 1101 3838 forte
1123 3779 1174 3848 in,
1208 3799 1285 3838 cum
1309 3779 1361 3838 alit

351 3879 408 3939 ubi
429 3878 647 3940 contentionis
667 3877 753 3938 causa
776 3879 942 3949 indicatur,
968 3881 1042 3939 addi
1062 3877 1160 3938 soleat
1182 3878 1230 3940 de.
1285 3881 1351 3940 Sed

351 3980 436 4042 nolis
459 3979 574 4042 eodem
596 3976 684 4040 sensu
708 3979 761 4039 hic
787 3979 925 4049 dictum.
959 3977 1054 4061 poffis
1076 3982 1136 4040 lroc
1157 3981 1189 4039 in
1213 3977 1360 4039 accusati*

352 4081 541 4166 intelligere.
568 4094 601 4141 et
624 4081 778 4162 explicare
798 4093 929 4160 propter
949 4081 1018 4148 noc.
1050 4081 1110 4140 hoc
1128 4077 1267 4170 confluo,
1296 4101 1360 4160 qua

351 4185 421 4244 rim
456 4177 566 4265 paffim
598 4181 694 4244 habet
723 4181 875 4264 particula
906 4182 958 4253 in,
1002 4182 1042 4244 de
1074 4201 1136 4263 qua
1168 4181 1326 4244 Dukerus
1358 4205 1360 4240 ι
