2810 4944
324 413 386 482 lta
622 408 868 468 rourourr
910 409 1075 466 tracte

323 577 428 644 Africa
451 585 636 655 nominant;
673 585 956 655 animadverteret,
984 596 1016 646 et
1043 584 1096 646 illo
1115 582 1258 648 Africam,
1281 577 1335 640 hoc

324 684 488 766 Europam
512 685 711 746 occidentem
728 685 834 746 versus
850 688 945 748 liniri.
999 687 1057 748 Hie
1078 688 1118 747 ita
1139 685 1248 768 politic,
1272 699 1334 741 cum

323 797 407 846 terra
429 787 550 846 dicatur
572 787 683 848 Latine
705 789 790 867 elugi
813 789 901 854 urori.
930 808 1067 868 cumque
1084 786 1194 848 fretum
1208 783 1335 844 sttPotu·

322 891 425 970 ponio
456 892 559 950 totum
583 889 661 948 illnrl
687 909 808 950 marea
832 890 928 971 Calpe
950 891 988 950 erl
1014 891 1144 951 lunonis
1165 904 1256 966 utque
1275 901 1335 964 pro·

323 992 542 1058 montorium,
575 991 773 1071 lrnrlaturqne
796 1005 954 1072 praeterea
984 993 1021 1052 ad
1044 991 1231 1056 Mellariam,
1262 1003 1336 1066 prae·

324 1093 403 1152 clare
428 1091 629 1172 Pomponius
652 1105 684 1151 et
708 1093 816 1152 illustri
839 1091 992 1153 brevitate
1019 1097 1135 1175 patriae
1161 1089 1227 1150 luae
1254 1085 1335 1145 suum

323 1189 481 1276 exprell'tt,
507 1207 602 1274 atque
625 1193 706 1252 uude
727 1215 783 1254 uos
798 1185 909 1282 sunaus
927 1196 1070 1274 cingente
1082 1185 1174 1284 fretu
1190 1188 1333 1252 Mellaria.

321 1295 403 1356 lllurl
421 1297 516 1356 etiarn
536 1293 721 1356 sententiam
743 1295 876 1356 nollranr
894 1297 1022 1356 videtur
1042 1297 1238 1362 confirmare,
1261 1287 1335 1368 quod

321 1397 539 1480 Pomponius,
573 1417 648 1457 curn
677 1397 840 1458 enumerat
872 1397 1005 1480 oppida,
1040 1417 1121 1478 quae
1146 1415 1229 1457 oraru
1252 1391 1336 1453 totius

321 1495 395 1560 l'reti
411 1513 575 1578 occupant,
605 1499 732 1580 lingulis
747 1515 798 1559 eae
813 1500 1056 1560 coniunctiones
1072 1497 1244 1580 praeponit,
1268 1508 1335 1572 quar

320 1601 388 1660 viro
415 1601 584 1686 copulpndi
610 1597 739 1662 liabent.
799 1600 908 1680 Itaque
934 1601 1023 1660 nullo
1046 1603 1146 1660 modo
1175 1599 1238 1660 lieri
1264 1589 1336 1673 polle

319 1701 467 1769 videtur,
506 1713 542 1760 ut
565 1702 651 1760 locos
680 1701 749 1768 ille,
784 1712 816 1759 et
843 1722 938 1782 quam
970 1701 1149 1762 transvecti
1173 1721 1210 1759 ex
1236 1686 1336 1786 Africa

319 1803 489 1862 Phoenices
508 1799 673 1872 lrnbitnnt,
700 1804 740 1862 de
758 1801 882 1863 Carteia
904 1803 1088 1884 accipiatur,
1117 1821 1176 1864 nec
1197 1801 1264 1866 ille,
1291 1794 1336 1874 qni

320 1904 469 1985 deinceps
496 1902 650 1988 sequitur,
687 1917 782 1984 atque
812 1904 893 1962 unde
920 1925 976 1963 tros
999 1897 1115 1993 sumus
1142 1918 1201 1964 etc.
1251 1894 1337 1980 Quod

319 2017 425 2064 autern
455 2004 598 2074 affertur,
642 2005 661 2060 fi
693 2005 852 2065 Mellariae
877 2019 979 2066 natur.
1004 2003 1110 2066 futffet
1140 2001 1335 2082 Pomponius·

318 2097 567 2195 Mellarieufim,
606 2119 673 2164 oon
707 2105 846 2176 Melam,
880 2107 1117 2166 nominandum
1156 2105 1231 2176 elle;
1272 2101 1337 2162 haec

317 2209 418 2268 oratio
438 2226 496 2290 pro
521 2221 607 2267 certo
631 2219 663 2266 et
683 2207 843 2287 explorato
869 2205 980 2276 sumit,
1010 2210 1205 2292 cognomina
1228 2218 1337 2265 tantum

316 2309 441 2377 aloco,
472 2307 527 2366 ubi
552 2311 623 2388 qnia
640 2321 730 2368 natus
748 2309 799 2376 fit,
833 2311 898 2388 peti
919 2309 1052 2378 debere,
1085 2311 1175 2390 quod
1196 2302 1339 2390 perablur·

221 2491 224 2496 Ι
316 2410 393 2468 dum
419 2411 511 2491 plane
539 2409 627 2477 ellet‚
664 2421 718 2469 aut
741 2411 873 2469 nomina
897 2403 1007 2471 ἐθνικοὶ
1035 2409 1160 2492 semper
1183 2405 1254 2472 κατ’
1274 2403 1338 2468 lvr-

315 2507 434 2592 λογίαν
458 2531 497 2572 ex
517 2513 627 2590 primis
647 2511 832 2571 nominibus
856 2513 1049 2592 oppidorum
1070 2512 1176 2582 flecti,
1210 2509 1289 2592 qood
1310 2507 1339 2564 in

315 2605 465 2700 alleffuua
488 2625 520 2672 et
541 2613 759 2682 Mamertinis,
793 2613 827 2672 iu
854 2613 967 2691 Capua
987 2627 1020 2674 et
1046 2612 1226 2693 Campanis
1248 2609 1336 2670 mullo

315 2715 405 2774 aliter
428 2715 557 2774 evenire
582 2715 678 2774 Varro
705 2708 759 2800 [7.
788 2725 842 2789 18,
868 2707 949 2798 gu]
978 2712 1144 2788 observat;
1180 2727 1233 2776 aut
1256 2727 1339 2775 certer

312 2815 398 2896 quorl
425 2818 606 2896 proximum
629 2813 688 2880 est,
722 2817 852 2875 nomina
878 2809 988 2876 ἐθνικά
1012 2820 1224 2878 contractiora
1250 2809 1339 2874 nomi·

312 2917 409 2978 nibue
431 2917 623 2998 oppidorum
647 2914 705 2976 elle
728 2935 794 2976 non
817 2917 918 2996 polle,
948 2917 1033 2997 quod
1059 2931 1169 2979 tamen
1193 2923 1338 2978 incertum

312 3017 373 3078 elle
397 3017 465 3078 latia
486 3019 584 3078 multa
607 3017 780 3086 declarant,
812 3031 848 3076 ut
869 3017 985 3078 Graece
1006 3013 1092 3103 Κρὴς
1115 3039 1132 3078 a
1154 3015 1281 3106 Κρήτη,
1310 3023 1339 3074 et

312 3119 425 3178 Latine
447 3110 551 3204 Creffo
568 3139 583 3178 a
602 3121 715 3187 Creta,
750 3132 782 3180 et
804 3107 897 3204 Θράξ
920 3113 984 3181 ἀπὸ
1004 3120 1062 3202 τῆς
1083 3115 1220 3208 Θράκης
1239 3133 1271 3178 et
1291 3115 1340 3175 La-

311 3222 378 3280 tine
405 3219 547 3278 Tamna
568 3219 705 3278 Thracio
721 3233 753 3280 et
772 3221 827 3280 alia
845 3220 1047 3292 liuiusmodi3
1074 3219 1127 3281 led
1152 3243 1194 3282 ne
1216 3221 1338 3302 diligen·

310 3321 375 3380 tius
391 3321 424 3379 in
440 3319 493 3380 ista
510 3321 683 3400 inquiram,
713 3340 822 3382 nonne
843 3323 909 3383 steri
926 3321 1042 3401 potest,
1069 3335 1105 3380 ut
1123 3325 1213 3384 idem
1231 3337 1340 3403 cogno·

311 3423 399 3482 mirre
416 3421 522 3482 Melae
540 3422 754 3501 appellaretur,
780 3423 863 3502 quod
883 3437 947 3482 erat
967 3425 999 3483 in
1019 3421 1171 3504 Hispanla
1190 3425 1340 3489 usitatum,

310 3535 343 3584 et
366 3522 568 3582 Mellarienlia
590 3522 663 3582 ellet
689 3526 804 3602 patriae
827 3525 966 3606 origine,
1005 3539 1045 3584 ut
1070 3527 1158 3605 apud
1183 3545 1244 3588 noe
1273 3521 1341 3583 Sola

311 3637 342 3685 et
367 3623 469 3692 Soler,
495 3625 550 3702 qui
569 3623 826 3685 Sollarr'aenatue
845 3611 890 3686 stt.
942 3627 979 3685 lo
1004 3645 1085 3706 quo,
1112 3639 1151 3686 ut
1175 3629 1210 3686 in
1232 3642 1341 3708 cogno·

308 3725 398 3786 ruine
416 3724 536 3793 Melae,
566 3745 667 3784 unum
690 3724 716 3794 l,
744 3739 775 3785 at
795 3727 828 3785 in
852 3729 984 3788 nomine
1005 3722 1127 3806 ἐθνικῷ
1148 3728 1341 3810 duplicatum

310 3821 520 3914 Sollertenfin
552 3829 644 3886 utin
669 3823 889 3916 Mellarieufis.
934 3847 1132 3890 turdumve
1157 3830 1192 3889 in
1215 3825 1342 3922 opssolu

308 3927 353 3990 ad
377 3927 542 3987 Sclwttum
564 3949 596 4010 p.
622 3940 706 4004 521.
739 3929 772 3988 in
795 3929 846 3990 ed.
870 3929 908 3990 Α.
933 3928 1076 3992 Gronov.
1095 3941 1218 4008 ⁴174&
1276 3929 1344 3988 Titt-

309 4041 438 4110 gentera
464 4027 592 4108 plurimi
621 4029 761 4099 codices,
796 4030 881 4090 unde
910 4028 1110 4092 Calaubonus
1140 4027 1203 4118 [ad
1225 4029 1344 4096 Strabo·

309 4151 384 4192 nem
405 4129 460 4191 lib.
480 4143 512 4209 3.
536 4151 567 4214 p.
589 4151 634 4194 m.
651 4132 710 4210 96.
729 4129 750 4194 i.
775 4125 875 4218 r4o.]
904 4129 1037 4195 faciebat
1055 4131 1154 4214 Tingi
1175 4133 1343 4200 contraria,
