2848 4942
347 479 390 546 50
651 469 891 528 oonronrr
930 469 1092 526 aronae

346 665 504 728 peronam.
557 643 621 708 Alii
645 647 768 708 codices
790 645 958 714 omittunt,
988 645 1171 727 expulitque
1193 640 1328 708 Voffiur
1351 645 1376 706 ia

348 749 522 830 qnenribos
543 749 621 809 aliia.
657 767 863 810 rzscrrvcrra.
913 751 1017 829 Atque
1032 759 1067 807 ut
1085 747 1141 807 dia
1162 769 1313 828 pecorum
1339 747 1376 807 do

347 847 443 930 rant)
496 850 684 932 Legendum
719 851 824 930 pecori
856 847 986 910 durant.
1033 865 1234 910 rrn‘rranve.
1309 849 1376 910 Con

346 951 441 1032 paolo
475 965 547 1011 anre
572 971 715 1030 pecorum
747 949 957 1018 meminiffet,
996 969 1063 1010 non
1093 948 1153 1010 fuir
1185 949 1311 1012 neceffe
1342 951 1372 1008 hi

345 1051 447 1113 statim
472 1053 587 1112 iterum
610 1053 735 1114 addere.
789 1051 896 1136 Quare
918 1053 1092 1136 legendum
1114 1067 1212 1133 puto:
1241 1066 1339 1134 arque
1358 1073 1375 1110 n

345 1153 402 1213 ida
423 1153 615 1234 perdoceant,
642 1155 692 1214 ita
717 1151 879 1246 historiar
897 1169 957 1216 etc.
998 1153 1051 1216 sic
1066 1153 1105 1214 de
1120 1153 1290 1236 Euphrate
1310 1165 1376 1232 5,8

350 1253 428 1314 Toni
448 1251 573 1316 Arabas
593 1245 762 1343 ingreffirs,
793 1276 855 1316 ooo
877 1255 1086 1336 perduratio
1104 1256 1257 1336 pelagos,
1284 1275 1376 1315 veruo

345 1357 458 1436 iugens
478 1355 571 1417 modo
592 1368 621 1414 er
648 1353 857 1436 aravig·obiiis,
894 1356 966 1417 inde
986 1358 1087 1417 renuis
1112 1357 1201 1418 rivos
1225 1347 1376 1448 despecto.

344 1459 503 1521 emoritur.
533 1473 736 1520 ciacconrvs.
782 1457 929 1517 Pecornm
953 1457 1082 1527 durani,
1102 1459 1150 1518 iia
1167 1457 1247 1540 diu)
1284 1459 1376 1520 Forte

344 1573 380 1620 ιιι
398 1558 452 1619 iila
469 1559 652 1638 perdurant,
677 1561 725 1620 ito
743 1557 914 1650 histriam
930 1549 1038 1648 sedem
1055 1571 1168 1638 ogrrrrt.
1205 1577 1372 1622 ecflor'rvs

342 1660 382 1722 In
398 1660 589 1742 quibusdam
609 1661 740 1722 venistis
758 1661 845 1721 libris
866 1661 980 1740 pecori,
1011 1663 1043 1720 in
1060 1662 1130 1722 aliie
1151 1661 1245 1723 aliter
1263 1661 1375 1744 iegitur

342 1763 404 1826 Sed
430 1759 629 1823 manifestum
652 1761 801 1846 gioffema
829 1762 872 1823 est
892 1763 1032 1844 imperiti
1056 1762 1189 1829 librarii,
1224 1764 1282 1844 qui
1304 1781 1376 1841 repe

344 1866 474 1924 tendam
493 1883 561 1924 eam
585 1883 699 1924 vocem
722 1864 926 1925 existimabat.
957 1883 1095 1925 vossrve.
1151 1864 1284 1926 Lubens
1307 1881 1373 1923 acce

342 1965 386 2025 do
407 1965 481 2024 huic
501 1965 665 2046 opinioni,
698 1967 788 2028 cuiue
805 1965 890 2025 carisa
911 1964 979 2026 iaris
1002 1967 1032 2025 in
1051 1980 1159 2048 aperio
1175 1965 1219 2026 est
1236 1964 1376 2046 exposita

342 2067 395 2128 Sic
420 2065 507 2147 sopra
536 2087 564 2132 ι.
590 2083 622 2146 9,
644 2067 676 2128 d.
704 2067 765 2127 illis
787 2067 965 2128 rnulierdms
980 2057 1114 2158 scilicet.
1166 2068 1271 2128 Recte
1290 2068 1376 2152 igitur

340 2169 438 2229 etiarn
460 2169 542 2228 iilud
562 2167 757 2230 vocabulum
774 2165 948 2230 omiserunt
969 2169 1021 2230 aiii
1044 2169 1191 2231 Codices.

417 2372 479 2434 ita
506 2371 575 2433 diu
602 2405 646 2418 -
674 2372 830 2453 agunt)
883 2373 973 2434 Nihil
995 2373 1065 2434 libri
1086 2384 1223 2444 morant,
1248 2383 1376 2453 praeier-

339 2493 434 2555 quam
457 2474 544 2554 quod
579 2474 652 2536 edd.
687 2488 743 2554 50.
774 2489 831 2554 32.
854 2473 972 2567 statim
1004 2495 1061 2554 pro
1086 2473 1216 2568 siarum
1252 2475 1375 2533 haireni.

250 2635 255 2640 .
338 2575 496 2636 Posterius
518 2577 683 2636 revocarit
701 2591 785 2637 recte
806 2578 856 2637 ed.
877 2591 934 2656 37.
961 2597 1040 2659 qnae
1063 2577 1129 2637 iliae
1151 2578 1285 2637 reddere
1308 2575 1375 2634 aliae

273 2745 274 2750 ἵ
339 2673 429 2740 folet.
472 2696 676 2742 rzscrrvcrrn.
736 2677 876 2760 Dispice,
914 2699 953 2738 an
988 2677 1022 2738 iit
1048 2679 1238 2738 concinnior
1269 2677 1375 2736 lecrio:

337 2790 435 2860 otone
455 2791 492 2838 ot
509 2779 563 2840 iila
582 2781 687 2856 pecori
708 2777 841 2846 dormit.
874 2781 922 2839 ito
945 2781 977 2839 izi
988 2781 1118 2872 statam
1134 2773 1242 2870 jedem
1267 2785 1374 2856 agant,

336 2891 375 2939 ut
395 2879 582 2941 adverbium
606 2880 770 2950 adverbio,
805 2901 983 2962 pronomen
1007 2882 1192 2962 pronomini
1214 2897 1374 2961 opponan-

337 2991 402 3042 tur.
440 3001 640 3044 rrorranve.
695 2983 789 3044 Forte
810 3002 868 3064 pro
887 2981 1008 3070 [iotam
1022 2973 1129 3071 sedem
1153 2981 1213 3065 leg.
1235 2981 1374 3073 storeas.

336 3079 450 3144 Caesar
471 3082 525 3144 lib.
552 3097 585 3144 Ω.
608 3085 647 3146 de
671 3083 708 3144 B.
732 3085 771 3146 G.
793 3103 818 3146 c.
845 3103 878 3162 9.
904 3081 1033 3175 storeas
1054 3095 1159 3142 aretem
1178 3103 1218 3142 ex
1233 3075 1374 3172 sonibus

335 3183 534 3242 anclwrariis
566 3194 628 3243 tres
657 3185 691 3243 io
719 3183 947 3264 longitudinem
974 3187 1129 3262 parietum
1162 3185 1260 3243 torris
1290 3181 1373 3242 laras

336 3283 474 3365 operies
494 3274 658 3372 fecenorr.
697 3304 910 3348 craecoorvs.
979 3286 1117 3348 Freden.
1144 3287 1303 3345 coniectat
1328 3283 1372 3339 ita

334 3383 371 3444 hi
390 3382 521 3476 statam
549 3375 656 3474 sedem
685 3399 787 3465 agunt
821 3385 962 3470 scripfiffc
999 3387 1128 3448 Melam.
1192 3385 1277 3445 Mihi
1308 3400 1371 3441 non

334 3487 458 3569 probat.
510 3485 698 3546 Parricoianr
722 3491 808 3548 enim
830 3489 884 3548 diu
910 3489 1011 3550 Melae
1037 3490 1070 3548 in
1091 3488 1211 3548 deliciis
1235 3485 1294 3550 ess'e
1319 3481 1370 3543 ob·

334 3585 470 3648 [errabit
494 3607 561 3648 non
584 3589 758 3649 admodum
781 3591 813 3650 in
838 3592 905 3650 eins
926 3591 1064 3651 lectione
1090 3588 1213 3670 hoipee.
1256 3601 1370 3648 cenor-

335 3675 408 3750 Μ.
461 3687 537 3749 Non
558 3703 623 3750 erat
647 3711 703 3750 cor
714 3689 843 3782 storeas
866 3688 1079 3752 obscuriorem
1104 3709 1217 3752 vocem
1239 3685 1369 3750 clariori·

334 3789 395 3850 bus
411 3791 559 3851 codicum
578 3791 772 3853 obtruderet.
824 3793 963 3853 Pintiaoi
987 3793 1170 3854 emendatio
1188 3789 1367 3852 concinnio-

333 3911 403 3952 rem
432 3893 562 3973 qoidem
587 3895 763 3954 orationem
784 3895 906 3964 reddit,
942 3891 991 3954 sed
1015 3913 1091 3954 cum
1124 3895 1238 3953 iactura
1271 3887 1365 3954 verbi·

334 3995 420 4075 qood
451 3993 522 4052 iibri
544 3995 726 4066 continent,
762 4015 821 4057 nec
850 3993 971 4077 semper
999 3997 1031 4055 in
1056 3995 1149 4055 simili
1178 4015 1264 4054 nexu
1289 3993 1364 4052 hanc

334 4095 439 4180 legem
465 4093 563 4156 [errat
585 4097 681 4156 eriam
706 4097 828 4159 Noiier.
881 4100 933 4160 Sic
960 4109 1042 4175 ng,
1069 4117 1098 4159 1.
1139 4107 1291 4180 orqoenr
1314 4089 1362 4150 illc

333 4199 439 4277 (nox)
459 4197 611 4277 procedit,
643 4201 692 4261 ira
713 4199 788 4284 (hic
810 4197 848 4262 i'c.
866 4195 955 4284 fone)
978 4199 1120 4262 calidior.
1149 4219 1177 4269 r,
1196 4214 1228 4270 o,
1250 4217 1281 4260 c.
1302 4191 1361 4256 diu.
