2792 4940
379 411 469 468 ΗΒ.
500 413 538 468 tt.
580 411 613 470 c.
635 413 687 470 111.
729 411 807 484 Η.
1053 422 1110 486 103

65 583 192 646 Deinde
216 585 257 648 fit
275 584 382 648 latior.
443 585 506 650 vbi
528 605 606 650 vero
628 585 759 673 begaeia
781 599 813 652 et
833 587 935 650 leniit
960 585 1110 650 fluctibua

63 687 169 769 grandi
188 685 304 748 fronte
320 687 453 762 obiacet,
478 709 494 750 a
510 691 611 754 Sunio
633 709 750 772 nempe
771 690 809 750 ad
826 689 1037 760 Ambraciam,
1063 689 1108 750 ibi

64 787 195 849 demum
212 789 259 850 eii
276 786 431 852 latiss'tma.
470 791 654 854 voaetvtt'n
671 789 844 872 appendice
860 789 905 852 od
923 791 954 854 Ιι.
971 791 992 852 1.
1046 791 1107 852 Vbi

63 891 184 952 mentio
213 890 313 952 verbi
343 892 490 970 incipere,
523 893 625 954 immo
646 893 698 954 vel
719 891 893 976 cogitatio?
949 889 997 954 Ab
1022 891 1108 956 Mela

63 991 244 1076 iunguntur
263 989 308 1052 ab
325 995 471 1068 proximo
486 984 649 1086 spatioso.
713 995 764 1056 An
788 993 865 1056 baec
888 1013 955 1054 non
979 991 1106 1056 suntet

63 1092 168 1154 iatine
196 1105 234 1156 et
262 1092 412 1157 facillima
432 1095 622 1158 intellectu?
672 1095 720 1158 tin
757 1115 824 1156 non
857 1093 969 1157 debuit
1001 1109 1105 1176 parter

63 1193 221 1265 Heliadia,
259 1215 363 1276 quum
382 1196 443 1256 fint
458 1195 597 1260 diversae
616 1215 651 1258 ac
672 1197 884 1278 discrepantes
904 1197 973 1264 [itu.
999 1196 1105 1276 ploret

63 1295 281 1367 confidente.
309 1311 341 1358 et
356 1313 410 1358 aut
426 1299 563 1362 maxime
578 1299 716 1369 vicinae.
742 1311 798 1358 aut
817 1299 1023 1364 remotiores.
1049 1309 1105 1358 aut

62 1393 291 1460 remotiffimae
323 1397 539 1462 confidente?
594 1399 694 1461 Porro
728 1407 767 1460 a'n
794 1409 976 1482 propterea,
1017 1395 1105 1478 qumi

62 1499 213 1576 paulatim
244 1499 281 1560 in
312 1501 464 1561 maiorem
485 1502 701 1582 maioremque
726 1497 788 1562 ieie
809 1499 945 1582 explicat
966 1497 1104 1558 latitudi-

61 1621 142 1668 nem.
178 1619 256 1662 non
272 1599 318 1662 eii
338 1599 377 1662 ab
393 1605 539 1684 proximo
563 1599 707 1684 spatiosa,
741 1611 795 1662 aut
816 1621 882 1662 non
899 1598 1000 1682 potest
1021 1597 1105 1661 effe?

61 1699 159 1762 immo
182 1715 222 1762 et
248 1701 296 1764 est
315 1721 402 1763 nunc
422 1699 568 1784 spatiosa,
601 1717 634 1766 et
654 1703 771 1766 deimle
794 1699 972 1784 spatiosior,
1005 1713 1104 1782 utque

60 1817 136 1864 recte
161 1803 251 1864 dicit
274 1801 379 1873 Mela,
411 1805 522 1888 grandi
542 1802 647 1866 ftonte
677 1803 832 1888 procedit.
884 1803 946 1866 Sed
970 1799 1104 1862 nescivit

61 1903 122 1972 iile,
154 1905 219 1985 qui
243 1900 392 1966 frontem
412 1925 500 1967 nunc
518 1904 692 1968 confideret
708 1905 811 1975 Mela,
844 1923 962 1985 nempe
981 1914 1103 1985 partem

61 2002 160 2066 retina
189 2004 384 2068 Meridiem.
446 2007 530 2068 Hinc
554 2003 679 2068 scribit:
722 2005 784 2069 Vbi
808 2023 886 2068 vero
912 2004 1046 2090 Aegaeie
1071 2015 1104 2064 et

61 2103 155 2168 loniia
175 2105 337 2168 fluctibut
353 2109 463 2191 grandi
482 2106 587 2170 fronte
608 2107 741 2170 obiacet.
783 2107 834 2170 bn
853 2125 993 2188 unquam
1011 2123 1103 2166 mon·

61 2205 151 2267 strum
166 2209 282 2270 maine
298 2209 446 2270 auditum
461 2209 528 2272 esti
558 2209 658 2272 From
672 2209 795 2272 obiacet
808 2207 941 2292 Aegaeia
956 2221 988 2268 et
1003 2207 1103 2268 loniia

63 2306 232 2372 fluctibns?
289 2307 414 2391 Quaeso
436 2311 532 2395 igitur
553 2311 640 2394 quod
663 2307 814 2394 tergum?
864 2309 898 2371 st
919 2307 1027 2370 verim
1045 2307 1103 2368 be·

64 2428 147 2489 gaece
163 2411 212 2472 est
237 2407 349 2481 frons,
378 2410 517 2474 aretiam
534 2425 656 2494 partem
674 2412 799 2474 alluunt
816 2409 901 2472 ionii
922 2407 1100 2470 necefferio.

66 2507 162 2572 Latera
187 2512 279 2572 clare
305 2511 501 2574 constituunt
523 2533 574 2576 eat
593 2526 706 2594 parter,
737 2531 816 2596 quae
840 2509 986 2572 obiacent
1011 2509 1104 2570 mrit-

65 2629 117 2689 qne
137 2613 203 2675 illie
231 2611 395 2677 fluctibue.
448 2613 527 2676 Ideo
550 2615 644 2678 latera
661 2615 730 2678 ciue
750 2617 866 2675 intrare
888 2611 1004 2672 dicitur
1025 2627 1104 2670 mort

60 2725 234 2796 utrumque
274 2733 373 2776 mare.
438 2733 462 2778 t.
497 2733 693 2778 oaortovtvr
731 2715 766 2776 in
805 2725 886 2774 nota
927 2709 1102 2802 prfieriori.

59 2813 172 2876 i'itima
197 2827 294 2876 recte
316 2815 445 2876 nronuit
465 2814 669 2890 Gronoviua;
700 2814 763 2898 ipin
781 2831 887 2876 tamen
904 2813 974 2874 eim
996 2829 1103 2870 emen·

57 2914 149 2988 datio,
177 2934 265 2978 cum
283 2915 323 2976 fic
338 2915 421 2976 nihil
439 2913 563 2988 habeat,
587 2919 625 2978 ad
644 2917 731 3000 quoti
752 2913 921 2978 commode
940 2909 1102 2992 referatur,

55 3037 109 3078 nee
132 3016 391 3080 concinniorem
415 3037 537 3080 nexum
562 3015 698 3092 adierat,
733 3037 847 3102 parum
873 3015 1001 3078 ridetur
1032 3031 1104 3096 pro·

55 3115 178 3184 habilia.

126 3317 314 3404 grandi·
325 3309 484 3410 fronte
500 3351 552 3368 -
574 3320 794 3404 intrante)
826 3319 965 3405 nehttg.
985 3313 1104 3400 grandi

56 3426 208 3496 mmirree
250 3421 366 3484 venet.
392 3423 534 3506 marique
554 3436 704 3509 utroque5
741 3423 893 3488 Schottua
912 3411 974 3512 sed
999 3417 1103 3488 ionio,

56 3526 137 3606 qnod
164 3535 270 3586 antea
291 3523 442 3584 maluerat
464 3525 631 3590 Pintianua
652 3539 744 3588 etex
765 3523 927 3587 veteribua
947 3519 1103 3600 exempla·

55 3629 139 3688 ribua
167 3625 386 3688 adnotaverat
418 3623 622 3700 Ciacconiue;
664 3627 748 3690 Gud.
775 3619 816 3688 ro*
847 3637 878 3686 et
903 3637 976 3686 ante
1010 3621 1103 3682 lonio

59 3730 202 3798 omittit;
245 3735 303 3802 ¹5·
334 3741 388 3802 17.
414 3743 470 3790 eo.
493 3743 549 3807 23.
573 3728 679 3798 latere,
711 3729 759 3788 uti
779 3729 875 3790 etiam
898 3727 931 3786 in
950 3723 1048 3784 Vatic.
1070 3737 1101 3784 1.

57 3825 144 3890 iuiss'e
168 3828 320 3898 videtur,
344 3828 418 3910 quia
436 3827 531 3892 latera
546 3849 585 3891 ex
606 3829 672 3892 iolo
689 3829 787 3891 Vatic.
805 3841 837 3908 3.
856 3837 1002 3888 notatum
1023 3834 1106 3892 etat;

60 3931 254 3992 Vindobon.
279 3929 344 3990 eius
369 3927 473 3990 tatem
498 3931 601 4012 magis
629 3931 781 3992 intrante.
833 3926 911 3990 Non
933 3927 1041 4008 inepta
1063 3921 1107 3986 eit

59 4029 205 4094 Pintiani
228 4031 426 4100 emendatio,
445 4020 506 4120 sed
525 4033 629 4102 Initio.
656 4034 706 4092 uti
728 4031 836 4113 paullo
855 4028 921 4112 post
941 4047 1048 4088 orrum
1071 4025 1107 4084 in

61 4135 190 4198 tomum
215 4145 281 4196 etc.
332 4131 469 4217 Propino
486 4131 567 4198 forte
587 4131 741 4198 accesserit
758 4147 811 4206 at,
837 4151 916 4216 quae
938 4125 1109 4214 particulae
