2826 4936
355 435 444 496 Lm.
474 441 525 493 ut.
576 439 609 494 c.
637 437 686 496 tv.
730 437 807 506 §.n
1044 453 1103 494 ιιι

71 611 158 672 conii
178 625 273 692 atque
289 611 364 682 tvi.
389 631 454 694 qna
469 613 629 680 exuritur,
653 609 743 670 virile
753 607 801 699 fit
820 619 947 686 pectus,
972 629 1105 690 eamque

71 734 138 775 ιιοα
155 716 263 774 minna
284 715 481 798 elegantem,
507 733 602 796 quam
618 731 725 774 veram
747 711 806 772 effe
822 725 949 792 apparet
965 731 1004 772 ex
1026 712 1105 792 Hip-

68 829 215 896 poerate.
248 817 303 896 qni
333 817 367 874 in
394 814 474 878 iibro
506 817 545 876 de
571 821 659 881 aere,
693 813 772 874 lotia
796 826 828 873 et
853 815 940 894 aquia
961 809 1043 875 ὅσοι.
1069 827 1102 890 3.

68 937 102 998 p.
122 931 207 996 ιρι.
230 919 281 979 ed.
300 915 424 978 Gener.
450 947 497 960 -
529 911 588 978 τδν
611 904 717 982 δεξιόν
741 911 775 976 δὲ
798 913 904 1002 μαζόν
923 904 985 978 οὐκ
1008 909 1106 998 ἔχου·

69 1035 139 1080 σιν·
172 1013 307 1092 παιδίοις
327 1013 392 1104 γὰρ
415 1014 517 1082 ἐοῦσιν
539 1013 585 1081 ἔτι
603 1015 724 1103 νηπίοις
748 1015 780 1076 αδ
800 1015 934 1105 μητέρες
954 1011 1104 1100 χαλκίον

68 1117 306 1204 τετεχνημένον
331 1113 352 1206 ἢ
377 1120 434 1196 (al.
457 1120 530 1180 edd.
554 1111 630 1194 καί)
657 1114 704 1182 ἐπ’
725 1107 821 1197 αὐτῷ
843 1115 968 1196 τουτὲῳ
995 1111 1106 1182 dederu-

70 1219 321 1306 permotionem,
347 1218 427 1304 τρός
449 1217 506 1282 τόν
529 1215 637 1310 ρἰαζδν
657 1216 800 1282 τιθέασιν
821 1215 878 1282 το“ν
905 1209 1020 1292 δεξιον,
1049 1215 1104 1286 καί

68 1317 267 1392 ἐπικαίεται,
310 1313 389 1396 visre
417 1315 478 1408 τὴν
509 1309 646 1405 αὔξησιν
676 1317 892 1406 φθείρεσθαι,
933 1317 963 1393 ἐς
987 1316 1021 1382 δι’
1044 1315 1104 1384 adu
1173 1359 1176 1370 ·

70 1411 177 1488 δεξιόν
195 1409 281 1510 ripen
304 1417 358 1484 καί
378 1419 546 1511 βραχίονα
566 1423 674 1486 πᾶσαν
695 1417 754 1506 τὴν
776 1415 875 1506 ίσχδν
894 1415 950 1484 καί
966 1417 1007 1485 ad
1025 1419 1104 1506 πλῆ-

68 1527 131 1596 θος
152 1519 318 1588 ἐκδιδόναι.
357 1543 389 1586 ιι.
414 1543 621 1586 οιιονονινι.
685 1525 842 1584 Proiixins
875 1523 963 1584 hunc
996 1524 1102 1585 locum

69 1627 215 1686 tractavit
245 1627 377 1710 liutger.
410 1627 553 1688 Ouwena
582 1629 615 1684 in
646 1624 793 1686 noctibus
815 1625 936 1708 Hagen.
965 1640 1018 1696 ιν,
1049 1641 1103 1700 ι7.

68 1747 99 1810 p.
121 1739 202 1805 3⁰8·
226 1729 316 1788 cuim
338 1729 443 1787 omnia
464 1727 636 1810 disputatio
657 1727 694 1784 ad
715 1728 795 1786 hanc
813 1723 968 1786 iumrnarn
990 1727 1105 1810 redigi·

71 1843 140 1889 tur:
175 1828 342 1889 Ridiculus
359 1829 393 1889 fit
410 1828 503 1896 Mela.
525 1829 579 1888 niti
598 1827 703 1896 verba,
721 1848 801 1910 ιριιασ
815 1819 978 1916 miseritur,
997 1848 1104 1888 emen·

71 1931 138 2000 dea,
162 1931 281 2011 quippe
297 1930 351 2010 qui
366 1929 544 1998 dedinent,
571 1931 747 1990 Amazones
763 1929 816 1989 hue
834 1929 961 1990 aiteram
979 1943 1104 1989 tantum

69 2050 213 2098 manum.
237 2031 377 2091 dextram
393 2051 520 2112 nempe.
545 2027 724 2102 exierniffe;
756 2031 837 2111 quast
854 2029 1000 2090 finistrum
1018 2049 1106 2114 gere·

69 2145 141 2193 rent
163 2131 248 2192 veste
270 2145 395 2194 tectam.
445 2133 508 2194 Sed
530 2131 693 2214 quomodo
716 2129 777 2192 iola
799 2133 905 2192 dextra
933 2132 1106 2194 tendebant

72 2253 173 2303 arena,
200 2253 235 2294 ac
248 2233 365 2314 reliqua
382 2253 506 2318 pugnae
523 2233 713 2317 peragebant
727 2231 861 2294 munia?
912 2233 1037 2294 Deinde
1052 2233 1106 2296 fat·

74 2333 142 2394 [nm
164 2333 224 2403 eu,
260 2334 364 2396 exusta
389 2336 495 2395 dextra
520 2354 677 2404 mamma,
712 2335 876 2417 contigiss'e
902 2335 971 2415 ipsu
993 2353 1105 2415 pectut

73 2437 182 2506 virile.
217 2436 302 2516 qnod
326 2437 552 2497 tantummodo
579 2437 672 2496 virile
696 2435 783 2496 fieret
807 2437 838 2495 in
863 2435 957 2496 latere
981 2437 1104 2508 dextro,

72 2535 249 2598 femineum
274 2549 450 2598 remaneret
471 2539 504 2598 in
530 2537 658 2598 tinistro.
716 2538 795 2598 lnde
819 2555 950 2598 omnem
973 2533 1106 2600 difficul-

75 2651 172 2700 tatem
192 2637 261 2697 tolli
281 2637 366 2718 prdie
390 2653 498 2719 putat,
525 2639 564 2706 fi,
590 2640 687 2699 eiecta
705 2657 767 2698 una
788 2639 875 2698 litera
898 2659 927 2706 e,
953 2657 990 2698 ex
1013 2659 1105 2721 ριιαο,

73 2741 123 2800 eui
143 2738 279 2800 adunent
293 2757 331 2800 ex
350 2737 488 2819 sequenti
506 2757 595 2808 voce,
618 2753 649 2800 et
664 2753 783 2799 mutata
804 2739 918 2800 leviter
934 2739 1105 2801 distinctio·

74 2859 130 2911 ne,
157 2841 198 2902 fic
218 2839 357 2924 legetur:
393 2840 474 2900 Inde
498 2842 555 2918 (ab
580 2841 682 2901 exusta
706 2861 842 2900 anamma
867 2841 994 2917 dextra)
1016 2863 1106 2920 expe·

72 2941 144 3002 dira
164 2943 199 3000 in
221 2944 304 3002 ietns
324 2961 437 3002 ruanns
457 2943 584 3018 (dextra
602 2961 718 3024 nempe
735 2961 871 3002 mamma
888 2942 983 3011 nulla,
1008 2940 1105 3024 ipsam

73 3043 272 3125 impediente
296 3044 412 3126 magia,
438 3063 533 3123 qnam
558 3043 688 3112 inridre,
721 3044 810 3104 cuiue
826 3045 933 3104 minor
950 3045 982 3103 in
1000 3063 1106 3128 pugna

73 3145 123 3205 vie
145 3158 177 3204 et
199 3141 288 3220 uiua)
310 3163 373 3226 qna
392 3136 544 3234 exserinu
565 3147 694 3226 (pectere
721 3141 849 3214 scilicet,
883 3165 950 3206 non
976 3148 1108 3224 manna)

72 3243 166 3306 vir-ite
178 3241 226 3334 fit
244 3257 365 3324 pectus.
417 3245 503 3306 Turn
520 3247 559 3305 sn:
574 3245 723 3307 construit
739 3245 862 3306 locum:
889 3245 990 3308 exusta
1007 3268 1107 3310 mam·

72 3367 124 3406 mu
141 3347 264 3414 dextra.
287 3365 400 3406 manus
422 3347 529 3407 derum
550 3347 583 3408 fit
605 3348 750 3428 expedita
770 3347 802 3408 in
823 3351 918 3417 ictus,
948 3363 1056 3429 pectus
1073 3349 1108 3410 fit

75 3449 167 3507 virile
185 3466 251 3506 non
267 3459 382 3514 totum,
401 3445 449 3506 ied
466 3469 529 3530 qna
544 3441 699 3538 exseritur
713 3449 733 3508 i.
748 3469 776 3510 e.
794 3447 932 3511 similiter
946 3451 1104 3510 dextrum.

74 3550 236 3629 Denique,
265 3551 349 3628 quod
373 3547 460 3608 facile
483 3563 613 3630 poterat,
639 3563 761 3620 monet,
787 3571 850 3630 qua
867 3570 924 3632 pro
941 3571 999 3630 qna
1021 3563 1106 3631 parte

73 3670 89 3710 a
113 3651 199 3710 Mela
223 3651 329 3710 araturi.
388 3649 532 3710 Eandem
550 3669 625 3711 vero
650 3653 907 3713 emendationem
931 3651 1106 3735 Cannegie·

74 3766 140 3812 tero
158 3752 255 3812 etiarn
273 3752 306 3810 in
323 3765 466 3812 mentem
483 3751 599 3814 venilie
616 3753 770 3816 adfirmat.
806 3753 963 3834 Equidem
984 3769 1105 3834 putem,

75 3853 188 3914 [aivam
204 3849 264 3910 effe
280 3865 311 3912 et
327 3853 359 3912 in
376 3867 444 3913 tuto
468 3853 599 3934 politam
621 3851 799 3914 nostrornm
820 3855 976 3914 librorum
998 3854 1106 3916 lectio·

75 3974 158 4024 nem,
188 3953 369 4014 dnmmodo
392 3973 493 4015 nenne
516 3968 600 4016 recte
626 3969 777 4016 teneatur.
830 3953 944 4016 Seniue
966 3957 1052 4016 enirn
1074 3967 1107 4016 et

75 4057 119 4118 via
135 4055 325 4116 narrationis
342 4056 459 4134 pendet
478 4075 493 4114 a
512 4055 634 4116 verbis:
667 4053 782 4116 dextra
798 4055 944 4116 adteritur
959 4075 1105 4126 mumma,

74 4161 187 4240 qnippe
211 4176 291 4236 qnue
317 4157 452 4228 ducent,
486 4177 598 4219 rnurrns
620 4170 653 4219 et
674 4171 784 4236 peetus
809 4157 847 4218 ad
872 4157 1014 4218 dextram
1039 4177 1104 4218 cor·
