2836 4940
359 431 450 490 tra.
480 433 534 488 ιιι.
578 431 611 489 c.
632 432 698 491 vu.
740 431 765 501 e.
788 439 818 502 3.
1047 437 1110 504 ¹55

70 603 179 668 stituit
205 605 360 666 Patalene
382 605 479 688 regio.
513 623 676 668 etucrrva
700 606 733 666 r'rr
753 595 968 696 praefatione.
1020 602 1111 662 Libri

71 709 203 788 quidem
227 727 324 768 manu
347 708 463 769 exarati
485 729 560 768 rara
586 720 672 768 tenet
702 709 805 789 regim·
841 719 978 766 attamen
1006 704 1137 778 reteri-K

72 807 216 870 bendum
233 808 286 870 bic
299 807 376 878 effe.
402 809 484 869 inter
498 807 580 901 (ssiu
600 807 766 878 Patalene,
793 809 856 868 iam
873 807 926 868 alii
947 807 1110 869 viderunt.

74 913 101 972 Δ
119 909 220 970 Patala
236 911 357 992 oppido
375 909 472 970 intuta
491 922 557 972 tota
572 911 720 972 Patalene
738 911 864 971 dicitur.
904 907 1003 969 Porro
1022 919 1110 970 totus

75 1009 128 1070 hic
145 1012 230 1072 locun
247 1012 286 1072 tic
302 1013 335 1072 in
352 1031 449 1072 manu
463 1014 595 1074 exaratio
611 1011 698 1074 tibris
714 1013 907 1092 concipitur:
934 1010 1017 1068 inter
1036 999 1110 1097 ipsu

76 1131 96 1172 0
110 1110 156 1172 t'in
175 1133 248 1172 rura
270 1123 354 1174 tenet
376 1115 478 1193 regia.
505 1111 544 1174 ob
566 1111 669 1206 aestus
686 1110 888 1173 intolerabilis
911 1106 1025 1170 attenti
1046 1109 1109 1169 cul·

75 1210 195 1274 toribus
220 1235 321 1294 egens.
385 1213 532 1274 Indead
556 1217 719 1294 principia
742 1211 827 1274 rubri
853 1215 952 1272 maris
973 1211 1110 1288 pertinet

77 1305 166 1402 ipsu.
199 1315 286 1375 invia
307 1327 402 1398 atque
422 1306 545 1406 deserta
564 1316 693 1386 humus.
718 1317 811 1374 cineri
831 1315 934 1392 tnagis
946 1308 993 1401 fit
1012 1331 1109 1394 quum

73 1417 196 1495 pulveri
208 1411 337 1504 fimitis.
391 1418 482 1478 Vnde
498 1413 587 1480 facile
601 1416 780 1499 apparebit,
804 1415 883 1476 male
902 1415 988 1474 bunc
1002 1412 1109 1474 locum

74 1535 92 1576 a
114 1517 345 1578 correctoribus
367 1517 531 1588 habiturn.
567 1537 737 1600 veramque
758 1517 817 1579 effe
839 1535 924 1584 earn.
950 1534 1044 1594 quarn
1064 1533 1111 1574 re·
1170 1517 1173 1528 ⁴

75 1617 225 1678 duximus
246 1619 428 1680 lectionem.
463 1639 624 1681 vossrua·
670 1619 754 1683 Cum
776 1619 828 1679 bic
852 1615 968 1678 infulae
989 1634 1111 1675 nornen

75 1717 282 1789 defideretur.
307 1723 410 1802 aptius
426 1722 464 1781 ad
487 1721 640 1783 librorum
658 1721 772 1782 indicia
795 1721 990 1798 aliorumque
1010 1735 1111 1778 narra·

75 1821 178 1882 tiones
198 1818 332 1902 proferri
353 1843 419 1882 non
442 1835 576 1904 poterat.
628 1823 734 1906 Quam
754 1840 832 1882 vero
850 1836 967 1880 temere
985 1817 1111 1900 propria

74 1923 206 1982 numina
227 1923 261 1983 in
285 1924 473 2004 adpellrtiva
496 1937 680 1994 mutentur.
712 1925 774 1984 iam
795 1921 938 2004 pluribus
958 1919 1112 1999 exemplis

75 2023 230 2102 adparuit.
264 2024 391 2086 vitat
410 2043 440 2094 2.
460 2039 493 2103 3.
514 2045 543 2088 t.
580 2027 668 2086 Tum
685 2037 770 2086 recte
788 2019 909 2086 Voffiua
926 2021 994 2106 post
1010 2021 1112 2080 Pata·

76 2123 138 2184 tene
157 2125 315 2186 maximae
338 2124 549 2188 distinctionis
565 2127 688 2211 fignum
711 2123 833 2208 posuit,
860 2143 932 2184 cum
954 2134 1045 2183 antea
1065 2123 1112 2181 in·

77 2222 174 2286 cisum
200 2229 303 2286 maiua
332 2224 554 2299 subticeretur,
595 2241 627 2286 et
653 2225 812 2308 sequentia
836 2245 934 2306 neque
955 2223 994 2284 ad
1021 2243 1114 2302 egens

77 2325 183 2388 miuus
208 2327 290 2388 bene
311 2325 375 2388 buc
398 2329 642 2391 retraherentur.
694 2328 767 2390 Post
790 2326 928 2387 Vindob.
952 2321 992 2384 ab
1013 2321 1114 2416 estusf

18 2419 19 2422 ¹
81 2425 162 2490 Gud.
182 2425 225 2488 ab
248 2425 361 2521 aestus.
413 2431 499 2490 Tum
529 2427 613 2512 Lips.
639 2430 730 2513 Prag.
753 2425 988 2497 intellernbr'leu
1027 2423 1112 2486 Gud.

78 2527 251 2613 Rehdiger.
268 2529 506 2604 irrtolterabr'lis5
528 2533 626 2592 Vatic.
646 2526 678 2607 3'.
697 2527 877 2592 Parifiensea
893 2521 1114 2596 intolerabilia,-

79 2628 184 2692 Cibin.
218 2632 317 2692 Vatic.
340 2651 369 2694 ι.
392 2631 499 2694 Havu.
524 2633 637 2694 Venet.
659 2627 884 2700 t'tttulernbilrr.·
928 2625 1112 2688 vindobon.

78 2728 307 2792 t'rrtalterabr'les.
361 2731 446 2796 Edd.
467 2752 496 2796 1.
523 2749 557 2807 7.
579 2745 612 2810 3.
636 2728 875 2802 intollerabilem
903 2744 935 2789 2.
958 2741 991 2805 5.
1015 2737 1049 2804 4.
1075 2738 1110 2802 5.

80 2835 1111 2916 9.1o.11.1a.13.14.15.16.17.13.19.2n.21.aa.

84 2947 137 3011 ag.
166 2943 225 3016 24.
251 2945 308 3010 25.
330 2935 495 3006 varianae.
528 2935 745 3004 Olivarianae.
772 2935 920 3000 Vinctus.
948 2928 1111 2996 Schottus.

80 3032 305 3108 tnroterabttes,·
340 3031 463 3098 Voffiua
480 3057 554 3098 cum
570 3036 698 3117 reliquia
716 3029 936 3100 intolerabilis.
962 3031 1011 3090 uti
1033 3029 1114 3090 olim

81 3137 128 3196 ed.
147 3138 180 3200 6.
218 3135 283 3196 Etfi
298 3149 468 3218 utrumque
485 3137 716 3200 accommodari
730 3135 841 3218 potest.
863 3133 911 3194 uti
925 3133 959 3194 fit
978 3129 1065 3212 saepe
1080 3131 1115 3190 in

81 3235 169 3297 finiti
192 3237 425 3298 adiectivorum
448 3257 550 3308 nexu.
573 3237 634 3323 (cf.
652 3240 690 3300 ad
714 3258 741 3308 ι,
760 3255 793 3316 9,
812 3251 846 3310 7.
874 3249 907 3295 et
923 3235 962 3294 ad
978 3234 1113 3312 Eutrop.

18 3403 20 3410 ,
82 3353 114 3415 9.
132 3357 186 3398 2ι.
204 3359 236 3418 p.
249 3335 354 3420 709.)
380 3336 586 3400 intolerabilis
601 3353 707 3414 tamen
725 3338 854 3420 probata
871 3337 927 3397 bac
942 3335 1114 3394 distinctio·

81 3457 121 3498 ue
146 3441 261 3500 melina
286 3441 425 3502 videtur.
480 3439 606 3522 Nempe
633 3453 706 3502 ante
732 3435 875 3500 Voffium
906 3435 1115 3497 distinctionis

82 3541 236 3601 maximae
260 3541 383 3624 fignum
407 3541 476 3624 post
498 3563 592 3623 egens
617 3544 697 3624 puni
718 3539 847 3602 [olebat.
901 3539 938 3598 ln
961 3535 1116 3616 proximi·

85 3639 188 3704 Cibin.
210 3655 241 3702 et
259 3643 331 3704 edel.
351 3653 406 3722 24.
427 3657 484 3720 25.
505 3644 702 3723 omninoque
720 3641 918 3704 Olivarianue
939 3637 1117 3717 pertinent.-

84 3739 250 3813 Scbuttua.
282 3744 368 3824 quod
392 3743 519 3804 volebat
540 3743 706 3804 Pintianua
731 3755 763 3803 et
786 3739 938 3823 probabat
952 3735 1118 3800 Salmafiur

86 3845 121 3902 ad
141 3845 242 3906 Soliu.
265 3863 332 3926 cap.
356 3857 413 3922 53.
432 3842 454 3906 s.
472 3857 528 3922 55.
552 3866 583 3926 p.
600 3865 645 3907 m.
660 3854 744 3922 844.
767 3843 856 3904 dedit
875 3859 976 3920 egens.
1028 3837 1117 3899 Ciac·
1159 3851 1162 3856 '

87 3947 196 4007 conius
221 3943 356 4006 verbum
377 3947 512 4026 peruret
534 3947 626 4027 plane
650 3945 783 4006 delebat.
836 3943 938 4004 Porro
959 3939 1117 4000 Vadianut

43 4113 45 4120 ‚
86 4056 115 4103 et
130 4043 289 4108 olivarius
310 4067 383 4108 cum
407 4044 485 4118 suia.
512 4048 546 4108 in
569 4045 685 4128 quibua
708 4043 779 4106 sunt
800 4045 873 4106 edd.
895 4059 952 4104 at.
975 4051 1032 4122 24.
1057 4051 1115 4116 28.

86 4143 254 4210 omiserunt
277 4139 362 4240 ipsa,
396 4148 509 4211 invitia
534 4149 657 4212 MSsur
687 4145 853 4216 omnibus.
886 4161 982 4228 prava
1013 4140 1117 4202 ‹littin-
