2752 4944
303 455 365 524 254
600 443 844 500 rourourr
888 443 1050 498 utute

300 617 537 702 inscriptiones.
563 617 666 680 veluti
686 617 851 680 decretum
867 617 901 678 in
921 615 1025 678 tabula
1046 634 1141 680 aenea
1157 613 1237 698 apud
1255 613 1327 676 Gru·

301 737 406 785 terum
432 743 464 804 p.
489 731 574 803 204.

379 921 666 1004 Adriaticum)
714 919 860 986 Leideni.
891 922 973 986 Voii.
998 937 1030 1002 3.
1062 933 1095 1000 5.
1129 919 1214 1004 Lipt.
1246 919 1322 980 Gud.

299 1025 481 1098 adriacum
518 1026 700 1088 Vindobou.
724 1024 949 1088 audriaticnm.
1003 1023 1085 1086 Edd.
1113 1043 1142 1086 1.
1163 1039 1195 1085 α.
1220 1039 1252 1100 9.
1276 1035 1323 1098 15.

299 1127 519 1198 Hadriacmm
565 1139 597 1206 3.
628 1137 661 1206 4.
689 1140 719 1204 5.
745 1128 778 1190 6.
809 1141 841 1199 7.
866 1137 899 1201 8.
931 1145 984 1186 to.
1023 1146 1076 1186 11.
1107 1140 1160 1186 ια.
1198 1133 1250 1200 14.
1276 1134 1323 1195 15.

303 1227 361 1292 16.
390 1243 443 1300 17.
476 1227 971 1307 ¹8.19.20.25.Adriacum;
1006 1225 1071 1306 post
1094 1240 1212 1285 mutatu
1235 1223 1325 1304 priori

300 1330 442 1390 lectione
464 1331 620 1391 Vedianus
641 1331 674 1388 in
691 1330 741 1390 eri.
763 1329 856 1388 altera
877 1343 934 1389 αα.
958 1328 1046 1388 dedit
1068 1327 1271 1394 Adriaticum,
1295 1337 1323 1383 et

298 1431 376 1492 inde
412 1441 466 1509 24.
498 1445 555 1506 25.
587 1444 620 1491 et
652 1443 781 1491 ceterae.
843 1431 889 1489 lta
920 1441 1025 1508 tamen
1058 1430 1121 1487 iam
1156 1429 1271 1512 iegitur
1294 1427 1323 1484 in

298 1533 349 1594 ed.
378 1551 433 1594 et.
468 1551 672 1592 ‘rzscuvcxu
724 1533 776 1592 Sic
797 1532 926 1610 quidem
943 1543 974 1591 et
991 1529 1087 1610 supra.
1130 1529 1204 1590 Non
1227 1541 1325 1587 tamen

297 1634 527 1716 negligendum
552 1649 646 1714 put0,
679 1633 764 1712 quod
784 1633 816 1690 in
837 1631 902 1693 MS.
927 1625 1053 1716 [Gne]
1084 1632 1195 1690 inveni
1221 1627 1325 1690 Adria·

298 1755 385 1802 curu,
413 1735 498 1814 quod
524 1747 555 1794 et
576 1731 710 1814 praefert
735 1735 876 1802 luminu
916 1730 965 1792 sed
988 1734 1120 1792 alterum
1138 1733 1180 1792 eit
1204 1734 1237 1790 in
1261 1728 1321 1788 MS.

223 1847 228 1852 “
297 1833 536 1896 Mediolanensi.
589 1835 686 1916 Quod
712 1835 798 1892 idem
820 1831 942 1914 prorius
964 1835 1097 1917 contigit
1120 1833 1174 1894 lib.
1195 1849 1228 1893 2.
1253 1850 1276 1890 c.
1293 1845 1320 1902 7.

296 1935 434 1998 Adriaco
457 1935 545 2000 mari.
577 1947 672 2015 prout
689 1936 722 1994 in
737 1937 852 1995 eodem
871 1933 936 1994 MS.
961 1936 1039 1997 vidi.
1072 1954 1094 1996 1.
1119 1949 1319 1994 ououovrre.

296 2038 428 2098 Retinui
445 2036 640 2096 Adriaticum
655 2055 693 2095 ex
705 2037 808 2096 Cosiri.
827 2036 993 2116 plerisque.
1018 2037 1050 2094 in
1068 2035 1183 2114 quibus
1201 2035 1319 2114 optimi,

295 2139 397 2198 veluti
416 2139 511 2197 Vatic.
534 2137 641 2198 Cibin.
664 2137 796 2218 praefixa
817 2149 939 2196 tautum
962 2135 1179 2218 adspiratione,
1209 2137 1249 2194 de
1265 2153 1321 2212 qna

295 2239 334 2298 ed
361 2261 388 2309 t,
413 2252 444 2316 3.
470 2253 502 2314 3.
531 2251 562 2299 et
586 2255 616 2307 2,
644 2255 674 2305 e.
703 2253 734 2298 e.
761 2237 815 2296 etii
837 2237 929 2296 altera
946 2235 1046 2297 forma
1067 2237 1208 2297 damnari
1224 2237 1322 2294 omni·

294 2357 338 2399 no
359 2340 482 2420 nequit.
527 2339 601 2398 Post
623 2338 757 2399 vindob.
785 2337 874 2419 Preg.
899 2337 1051 2428 tujriutm.
1099 2337 1181 2397 Edd.
1206 2339 1320 2415 aliquae

294 2441 450 2507 vetustae,
484 2453 519 2498 ut
542 2455 573 2502 2.
598 2457 631 2516 9.
659 2452 711 2517 13.
739 2429 906 2527 Tlruscum,
943 2441 989 2497 uti
1021 2440 1099 2498 oiim
1126 2436 1259 2506 solebat,
1290 2449 1320 2494 et

292 2536 417 2601 Voffiue
442 2541 521 2602 adeo
550 2539 670 2623 posuit,
704 2555 742 2599 ut
767 2538 847 2599 infra
878 2533 1022 2630 Thasi-is,
1054 2539 1165 2600 invitis
1191 2539 1319 2620 quidem

292 2640 387 2704 bonis
408 2642 496 2703 libris
518 2655 550 2704 et
572 2641 710 2702 maxime
731 2639 837 2722 priscis
860 2643 1093 2703 monumentis.

367 2843 501 2906 eadem
511 2843 529 2924 )
579 2843 671 2906 Abest
699 2845 731 2904 in
754 2844 851 2905 Vatic.
878 2857 910 2921 3.
942 2843 1047 2904 Havn.
1070 2843 1161 2925 Preg.
1184 2855 1218 2903 et
1241 2838 1319 2902 forte

289 2947 324 3006 in
339 2947 576 3018 Pariiieni'rbue;
601 2945 703 3005 omisit
718 2947 812 3006 etiam
829 2941 950 3004 Voffiue
965 2958 997 3004 et
1014 2944 1089 3004 inde
1107 2957 1165 3021 40.
1183 2956 1245 3020 41.
1261 2955 1318 3020 42.

289 3049 351 3110 Seri
376 3045 548 3130 agnoscunt
573 3047 720 3108 melioret
745 3045 834 3107 MSS.
860 3045 898 3105 ab
928 3047 965 3106 A.
991 3043 1159 3104 Gronovio
1189 3042 1318 3123 inspecti

289 3161 322 3206 et
344 3168 423 3228 quoe
445 3169 504 3230 ego
522 3147 670 3216 adhibui,
705 3145 878 3224 diserteque
899 3159 1044 3206 notatum
1061 3158 1127 3206 erat
1141 3164 1179 3205 ex
1202 3140 1316 3204 Zalni.

288 3249 328 3308 ln
356 3246 436 3327 Lipi.
463 3247 545 3308 forte
571 3248 762 3328 corripendio
789 3245 912 3307 delusus
937 3247 1097 3316 librarius,
1125 3245 1213 3305 dedit
1239 3265 1315 3304 eam.

288 3348 361 3410 Post
378 3348 513 3410 Vindob.
529 3348 711 3442 appellarim
736 3348 826 3431 Preg.
843 3362 878 3408 ut
895 3347 1011 3408 dicitur
1027 3346 1091 3427 (dr)
1110 3345 1316 3427 appellentur.

354 3540 582 3638 finditur)
633 3543 731 3610 Voffii
760 3551 902 3630 optimus
927 3541 1097 3636 fantinum
1136 3546 1219 3628 Lipi.
1244 3547 1315 3606 Vin·

288 3649 407 3710 dobon.
432 3649 576 3713 Periit.
600 3666 631 3714 2.
652 3665 682 3728 5.
705 3652 795 3732 Prag.
822 3652 919 3711 Vatic.
936 3665 971 3728 5.
993 3641 1172 3740 scinditur;
1208 3647 1312 3708 Havn.

279 3747 399 3842 fimum
436 3753 534 3812 Vatic.
563 3771 592 3814 t.
623 3751 730 3814 Cibin.
756 3750 871 3812 Zaiuir..
896 3753 1007 3813 Venet.
1032 3751 1204 3832 Rehdiger.
1230 3747 1312 3809 Gud.

277 3848 429 3943 finditur.
482 3853 563 3913 Edd.
595 3873 623 3913 1.
649 3868 679 3916 2.
705 3866 737 3932 3.
762 3863 797 3930 4.
815 3865 846 3927 5.
872 3853 904 3914 6.
923 3873 956 3930 7.
979 3864 1012 3928 8.
1036 3869 1068 3930 9.
1091 3870 1144 3914 ιο.
1167 3869 1220 3913 11.
1246 3849 1312 3908 reii-

285 3973 364 4032 quae
389 3972 462 4012 curn
485 3953 685 4023 camurinis,
717 3953 788 4014 tid.
816 3955 899 4012 lunt.
923 3955 1078 4020 Vedianis‚
1113 3950 1310 4016 Olivarianis‚

285 4056 417 4123 Vineto,
448 4054 580 4114 Schotto
598 4045 776 4142 fundicum
811 4047 932 4116 Voffiue
952 4045 1123 4142 [nuditum
1154 4051 1310 4112 Grouorii

286 4169 318 4214 et
338 4153 499 4234 sequentes
518 4152 668 4245 finditur.
709 4173 922 4216 necaverit..
975 4154 1039 4216 Alii
1063 4153 1135 4213 iibri
1154 4151 1311 4245 puditum
