2814 4946
295 426 359 504 56⁶
586 431 833 490 rourortu
876 433 1038 490 notan

297 603 357 666 bus
382 603 466 667 alibi.
521 603 618 688 Quod
645 599 667 666 ii
695 605 787 668 litum
818 625 857 666 ex
884 606 1043 689 graduum
1068 605 1272 690 longitudine
1300 615 1331 664 et

297 707 464 768 latitudine
496 709 634 768 metiaris
665 709 858 788 aliarumque
890 707 1060 768 insularum
1090 729 1129 768 ex
1160 708 1224 768 tab.
1253 705 1330 768 Peu-

297 809 412 892 tiuger.
428 808 465 868 E.
486 809 519 870 6.
542 809 690 869 viciniam
709 807 860 879 conferas.
888 806 989 898 Icefio
1005 809 1182 870 Ptolemaei
1204 808 1330 868 videtur

297 911 376 978 elle,
403 929 480 988 quae
497 911 530 969 in
547 909 651 970 tabula
667 913 749 971 inter
766 911 946 988 Strongr'len
962 923 994 972 et
1013 909 1138 990 Dymen
1161 909 1215 986 (lic
1231 910 1332 984 enirn)

298 1011 460 1072 conlocata
480 1013 644 1092 reperitur,
670 1011 811 1073 Herculis
827 1013 860 1071 in
878 1011 941 1081 ula.
967 1029 1046 1092 quse
1068 1014 1164 1073 etiam
1180 1009 1334 1072 Heraclia

298 1125 431 1174 vocatur
448 1113 479 1172 iu
497 1113 651 1174 Antonini
673 1115 743 1174 itin.
761 1135 793 1194 p.
813 1126 896 1190 517.
938 1113 1030 1194 Apud
1048 1113 1164 1196 Geogr.
1184 1113 1332 1174 Ravenn.

299 1227 333 1292 5,
360 1227 413 1292 25.
440 1232 553 1276 omncs
577 1216 647 1276 illae
671 1213 803 1284 insulae,
837 1234 912 1295 quas
935 1214 1063 1274 Erculis
1093 1215 1246 1295 arlpellat,
1279 1211 1334 1274 etti

266 1331 271 1342 ·
300 1316 454 1395 corruptis
475 1316 678 1386 nominibus,
708 1315 795 1376 facile
810 1319 847 1376 ad
869 1317 1003 1376 aliorum
1024 1314 1189 1376 recensum
1212 1333 1334 1376 accom-

301 1419 473 1478 modantur
495 1432 616 1498 praeter
638 1419 815 1498 Pagrrareu,
840 1415 1009 1478 li'locano
1024 1431 1057 1478 et
1075 1412 1247 1506 Bufittdin.
1286 1417 1335 1475 Ex

300 1519 414 1601 quibus
438 1537 511 1578 cum
534 1521 655 1599 priores
681 1539 777 1580 voces
801 1516 915 1580 referte
939 1519 1109 1580 videantur
1130 1517 1232 1578 Hiera
1258 1515 1293 1580 V
1292 1517 1335 1576 ul·

299 1621 386 1690 coni,
420 1621 468 1679 uti
490 1617 601 1680 diserte
622 1625 655 1680 in
679 1621 823 1680 Diodoro
841 1633 873 1696 5,
897 1635 930 1692 7.
953 1620 997 1680 in.
1020 1619 1210 1701 adpellatur,
1243 1617 1335 1680 restat

298 1719 475 1812 Basilidin,
510 1723 551 1780 ita
574 1737 609 1781 ut
633 1721 730 1782 insula
751 1723 952 1801 Euonymos.
978 1740 1057 1800 quae
1080 1720 1235 1783 Strabone
1261 1719 1336 1780 teste

301 1845 328 1886 c.
345 1825 366 1884 l.
393 1823 432 1882 lic
447 1823 528 1882 dicta
546 1823 605 1892 eil,
631 1825 717 1904 quod
739 1843 755 1883 a
772 1823 882 1903 Lipara
898 1824 931 1882 in
948 1823 1087 1884 Siciliam
1110 1821 1335 1904 navigantibus

299 1925 436 1986 maxime
458 1924 493 1982 ad
518 1924 636 1984 laevam
656 1921 732 2012 fuit,
766 1926 896 2004 proprio
915 1925 1011 1984 etiarn
1033 1923 1164 1984 nornine
1186 1921 1335 2006 insignita

299 2023 388 2086 fuiffe
404 2025 549 2084 videatur
565 2025 720 2086 Heraclea
734 2027 786 2086 vel
801 2021 966 2115 Basilidis.
1003 2026 1065 2086 Sed
1081 2025 1103 2084 ss
1118 2025 1190 2104 quis
1205 2024 1333 2103 Pugna-

254 2157 257 2166 ·
299 2147 351 2187 reo
367 2144 405 2184 ex
423 2123 577 2185 Heracleo
592 2139 776 2206 corruptum
793 2129 898 2196 malit,
924 2122 1084 2216 Bafitrern
1102 2127 1163 2186 alio
1183 2127 1333 2208 pertinet.

299 2229 471 2290 Cluverius
497 2240 602 2286 tamen
628 2228 662 2286 in
693 2227 798 2290 Sicilia
824 2241 889 2288 ant.
916 2243 947 2296 2,
975 2237 1030 2308 14.
1050 2249 1082 2308 p.
1101 2239 1186 2306 '4¹5-
1213 2245 1253 2288 ex
1276 2225 1334 2286 litu

298 2329 423 2390 tabulae
442 2329 586 2411 conligit,
612 2329 744 2389 eandem
762 2327 821 2389 elie
839 2329 937 2390 hodie
952 2325 1129 2416 Bafiluzzu
1152 2347 1216 2407 quo
1233 2329 1334 2410 magis

298 2431 401 2512 priora
423 2431 659 2490 confirmantur.
710 2431 820 2490 illinus
836 2431 923 2491 eninr
940 2444 1025 2491 recte
1042 2431 1076 2490 in
1091 2429 1202 2492 nolitis
1219 2429 1336 2490 tabulis

297 2531 483 2611 Euonymos
509 2531 623 2591 dicitur
648 2529 682 2592 V
671 2528 778 2621 stica,
812 2529 1016 2594 Ptolemaeus
1039 2532 1170 2612 quidem
1190 2543 1224 2608 3,
1249 2540 1285 2610 4.
1313 2530 1334 2588 sr

299 2635 367 2696 eius
388 2627 491 2720 Icesru
510 2633 621 2692 eadem
642 2633 694 2701 ett,
721 2653 799 2713 quae
823 2632 986 2702 Heraclea,
1013 2631 1115 2694 adfert
1133 2635 1230 2692 etiam
1247 2632 1336 2692 Evo-

299 2753 430 2815 nymon‚
462 2731 512 2794 ted
537 2734 652 2794 eodem
669 2736 767 2796 modo
788 2735 922 2795 nomine
944 2737 1074 2816 proprio
1092 2748 1124 2796 et
1140 2733 1335 2814 adpellatiro

299 2837 450 2915 deceptus
472 2833 530 2895 elie
555 2835 697 2902 ridetur.
735 2855 798 2916 quo
822 2834 952 2896 Hieram
976 2849 1008 2896 et
1034 2833 1070 2898 V
1068 2835 1174 2895 ulcoru'
1195 2825 1337 2924 insulam

299 2935 475 3019 distinguit.
513 2934 589 2996 Vid.
610 2935 812 2998 Caiaubonus
834 2937 871 2996 ad
887 2935 1078 2998 Strabonem
1100 2936 1155 2996 lib.
1174 2935 1206 2998 6.
1230 2957 1264 3016 p.
1289 2955 1336 2998 m.

304 3056 385 3116 190.
402 3034 422 3097 s.
443 3049 523 3112 275.
558 3035 693 3098 Istdorus
712 3037 801 3120 Orig.
822 3047 878 3115 14.
897 3039 930 3100 6.
981 3035 1148 3098 Ericodem
1165 3050 1198 3096 et
1219 3035 1336 3096 Ericu-

291 3129 383 3229 fam,
410 3137 638 3197 Phoeuicodem
661 3151 694 3199 et
714 3130 955 3228 Phoenicusam,
987 3157 1065 3218 quae
1081 3135 1153 3198 lunt
1170 3138 1250 3196 duae
1269 3151 1338 3197 tan·

297 3257 378 3307 tum,
404 3235 478 3297 facit
499 3251 642 3318 quatuor,
669 3251 700 3298 et
724 3239 799 3300 hinc
817 3259 937 3301 novem
953 3239 1085 3309 Aeolias,
1109 3254 1146 3299 ut
1160 3252 1250 3300 autea
1266 3239 1338 3300 Ser·

297 3341 387 3408 vius,
420 3337 484 3419 ipse
508 3353 614 3399 tamen
637 3337 739 3400 lecum
761 3341 795 3400 in
818 3340 946 3401 divertis
966 3341 1042 3402 locis
1064 3360 1226 3424 pugnans,
1260 3338 1338 3402 fallo

298 3453 456 3504 numerat.
509 3441 581 3500 Virl.
604 3441 733 3504 Cluver.
757 3443 790 3502 iu
806 3443 912 3504 Sicilia
935 3455 999 3503 ant.
1019 3457 1052 3510 2,
1076 3455 1130 3519 14.
1152 3461 1185 3520 p.
1202 3455 1274 3520 597
1293 3441 1337 3522 lq.

297 3541 402 3604 Poliet
420 3537 567 3627 leerufia
583 3562 622 3603 ex
637 3542 743 3603 Plinio
760 3561 785 3605 c.
803 3543 824 3605 l.
848 3544 926 3626 legi,
951 3543 973 3602 sr
990 3563 1058 3604 non
1078 3543 1210 3625 propius
1229 3543 1266 3602 ad
1286 3563 1339 3604 co·

300 3645 385 3706 dices
407 3643 528 3704 nostros
549 3643 709 3704 accederet
722 3641 888 3713 Heraclea,
915 3663 984 3714 nec,
1010 3643 1096 3724 quod
1113 3643 1156 3704 est
1174 3645 1337 3725 aliquanto

299 3746 441 3830 gravius,
469 3743 594 3804 obscura
614 3745 664 3803 illa
684 3764 764 3816 vox,
790 3763 870 3825 quae
890 3745 1053 3806 Strabonis
1068 3763 1095 3804 c.
1116 3744 1137 3804 1.
1164 3737 1338 3834 leermiffa

300 3846 444 3916 videtur,
473 3845 510 3904 ari
529 3847 673 3916 Hieram,
700 3844 836 3907 Vulcani
851 3844 1001 3918 insulam,
1029 3859 1134 3926 aperte
1154 3843 1334 3908 referretur.

300 3947 403 4012 Hiera
440 3959 548 4008 autern
587 3965 650 4030 quo
684 3947 792 4012 minus
827 3947 967 4034 legetur,
1011 3945 1135 4010 obstant
1163 3945 1335 4030 sequentia.
