2784 4944
327 436 391 504 358
626 425 870 484 POMPONII
904 425 1066 482 Macae

330 621 398 663 non
413 599 554 672 Aniohr't,
581 599 633 666 ted
649 616 703 662 aut
720 601 856 662 Helium
873 601 950 684 legit
965 621 1002 660 ex
1020 597 1182 671 Strabone,
1205 595 1253 676 [5.
1267 605 1297 678 p.
1311 616 1351 659 m.

336 725 348 764 ι
358 717 415 780 57.
427 701 447 765 s.
459 719 541 780 225.
559 725 676 784 nempe
690 723 728 764 ex
748 702 877 764 vetustis
893 701 1101 782 editionibus]
1125 716 1175 762 aut
1193 697 1303 790 Alsium
1318 717 1353 758 ex

332 805 379 865 M.
397 807 530 874 Catone.
556 805 721 884 Dionysio,
747 805 796 881 [r,
821 819 879 865 eo.
894 803 990 882 extu]
1020 803 1136 870 Plinio,
1160 803 1208 880 [3,
1225 815 1257 878 ὃ.
1275 799 1292 860 l.
1310 803 1352 880 5.]

330 907 508 1003 Antonino,
532 903 582 996 [p.
602 898 816 990 5or.Well.]
839 905 1036 968 Ptolemaeo,
1063 900 1074 990 [
1087 921 1117 976 3,
1141 897 1190 988 r.]
1230 919 1353 962 erunt·

333 1027 407 1070 ove.
466 1009 530 1070 Pro
553 1010 650 1080 Anio,
680 1011 767 1090 quod
792 1007 917 1066 nullum
940 1008 1047 1068 locum
1071 1006 1184 1066 habere
1208 1002 1301 1084 potest
1324 1003 1353 1062 in

330 1109 425 1170 litore
439 1108 553 1181 Tusco,
580 1127 664 1171 recte
680 1109 850 1173 Cluverius
871 1101 924 1193 [in
943 1109 1011 1168 ltal.
1027 1121 1090 1167 ant.
1109 1123 1140 1176 c,
1162 1124 1191 1169 2.
1210 1095 1351 1186 pedm]

331 1213 517 1272 emendavit
549 1212 667 1274 Minio.
732 1210 856 1272 Notum
891 1210 970 1269 illud
999 1210 1120 1270 flumen
1147 1229 1184 1268 ex
1217 1207 1351 1288 Virgilio,

331 1303 434 1394 [Aen.
461 1329 514 1382 ιο,
543 1308 644 1399 183.]
671 1331 767 1394 quern
784 1313 924 1372 imitatus
941 1313 993 1372 hic
1008 1311 1050 1371 cll
1067 1310 1171 1370 noller
1190 1309 1306 1387 aliquot
1323 1309 1352 1364 in

330 1412 418 1482 locis,
446 1416 614 1494 praecipue
636 1415 786 1476 initalia.
823 1431 961 1472 voaerve.
1012 1412 1105 1472 Priue
1129 1430 1255 1476 nomen,
1277 1407 1351 1487 qnod

329 1514 363 1572 in
387 1513 576 1594 quibusdam
601 1515 688 1574 libris
712 1536 786 1574 cum
804 1513 966 1596 posteriori
989 1513 1122 1582 coaluit,
1156 1527 1246 1591 atque
1269 1513 1353 1568 etiarn

330 1615 421 1684 alibi,
448 1613 549 1674 veluti
568 1617 601 1674 in
618 1617 741 1700 Virgilii
761 1617 832 1676 loco
855 1617 909 1677 cit.
931 1617 1163 1696 corrumpitur,
1195 1611 1353 1673 sacile'luae

330 1713 450 1777 sormee
472 1717 623 1777 redditur.
675 1717 787 1778 Strabo
812 1727 844 1790 5.
870 1738 903 1798 p.
926 1737 970 1778 rn.
997 1717 1076 1790 156.
1098 1714 1119 1777 s.
1147 1729 1227 1790 225.
1262 1713 1353 1774 Ptole·

330 1837 438 1878 maeue
463 1831 494 1896 5,
525 1839 553 1880 r.
576 1814 714 1902 Πῦργοι.
755 1816 881 1878 Plinius
905 1831 937 1894 3,
959 1829 993 1894 8.
1017 1815 1037 1878 s.
1062 1829 1095 1892 5.
1126 1819 1232 1876 etalii
1258 1813 1351 1894 Pyrgi.

329 1919 382 1980 Sic
404 1933 436 1978 et
459 1918 520 1980 tab.
544 1919 692 2001 Peuting.
710 1931 743 1994 5.
762 1919 800 1978 A.
829 1937 949 1998 proque
970 1937 1009 1978 eo
1032 1921 1281 1978 commutatione
1303 1913 1353 1972 ire·

330 2023 441 2098 quenti
463 2019 581 2102 Geogr.
599 2021 744 2080 Ravenn.
762 2031 796 2096 4,
820 2033 875 2097 32.
902 2019 1011 2098 Purgt'.
1066 2019 1223 2080 Posterius
1244 2033 1353 2078 nomen

329 2123 428 2190 Anio,
460 2121 531 2200 quia
550 2123 585 2180 in
608 2123 699 2181 litore
716 2119 819 2180 Tusco
837 2121 943 2180 locum
964 2121 1080 2180 habere
1102 2140 1171 2182 non
1192 2118 1302 2202 potest,
1325 2127 1353 2176 et

329 2221 366 2280 ad
384 2240 435 2290 ea,
469 2242 547 2302 quae
569 2224 643 2282 citra
658 2221 808 2310 Tiberim
822 2219 907 2288 sunt,
934 2226 1087 2302 pertinet,
1113 2224 1201 2282 unde
1218 2239 1301 2281 nunc
1319 2216 1353 2276 ad

329 2321 478 2382 ulteriora
497 2325 699 2404 progreditur
716 2318 858 2394 Voffiue,
894 2337 1065 2404 praeeunte
1090 2321 1260 2391 Cluverio,
1292 2337 1351 2378 mu·

328 2424 409 2482 tavit
430 2426 464 2483 in
486 2425 608 2495 Minio,
639 2424 694 2485 etsi
712 2423 764 2484 hic
785 2443 895 2506 parum
918 2424 1038 2484 conlilii
1055 2439 1159 2486 certus
1174 2423 1259 2484 luisse
1275 2421 1352 2480 vide·

327 2535 397 2592 tur,
426 2545 498 2584 curn
525 2539 556 2602 5,
585 2545 614 2588 r.
636 2546 668 2606 p.
692 2537 776 2602 820.
801 2521 920 2614 Alfium
942 2525 995 2585 hic
1014 2525 1114 2609 legat,
1150 2526 1233 2606 quod
1256 2520 1352 2584 etalii

330 2622 416 2706 supra
437 2627 553 2685 laudati
575 2627 607 2686 in
626 2625 688 2687 hoc
707 2639 810 2686 tractu
830 2639 974 2707 ponunt,
1001 2641 1033 2687 et
1058 2642 1181 2708 praeter
1203 2628 1270 2688 illus
1287 2639 1351 2683 cum

328 2727 442 2808 Pyrgis
468 2729 637 2810 coniungit
660 2728 760 2788 Rutil.
789 2729 822 2786 in
846 2729 951 2790 itiner.
979 2749 1006 2798 r,
1035 2741 1117 2804 225.
1177 2729 1232 2796 At,
1267 2719 1351 2782 srrel

329 2829 474 2898 omittes,
509 2841 580 2889 ante
609 2829 730 2911 Pyrgos
758 2829 875 2888 Allium
904 2830 1152 2889 memorandum
1175 2827 1278 2894 inille,
1308 2821 1351 2881 uli

326 2942 413 3010 patet
428 2949 465 2990 ex
482 2929 635 2991 Strabone
656 2950 683 2990 c.
700 2929 722 2992 l.
752 2929 859 2990 Plinio
879 2941 909 3008 5,
928 2942 960 3006 8.
979 2929 1000 2992 s.
1017 2943 1050 3006 5.
1077 2931 1235 2990 Antonini
1257 2927 1349 2986 itiner.

326 3051 359 3112 p.
380 3045 462 3108 501.
491 3045 523 3090 et
543 3031 605 3092 tab.
620 3031 802 3113 Peutinger.
823 3040 856 3106 5.
873 3033 914 3092 D.
941 3031 1038 3090 nimis
1061 3031 1093 3090 id
1115 3051 1234 3092 nomeu
1249 3029 1350 3088 discre-

326 3145 380 3212 pat
403 3151 420 3192 a
445 3133 618 3195 codicibus.
669 3133 775 3215 Quare
798 3133 902 3192 Minio
928 3131 1075 3212 probavit
1097 3133 1193 3192 etiam
1220 3127 1350 3190 Holsten.

327 3233 366 3292 ad
385 3231 543 3294 Ortelium
567 3255 599 3316 p.
623 3249 676 3294 re.
710 3233 796 3312 quod
812 3229 955 3312 prolecto
975 3234 1107 3314 propina
1126 3232 1244 3292 abella
1263 3228 1350 3289 libris.

327 3335 370 3394 At
393 3351 495 3413 neque
520 3335 627 3394 Minio
650 3335 771 3394 fluvius
792 3335 962 3393 commode
987 3334 1115 3394 admitti
1138 3333 1255 3416 potest,
1287 3328 1351 3408 quie

328 3433 381 3496 hic
404 3434 508 3494 noster
527 3435 620 3497 urbes
644 3448 766 3494 tantum
790 3431 938 3504 recenset,
968 3447 1009 3502 et,
1039 3435 1061 3494 st
1085 3433 1204 3495 fluvius
1225 3427 1350 3509 intelligi

327 3535 458 3604 debeat,
495 3555 588 3598 verne
615 3537 718 3598 exitus
750 3535 909 3606 turbatur,
943 3537 997 3615 qui
1028 3536 1111 3595 inter
1144 3533 1299 3596 Grauiscas
1321 3539 1350 3586 et

327 3637 561 3700 Centumcellae
582 3638 737 3718 aperitur,
762 3639 812 3697 uti
829 3649 861 3696 et
880 3637 1008 3696 monuit
1023 3635 1176 3698 Cellarius
1192 3637 1225 3695 iu
1241 3636 1347 3713 ueogr.

326 3752 389 3798 aut.
415 3754 447 3808 2,
474 3755 507 3818 9,
536 3751 618 3818 193.
651 3739 702 3798 cui
725 3736 897 3798 adsentitur
915 3737 1085 3800 Oberlinus
1107 3737 1146 3798 ad
1171 3735 1241 3796 Vib.
1263 3736 1349 3812 Sequ-

324 3861 355 3920 p.
377 3849 458 3918 143.
511 3839 552 3900 At
572 3840 658 3900 idern
680 3839 893 3902 coniecturam
914 3838 956 3900 lat
971 3837 1166 3920 probabilem
1189 3837 1299 3898 adiecit
1315 3829 1350 3890 de

325 3941 475 4002 Minione
498 3941 594 4010 urbe,
628 3961 722 4021 quam
745 3943 842 4002 etiarn
865 3953 1021 4002 memorat
1040 3941 1123 4000 inter
1139 3937 1278 4000 Castrum
1299 3950 1350 3992 no·

325 4061 404 4100 vum
428 4057 459 4102 et
483 4039 658 4116 Graviscae,
693 4041 811 4126 Geogr.
831 4042 977 4101 llavenn.
999 4051 1033 4120 4,
1057 4055 1115 4118 52.
1143 4052 1175 4116 5,
1200 4055 1232 4100 e.
1259 4050 1290 4096 et
1309 4031 1350 4092 ibi

324 4141 465 4228 agnoscit
482 4143 675 4216 Porcheron‚
698 4143 752 4206 etii
769 4156 900 4206 vocatur
916 4141 1068 4206 Minium.
1104 4139 1155 4207 cf.
1174 4139 1262 4226 supra
1276 4141 1302 4218 §.
1319 4143 1349 4210 8·
