2880 4940
366 447 458 506 ΜΒ.
490 451 543 506 m.
587 451 619 510 α
642 453 693 508 IX.
735 453 760 524 9.
784 466 814 523 3.
1047 467 1108 530 33¹

7 637 12 672 ι
68 621 162 692 fiant,
184 621 455 702 quemadmodum
474 623 506 686 in
526 623 734 710 Mageilanico
749 629 886 712 contigit
903 623 993 689 freto.
1021 627 1113 692 Hunc

67 744 143 786 aton
159 724 333 805 Pomponii
353 739 497 798 tantum.
525 725 574 789 sed
594 741 626 788 et
650 729 861 810 plurimorum
879 745 1023 792 veterum
1046 732 1113 812 opi·

7 845 9 854 ’
69 827 210 886 ninnem
227 823 333 896 inilia,
361 825 430 888 satia
445 847 482 888 ex
500 831 556 900 iia,
579 849 657 910 quae
675 827 817 912 superius
833 831 982 900 diximua‚
1007 831 1114 917 colligi

7 977 8 980 ,
69 927 187 1009 potest.
230 946 372 990 vonatva.
440 929 525 991 Ferri
556 932 687 1012 quidem
729 945 857 1012 propter
896 935 1115 1015 praecedentia

7 1079 8 1086 ,
72 1023 173 1110 possit
192 1049 303 1108 rupes,
329 1043 361 1092 et
376 1029 416 1091 iic
431 1029 496 1092 iere
512 1029 665 1096 Sidonius
683 1033 822 1114 Apollin.
842 1053 937 1096 carm.
953 1049 1010 1104 99,
1033 1053 1113 1115 119.

74 1130 119 1190 de
141 1130 317 1192 Garumna:
357 1135 565 1216 propriasque
581 1125 677 1224 facit
689 1131 758 1225 fibi
781 1135 877 1195 litora
899 1157 1008 1214 rupes,·
1033 1137 1116 1198 nihil

72 1243 184 1292 tamen
199 1233 310 1294 invitia
329 1233 417 1295 libris
435 1235 623 1296 mutandum
642 1233 694 1302 est.
719 1237 766 1295 uti
787 1237 848 1296 iam
864 1238 1038 1298 docuerunt
1053 1239 1116 1298 viri

74 1334 174 1396 docti.
225 1336 273 1395 De
295 1335 474 1396 differentia
491 1339 656 1418 utriunque
678 1339 766 1398 vocis
786 1341 856 1416 ripa
872 1351 904 1398 et
925 1337 1003 1399 litus
1023 1340 1115 1420 plura

74 1429 233 1518 congafftt
256 1435 367 1498 Fiorua
390 1439 423 1496 in
446 1438 637 1500 lectionibus
667 1436 820 1500 succiduis
842 1440 896 1502 lib.
919 1460 948 1501 ι.
972 1459 1039 1521 cap.
1060 1461 1114 1504 ιο.

74 1535 264 1599 Perizonius
284 1538 323 1598 ad
346 1559 374 1608 ι.
396 1557 426 1608 a.
446 1557 476 1602 a.
499 1542 580 1622 ripaa
596 1539 730 1621 explicat
751 1533 846 1602 terrac
864 1540 1021 1624 abruptas.
1068 1543 1115 1603 lta

77 1657 159 1699 vero
177 1639 272 1700 etiarn
290 1637 367 1700 hinc
387 1641 495 1701 retulit
516 1643 682 1704 Boccatiua
697 1659 723 1704 c.
744 1641 765 1704 l.
797 1641 986 1703 solitudines
1007 1641 1117 1736 vastae

74 1735 212 1832 praecisi
229 1753 351 1804 neantes
373 1745 520 1826 ripaeque
537 1745 654 1824 potius,
679 1763 776 1826 quam
797 1743 892 1805 litora
911 1745 1114 1824 reperiuntur.

156 1955 319 2006 tractus
326 1941 344 2024 )
375 1945 528 2028 ignorant
541 1945 623 2008 hanc
638 1963 764 2016 vocem,
786 1965 865 2027 quoa
879 1946 969 2016 novi,
992 1947 1118 2010 codice·

77 2044 229 2108 Cinccon.
254 2043 338 2128 [ips.
367 2047 451 2108 Gud.
481 2049 572 2132 Prag.
602 2047 740 2110 vindob.
768 2047 943 2131 Rahdiger.
969 2045 1064 2112 Parii.
1083 2065 1116 2112 9.

76 2148 179 2208 Vatia.
203 2145 309 2210 Havn.
332 2167 405 2210 cum
431 2149 627 2211 editionibua
653 2167 682 2212 ι.
709 2163 742 2210 9.
767 2163 800 2228 3.
823 2159 857 2227 4.
876 2161 910 2225 5.
928 2149 960 2212 6.
981 2163 1014 2223 7.
1032 2161 1066 2227 8.
1083 2168 1118 2230 9.

85 2269 140 2310 ιο.
158 2267 211 2312 ιι.
227 2259 422 2330 tata-14.
443 2251 496 2314 16.
520 2263 575 2329 18.
591 2267 649 2316 ar.
667 2263 724 2327 98.
745 2249 918 2336 agnoscunt
932 2247 1024 2312 Paris.
1042 2265 1118 2332 r.3.

78 2351 196 2410 Vertat.
218 2349 326 2414 Cibiu.
351 2370 426 2412 curn
447 2352 521 2415 cdd.
554 2364 605 2429 t5.
638 2365 692 2426 ι7.
728 2371 781 2430 ¹9·
809 2367 867 2414 9ο.
892 2365 949 2430 93.
977 2365 1034 2430 94.
1062 2365 1118 2431 95.

77 2452 227 2511 Vadiauir
242 2451 476 2534 posterioribus,
497 2453 687 2515 Olivariauia
703 2465 735 2512 at
753 2453 891 2534 reliquia.
925 2451 1119 2517 ciacconius

78 2553 258 2614 redundare
273 2565 379 2636 putat:
404 2567 436 2616 at
453 2555 566 2617 melina
587 2555 621 2614 in
636 2553 698 2616 hoc
713 2573 800 2616 nexu
817 2552 910 2616 adest.

157 2753 337 2818 Dubium
361 2755 647 2842 aliquamdiu)
696 2755 779 2818 Edd.
810 2767 865 2832 15.
897 2769 951 2830 ι7.
977 2771 1034 2820 20.
1061 2769 1120 2837 23.

82 2871 208 2921 tractus
225 2855 363 2923 dubium.
401 2865 503 2942 Atqne
517 2857 723 2942 aliquamdiu,
742 2877 838 2940 prava
860 2858 1121 2937 interpunctione

84 2981 151 3021 non
172 2958 291 3030 solum,
324 2959 376 3022 sed
397 2975 430 3022 et
452 2959 567 3021 intrusa
590 2973 709 3022 temere
728 2959 877 3041 particula
899 2969 1005 3038 atqrre.
1056 2960 1121 3022 Pro

85 3061 282 3144 aliquamdiu
296 3062 388 3148 Prag.
405 3077 438 3124 at
454 3063 503 3124 ed.
525 3075 582 3141 37.
612 3059 794 3143 aliquando.
824 3061 875 3120 uti
899 3057 1059 3122 Oliuariua
1086 3063 1120 3122 in

84 3181 162 3225 nota
187 3161 294 3233 refert,
328 3163 383 3225 etsr
409 3185 482 3226 curn
510 3161 571 3224 suia
596 3164 629 3222 in
657 3161 723 3244 ipso
749 3174 900 3223 contexto
927 3157 1041 3242 icripsrt
1066 3161 1122 3223 ali·

84 3263 238 3348 quaudiu.
293 3265 343 3326 Ab
367 3265 418 3328 hia
441 3283 518 3326 vero
540 3263 647 3326 verbio
672 3283 738 3344 cap.
756 3273 815 3341 47.
839 3263 953 3343 incipit
979 3264 1123 3326 Vinctut.

85 3366 159 3428 Pon
176 3366 287 3428 Vener.
307 3380 490 3449 caperetur:
515 3363 631 3429 Zaluic.
649 3377 849 3446 caparatuma
868 3375 951 3426 terra
973 3367 1125 3438 circuitur

85 3469 196 3530 minna
219 3465 312 3533 bane.

164 3669 360 3766 exhausto
379 3663 553 3763 fluctu)
601 3670 705 3732 Locus
724 3671 808 3732 varia
826 3665 980 3730 adfectus.
1014 3666 1124 3732 Cibin.

87 3771 173 3834 Vuis.
196 3795 224 3834 ι.
246 3772 420 3864 exdanstra
442 3785 564 3842 tractu,
591 3771 646 3833 hic
666 3783 772 3834 tamen
798 3771 906 3832 addito
927 3770 1025 3852 priori
1049 3771 1125 3832 voci
1158 3833 1168 3856 .

86 3887 228 3958 punctor
274 3873 355 3936 Voff.
381 3889 415 3936 9.
440 3871 574 3966 exnrrsta
599 3874 713 3947 hiatu,-
755 3871 953 3934 Gronoviani
980 3871 1051 3940 aiii,
1085 3889 1126 3934 cx

86 3977 169 4038 maia
185 3975 284 4036 Vatia.
308 3973 390 4058 Lips.
409 3975 494 4038 Gud.
521 3975 703 4037 vindobon.
725 3973 896 4057 iiahdiger.
920 3969 1015 4035 Parii.
1039 3993 1066 4036 1.
1094 3991 1125 4038 9.

86 4077 181 4160 Prag.
198 4073 354 4168 exhattsta
375 4079 590 4148 relaxante,
617 4076 669 4138 vel
692 4073 827 4170 exirasta
847 4075 904 4156 (ut
930 4071 1127 4159 liehdiger.)

86 4189 217 4251 ποιέω
256 4179 419 4264 Augustin.
440 4181 586 4260 (tantum
613 4173 766 4272 exausta)
793 4173 888 4240 Parii.
913 4189 947 4256 3.
973 4173 1127 4272 exdurfia
