<?xml version="1.0" encoding="UTF-8"?>
<!DOCTYPE html PUBLIC "-//W3C//DTD XHTML 1.0 Transitional//EN"
    "http://www.w3.org/TR/xhtml1/DTD/xhtml1-transitional.dtd">
<html xmlns="http://www.w3.org/1999/xhtml" xml:lang="en" lang="en">
 <head>
  <title>
</title>
<meta http-equiv="Content-Type" content="text/html;charset=utf-8" />
  <meta name='ocr-system' content='tesseract 3.04.00' />
  <meta name='ocr-capabilities' content='ocr_page ocr_carea ocr_par ocr_line ocrx_word'/>
</head>
<body>
  <div class='ocr_page' id='page_1' title='image "./pomponiimelaede05melagoog_0775.png"; bbox 0 0 2804 4936; ppageno 0'>
   <div class='ocr_carea' id='block_1_1' title="bbox 322 402 1062 484">
    <p class='ocr_par' dir='ltr' id='par_1_1' title="bbox 322 402 1062 484">
     <span class='ocr_line' id='line_1_1' title="bbox 322 402 1062 484; baseline 0 -22"><span class='ocrx_word' id='word_1_1' title='bbox 322 402 370 462; x_wconf 81' lang='lat' dir='ltr'><strong>tt</strong></span> <span class='ocrx_word' id='word_1_2' title='bbox 378 404 412 458; x_wconf 90' lang='lat' dir='ltr'><strong>B.</strong></span> <span class='ocrx_word' id='word_1_3' title='bbox 443 405 495 460; x_wconf 89' lang='lat' dir='ltr'><strong>lll.</strong></span> <span class='ocrx_word' id='word_1_4' title='bbox 540 403 573 462; x_wconf 80' lang='lat' dir='ltr'><strong>C·</strong></span> <span class='ocrx_word' id='word_1_5' title='bbox 601 405 637 466; x_wconf 82' lang='lat' dir='ltr'><strong>V·</strong></span> <span class='ocrx_word' id='word_1_6' title='bbox 679 403 705 475; x_wconf 59' lang='grc' dir='ltr'><strong>ᾗ.</strong></span> <span class='ocrx_word' id='word_1_7' title='bbox 727 413 759 476; x_wconf 74' lang='grc'><strong>8.</strong></span> <span class='ocrx_word' id='word_1_8' title='bbox 1003 413 1062 484; x_wconf 74' lang='lat'><strong>¹47</strong></span> 
     </span>
    </p>
   </div>
   <div class='ocr_carea' id='block_1_2' title="bbox 40 573 1069 2584">
    <p class='ocr_par' dir='ltr' id='par_1_2' title="bbox 40 573 1069 2584">
     <span class='ocr_line' id='line_1_2' title="bbox 47 573 1062 662; baseline -0.002 -18"><span class='ocrx_word' id='word_1_9' title='bbox 47 601 149 644; x_wconf 78' lang='lat' dir='ltr'><strong>utura.</strong></span> <span class='ocrx_word' id='word_1_10' title='bbox 198 578 293 641; x_wconf 88' lang='lat' dir='ltr'><strong>Forte</strong></span> <span class='ocrx_word' id='word_1_11' title='bbox 311 576 495 639; x_wconf 78' lang='lat' dir='ltr'><em>Raetorum.</em></span> <span class='ocrx_word' id='word_1_12' title='bbox 532 596 743 639; x_wconf 76' lang='lat' dir='ltr'><strong>craccourva.</strong></span> <span class='ocrx_word' id='word_1_13' title='bbox 788 573 978 662; x_wconf 74' lang='lat' dir='ltr'><strong>Suanorum)</strong></span> <span class='ocrx_word' id='word_1_14' title='bbox 1013 581 1062 643; x_wconf 83' lang='lat' dir='ltr'><strong>lta</strong></span> 
     </span>
     <span class='ocr_line' id='line_1_3' title="bbox 45 678 1061 753; baseline -0.002 -7"><span class='ocrx_word' id='word_1_15' title='bbox 45 685 118 746; x_wconf 87' lang='lat' dir='ltr'><strong>huno</strong></span> <span class='ocrx_word' id='word_1_16' title='bbox 136 683 239 744; x_wconf 86' lang='lat' dir='ltr'><strong>locum</strong></span> <span class='ocrx_word' id='word_1_17' title='bbox 263 679 433 741; x_wconf 87' lang='lat' dir='ltr'><strong>emendare</strong></span> <span class='ocrx_word' id='word_1_18' title='bbox 463 694 594 742; x_wconf 77' lang='lat' dir='ltr'><strong>conatus</strong></span> <span class='ocrx_word' id='word_1_19' title='bbox 615 678 658 741; x_wconf 84' lang='lat' dir='ltr'><strong>est</strong></span> <span class='ocrx_word' id='word_1_20' title='bbox 682 679 872 742; x_wconf 70' lang='lat' dir='ltr'><strong>Hermolaus</strong></span> <span class='ocrx_word' id='word_1_21' title='bbox 895 680 1061 753; x_wconf 83' lang='lat' dir='ltr'><strong>Barbarus,</strong></span> 
     </span>
     <span class='ocr_line' id='line_1_4' title="bbox 45 780 1059 866; baseline -0.001 -19"><span class='ocrx_word' id='word_1_22' title='bbox 45 807 107 847; x_wconf 85' lang='lat' dir='ltr'><strong>oum</strong></span> <span class='ocrx_word' id='word_1_23' title='bbox 130 783 213 865; x_wconf 81' lang='lat' dir='ltr'><strong>priua</strong></span> <span class='ocrx_word' id='word_1_24' title='bbox 235 782 392 866; x_wconf 82' lang='lat' dir='ltr'><strong>legeretur</strong></span> <span class='ocrx_word' id='word_1_25' title='bbox 412 780 577 845; x_wconf 86' lang='lat' dir='ltr'><strong>Boiorum.</strong></span> <span class='ocrx_word' id='word_1_26' title='bbox 628 783 689 843; x_wconf 90' lang='lat' dir='ltr'><strong>Sed</strong></span> <span class='ocrx_word' id='word_1_27' title='bbox 706 801 810 861; x_wconf 87' lang='lat' dir='ltr'><strong>neque</strong></span> <span class='ocrx_word' id='word_1_28' title='bbox 828 781 927 850; x_wconf 82' lang='lat' dir='ltr'><strong>Boiis,</strong></span> <span class='ocrx_word' id='word_1_29' title='bbox 956 803 1059 864; x_wconf 85' lang='lat' dir='ltr'><strong>neque</strong></span> 
     </span>
     <span class='ocr_line' id='line_1_5' title="bbox 44 880 1060 963; baseline -0.001 -18"><span class='ocrx_word' id='word_1_30' title='bbox 44 886 161 954; x_wconf 79' lang='lat' dir='ltr'><strong>suevia,</strong></span> <span class='ocrx_word' id='word_1_31' title='bbox 197 883 286 944; x_wconf 85' lang='lat' dir='ltr'><strong>locus</strong></span> <span class='ocrx_word' id='word_1_32' title='bbox 308 882 362 942; x_wconf 90' lang='lat' dir='ltr'><strong>hic</strong></span> <span class='ocrx_word' id='word_1_33' title='bbox 384 880 443 942; x_wconf 88' lang='lat' dir='ltr'><strong>elle</strong></span> <span class='ocrx_word' id='word_1_34' title='bbox 464 882 580 963; x_wconf 86' lang='lat' dir='ltr'><strong>potest,</strong></span> <span class='ocrx_word' id='word_1_35' title='bbox 607 902 683 942; x_wconf 90' lang='lat' dir='ltr'><strong>cum</strong></span> <span class='ocrx_word' id='word_1_36' title='bbox 706 883 778 944; x_wconf 88' lang='lat' dir='ltr'><strong>lloii</strong></span> <span class='ocrx_word' id='word_1_37' title='bbox 797 885 858 944; x_wconf 85' lang='lat' dir='ltr'><strong>toti</strong></span> <span class='ocrx_word' id='word_1_38' title='bbox 882 883 940 944; x_wconf 80' lang='lat' dir='ltr'><strong>sint</strong></span> <span class='ocrx_word' id='word_1_39' title='bbox 958 885 1060 946; x_wconf 77' lang='lat' dir='ltr'><strong>merli·</strong></span> 
     </span>
     <span class='ocr_line' id='line_1_6' title="bbox 44 981 1058 1068; baseline 0 -20"><span class='ocrx_word' id='word_1_40' title='bbox 44 987 180 1054; x_wconf 85' lang='lat' dir='ltr'><strong>terranei,</strong></span> <span class='ocrx_word' id='word_1_41' title='bbox 205 986 306 1046; x_wconf 86' lang='lat' dir='ltr'><strong>Snevi</strong></span> <span class='ocrx_word' id='word_1_42' title='bbox 325 985 451 1044; x_wconf 86' lang='lat' dir='ltr'><strong>veroin</strong></span> <span class='ocrx_word' id='word_1_43' title='bbox 471 984 560 1044; x_wconf 89' lang='lat' dir='ltr'><strong>nullo</strong></span> <span class='ocrx_word' id='word_1_44' title='bbox 579 981 691 1064; x_wconf 85' lang='lat' dir='ltr'><strong>scripto</strong></span> <span class='ocrx_word' id='word_1_45' title='bbox 715 985 823 1047; x_wconf 73' lang='lat' dir='ltr'><strong>coelice</strong></span> <span class='ocrx_word' id='word_1_46' title='bbox 845 999 1058 1068; x_wconf 82' lang='lat' dir='ltr'><strong>compareant.</strong></span> 
     </span>
     <span class='ocr_line' id='line_1_7' title="bbox 44 1083 1063 1172; baseline -0.004 -23"><span class='ocrx_word' id='word_1_47' title='bbox 44 1089 104 1172; x_wconf 85' lang='lat' dir='ltr'><strong>Ego</strong></span> <span class='ocrx_word' id='word_1_48' title='bbox 117 1087 154 1148; x_wconf 85' lang='lat' dir='ltr'><strong>lic</strong></span> <span class='ocrx_word' id='word_1_49' title='bbox 169 1085 285 1152; x_wconf 86' lang='lat' dir='ltr'><strong>lentio.</strong></span> <span class='ocrx_word' id='word_1_50' title='bbox 311 1085 418 1145; x_wconf 88' lang='lat' dir='ltr'><strong>locum</strong></span> <span class='ocrx_word' id='word_1_51' title='bbox 433 1083 492 1146; x_wconf 84' lang='lat' dir='ltr'><strong>elle</strong></span> <span class='ocrx_word' id='word_1_52' title='bbox 506 1099 692 1166; x_wconf 88' lang='lat' dir='ltr'><strong>corruptum</strong></span> <span class='ocrx_word' id='word_1_53' title='bbox 706 1099 738 1146; x_wconf 90' lang='lat' dir='ltr'><strong>ot</strong></span> <span class='ocrx_word' id='word_1_54' title='bbox 754 1105 863 1147; x_wconf 85' lang='lat' dir='ltr'><strong>veram</strong></span> <span class='ocrx_word' id='word_1_55' title='bbox 879 1087 937 1150; x_wconf 85' lang='lat' dir='ltr'><strong>elle</strong></span> <span class='ocrx_word' id='word_1_56' title='bbox 955 1088 1063 1150; x_wconf 87' lang='lat' dir='ltr'><strong>lectio·</strong></span> 
     </span>
     <span class='ocr_line' id='line_1_8' title="bbox 43 1182 1060 1277; baseline 0 -28"><span class='ocrx_word' id='word_1_57' title='bbox 43 1209 125 1258; x_wconf 86' lang='lat' dir='ltr'><strong>nem,</strong></span> <span class='ocrx_word' id='word_1_58' title='bbox 157 1207 249 1268; x_wconf 88' lang='lat' dir='ltr'><strong>qnam</strong></span> <span class='ocrx_word' id='word_1_59' title='bbox 271 1187 304 1246; x_wconf 91' lang='lat' dir='ltr'><strong>in</strong></span> <span class='ocrx_word' id='word_1_60' title='bbox 331 1187 464 1268; x_wconf 83' lang='lat' dir='ltr'><strong>optimis</strong></span> <span class='ocrx_word' id='word_1_61' title='bbox 493 1188 613 1267; x_wconf 82' lang='lat' dir='ltr'><strong>aliquot</strong></span> <span class='ocrx_word' id='word_1_62' title='bbox 642 1186 805 1248; x_wconf 82' lang='lat' dir='ltr'><strong>codicibus</strong></span> <span class='ocrx_word' id='word_1_63' title='bbox 835 1182 923 1274; x_wconf 87' lang='lat' dir='ltr'><strong>[vid.</strong></span> <span class='ocrx_word' id='word_1_64' title='bbox 949 1183 1060 1277; x_wconf 84' lang='lat' dir='ltr'><strong>snpra]</strong></span> 
     </span>
     <span class='ocr_line' id='line_1_9' title="bbox 43 1287 1062 1370; baseline 0.004 -22"><span class='ocrx_word' id='word_1_65' title='bbox 43 1291 131 1370; x_wconf 85' lang='lat' dir='ltr'><strong>reperi</strong></span> <span class='ocrx_word' id='word_1_66' title='bbox 150 1291 334 1356; x_wconf 81' lang='lat' dir='ltr'><strong>Raetorum,</strong></span> <span class='ocrx_word' id='word_1_67' title='bbox 361 1307 427 1346; x_wconf 90' lang='lat' dir='ltr'><strong>non</strong></span> <span class='ocrx_word' id='word_1_68' title='bbox 449 1287 598 1348; x_wconf 85' lang='lat' dir='ltr'><strong>Boiorum</strong></span> <span class='ocrx_word' id='word_1_69' title='bbox 620 1300 675 1347; x_wconf 90' lang='lat' dir='ltr'><strong>ant</strong></span> <span class='ocrx_word' id='word_1_70' title='bbox 696 1289 862 1358; x_wconf 83' lang='lat' dir='ltr'><em>Botorum,</em></span> <span class='ocrx_word' id='word_1_71' title='bbox 890 1304 944 1350; x_wconf 90' lang='lat' dir='ltr'><strong>aut</strong></span> <span class='ocrx_word' id='word_1_72' title='bbox 965 1291 1062 1352; x_wconf 85' lang='lat' dir='ltr'><strong>etiam</strong></span> 
     </span>
     <span class='ocr_line' id='line_1_10' title="bbox 43 1388 1062 1471; baseline 0.001 -20"><span class='ocrx_word' id='word_1_73' title='bbox 43 1390 206 1471; x_wconf 79' lang='lat' dir='ltr'><strong><em>Lydorum,</em></strong></span> <span class='ocrx_word' id='word_1_74' title='bbox 233 1391 281 1449; x_wconf 91' lang='lat' dir='ltr'><strong>uti</strong></span> <span class='ocrx_word' id='word_1_75' title='bbox 302 1388 422 1449; x_wconf 84' lang='lat' dir='ltr'><strong>habent</strong></span> <span class='ocrx_word' id='word_1_76' title='bbox 437 1388 488 1448; x_wconf 87' lang='lat' dir='ltr'><strong>alii</strong></span> <span class='ocrx_word' id='word_1_77' title='bbox 507 1409 603 1449; x_wconf 88' lang='lat' dir='ltr'><strong>manu</strong></span> <span class='ocrx_word' id='word_1_78' title='bbox 620 1392 735 1450; x_wconf 87' lang='lat' dir='ltr'><strong>exarati</strong></span> <span class='ocrx_word' id='word_1_79' title='bbox 757 1389 841 1452; x_wconf 87' lang='lat' dir='ltr'><strong>libri.</strong></span> <span class='ocrx_word' id='word_1_80' title='bbox 875 1389 966 1452; x_wconf 85' lang='lat' dir='ltr'><strong>Baeti</strong></span> <span class='ocrx_word' id='word_1_81' title='bbox 990 1389 1062 1452; x_wconf 87' lang='lat' dir='ltr'><strong>sunt</strong></span> 
     </span>
     <span class='ocr_line' id='line_1_11' title="bbox 43 1490 1062 1574; baseline 0.002 -23"><span class='ocrx_word' id='word_1_82' title='bbox 43 1491 152 1553; x_wconf 87' lang='lat' dir='ltr'><strong>Batavi.</strong></span> <span class='ocrx_word' id='word_1_83' title='bbox 198 1493 251 1552; x_wconf 88' lang='lat' dir='ltr'><strong>Sic</strong></span> <span class='ocrx_word' id='word_1_84' title='bbox 268 1510 398 1572; x_wconf 87' lang='lat' dir='ltr'><strong>quoque</strong></span> <span class='ocrx_word' id='word_1_85' title='bbox 414 1490 612 1570; x_wconf 82' lang='lat' dir='ltr'><strong>appellantur</strong></span> <span class='ocrx_word' id='word_1_86' title='bbox 628 1493 662 1550; x_wconf 91' lang='lat' dir='ltr'><strong>in</strong></span> <span class='ocrx_word' id='word_1_87' title='bbox 682 1492 784 1572; x_wconf 89' lang='lat' dir='ltr'><strong>lapide</strong></span> <span class='ocrx_word' id='word_1_88' title='bbox 801 1492 959 1552; x_wconf 86' lang='lat' dir='ltr'><strong>trilaterali</strong></span> <span class='ocrx_word' id='word_1_89' title='bbox 976 1493 1062 1574; x_wconf 84' lang='lat' dir='ltr'><strong>apurl</strong></span> 
     </span>
     <span class='ocr_line' id='line_1_12' title="bbox 42 1605 1059 1673; baseline 0.002 -21"><span class='ocrx_word' id='word_1_90' title='bbox 42 1612 92 1654; x_wconf 83' lang='lat' dir='ltr'><strong>noe</strong></span> <span class='ocrx_word' id='word_1_91' title='bbox 116 1605 258 1673; x_wconf 84' lang='lat' dir='ltr'><strong>reperto:</strong></span> <span class='ocrx_word' id='word_1_92' title='bbox 302 1609 378 1652; x_wconf 77' lang='lat' dir='ltr'><strong>ine.</strong></span> <span class='ocrx_word' id='word_1_93' title='bbox 408 1610 496 1654; x_wconf 80' lang='lat' dir='ltr'><strong>caue.</strong></span> <span class='ocrx_word' id='word_1_94' title='bbox 529 1609 622 1653; x_wconf 80' lang='lat' dir='ltr'><strong>anuo</strong></span> <span class='ocrx_word' id='word_1_95' title='bbox 652 1611 731 1654; x_wconf 83' lang='lat' dir='ltr'><strong>avo.</strong></span> <span class='ocrx_word' id='word_1_96' title='bbox 759 1611 835 1656; x_wconf 84' lang='lat' dir='ltr'><strong>con.</strong></span> <span class='ocrx_word' id='word_1_97' title='bbox 872 1612 1059 1656; x_wconf 77' lang='lat' dir='ltr'><strong>ona&#39;rouvn</strong></span> 
     </span>
     <span class='ocr_line' id='line_1_13' title="bbox 42 1686 1062 1781; baseline 0.002 -29"><span class='ocrx_word' id='word_1_98' title='bbox 42 1693 74 1754; x_wconf 88' lang='lat' dir='ltr'><strong>P.</strong></span> <span class='ocrx_word' id='word_1_99' title='bbox 94 1693 133 1756; x_wconf 83' lang='lat' dir='ltr'><strong>E.</strong></span> <span class='ocrx_word' id='word_1_100' title='bbox 169 1693 284 1755; x_wconf 85' lang='lat' dir='ltr'><strong>Strabo</strong></span> <span class='ocrx_word' id='word_1_101' title='bbox 307 1686 385 1779; x_wconf 86' lang='lat' dir='ltr'><strong>[lib.</strong></span> <span class='ocrx_word' id='word_1_102' title='bbox 407 1711 440 1772; x_wconf 89' lang='lat'><strong>7.</strong></span> <span class='ocrx_word' id='word_1_103' title='bbox 469 1713 501 1774; x_wconf 88' lang='lat' dir='ltr'><strong>p.</strong></span> <span class='ocrx_word' id='word_1_104' title='bbox 528 1708 611 1755; x_wconf 77' lang='lat' dir='ltr'><strong>ooo.</strong></span> <span class='ocrx_word' id='word_1_105' title='bbox 629 1690 649 1753; x_wconf 90' lang='lat' dir='ltr'><strong>l.</strong></span> <span class='ocrx_word' id='word_1_106' title='bbox 671 1690 775 1781; x_wconf 60' lang='lat'><strong>292]</strong></span> <span class='ocrx_word' id='word_1_107' title='bbox 805 1686 946 1768; x_wconf 77' lang='grc' dir='ltr'>Βάτιους</span> <span class='ocrx_word' id='word_1_108' title='bbox 968 1709 1062 1756; x_wconf 85' lang='lat' dir='ltr'><strong>vocat</strong></span> 
     </span>
     <span class='ocr_line' id='line_1_14' title="bbox 43 1793 1064 1878; baseline 0.002 -24"><span class='ocrx_word' id='word_1_109' title='bbox 43 1793 184 1866; x_wconf 84' lang='lat' dir='ltr'><strong>Batavoe;</strong></span> <span class='ocrx_word' id='word_1_110' title='bbox 226 1796 442 1874; x_wconf 86' lang='lat' dir='ltr'><strong>nequeenim</strong></span> <span class='ocrx_word' id='word_1_111' title='bbox 465 1793 566 1874; x_wconf 89' lang='lat' dir='ltr'><strong>probo</strong></span> <span class='ocrx_word' id='word_1_112' title='bbox 591 1795 718 1855; x_wconf 85' lang='lat' dir='ltr'><strong>illorum</strong></span> <span class='ocrx_word' id='word_1_113' title='bbox 747 1797 977 1865; x_wconf 83' lang='lat' dir='ltr'><strong>coniecturam.</strong></span> <span class='ocrx_word' id='word_1_114' title='bbox 1004 1799 1064 1878; x_wconf 92' lang='lat' dir='ltr'><strong>qui</strong></span> 
     </span>
     <span class='ocr_line' id='line_1_15' title="bbox 41 1891 1063 1979; baseline 0.001 -24"><span class='ocrx_word' id='word_1_115' title='bbox 41 1891 169 1969; x_wconf 69' lang='lat' dir='ltr'><strong>lltinour</strong></span> <span class='ocrx_word' id='word_1_116' title='bbox 190 1907 363 1976; x_wconf 90' lang='lat' dir='ltr'><strong>reponunt.</strong></span> <span class='ocrx_word' id='word_1_117' title='bbox 416 1894 542 1976; x_wconf 87' lang='lat' dir='ltr'><strong>Nempe</strong></span> <span class='ocrx_word' id='word_1_118' title='bbox 566 1895 604 1956; x_wconf 90' lang='lat' dir='ltr'><strong>ab</strong></span> <span class='ocrx_word' id='word_1_119' title='bbox 627 1915 700 1979; x_wconf 86' lang='lat' dir='ltr'><strong>agro</strong></span> <span class='ocrx_word' id='word_1_120' title='bbox 724 1897 830 1957; x_wconf 78' lang='lat' dir='ltr'><strong>Berua</strong></span> <span class='ocrx_word' id='word_1_121' title='bbox 853 1897 904 1957; x_wconf 87' lang='lat' dir='ltr'><strong>vel</strong></span> <span class='ocrx_word' id='word_1_122' title='bbox 924 1899 1063 1968; x_wconf 86' lang='lat' dir='ltr'><strong>Battuu,</strong></span> 
     </span>
     <span class='ocr_line' id='line_1_16' title="bbox 40 1997 1065 2078; baseline 0.004 -23"><span class='ocrx_word' id='word_1_123' title='bbox 40 2000 81 2056; x_wconf 85' lang='lat' dir='ltr'><strong>uti</strong></span> <span class='ocrx_word' id='word_1_124' title='bbox 100 1997 193 2058; x_wconf 88' lang='lat' dir='ltr'><strong>habet</strong></span> <span class='ocrx_word' id='word_1_125' title='bbox 208 1998 380 2058; x_wconf 70' lang='lat' dir='ltr'><strong>alimoinue</strong></span> <span class='ocrx_word' id='word_1_126' title='bbox 403 1997 587 2067; x_wconf 77' lang='lat' dir='ltr'><strong>monachus,</strong></span> <span class='ocrx_word' id='word_1_127' title='bbox 617 2000 720 2058; x_wconf 86' lang='lat' dir='ltr'><strong>variae</strong></span> <span class='ocrx_word' id='word_1_128' title='bbox 743 1998 814 2058; x_wconf 87' lang='lat' dir='ltr'><strong>istae</strong></span> <span class='ocrx_word' id='word_1_129' title='bbox 839 2012 1065 2078; x_wconf 84' lang='lat' dir='ltr'><strong>promanarunt</strong></span> 
     </span>
     <span class='ocr_line' id='line_1_17' title="bbox 42 2098 1065 2184; baseline 0.001 -26"><span class='ocrx_word' id='word_1_130' title='bbox 42 2099 268 2179; x_wconf 80' lang='lat' dir='ltr'><strong>appellationes,</strong></span> <span class='ocrx_word' id='word_1_131' title='bbox 286 2119 373 2184; x_wconf 68' lang='lat' dir='ltr'><strong>¹qnae</strong></span> <span class='ocrx_word' id='word_1_132' title='bbox 387 2100 420 2157; x_wconf 91' lang='lat' dir='ltr'><strong>in</strong></span> <span class='ocrx_word' id='word_1_133' title='bbox 439 2098 526 2158; x_wconf 87' lang='lat' dir='ltr'><strong>libris</strong></span> <span class='ocrx_word' id='word_1_134' title='bbox 541 2113 573 2158; x_wconf 88' lang='lat' dir='ltr'><strong>et</strong></span> <span class='ocrx_word' id='word_1_135' title='bbox 589 2099 620 2158; x_wconf 92' lang='lat' dir='ltr'><strong>in</strong></span> <span class='ocrx_word' id='word_1_136' title='bbox 635 2101 772 2179; x_wconf 85' lang='lat' dir='ltr'><strong>antiquie</strong></span> <span class='ocrx_word' id='word_1_137' title='bbox 785 2114 969 2180; x_wconf 87' lang='lat' dir='ltr'><strong>comparent</strong></span> <span class='ocrx_word' id='word_1_138' title='bbox 984 2121 1065 2161; x_wconf 89' lang='lat' dir='ltr'><strong>mar·</strong></span> 
     </span>
     <span class='ocr_line' id='line_1_18' title="bbox 42 2199 1068 2280; baseline 0.004 -22"><span class='ocrx_word' id='word_1_139' title='bbox 42 2200 189 2270; x_wconf 80' lang='lat' dir='ltr'><strong>moribus,</strong></span> <span class='ocrx_word' id='word_1_140' title='bbox 223 2200 329 2280; x_wconf 85' lang='lat' dir='ltr'><strong>quales</strong></span> <span class='ocrx_word' id='word_1_141' title='bbox 353 2199 424 2259; x_wconf 87' lang='lat' dir='ltr'><strong>lunt</strong></span> <span class='ocrx_word' id='word_1_142' title='bbox 444 2199 527 2268; x_wconf 88' lang='lat' dir='ltr'><strong>Bati,</strong></span> <span class='ocrx_word' id='word_1_143' title='bbox 553 2200 652 2270; x_wconf 88' lang='lat' dir='ltr'><strong>Baeti,</strong></span> <span class='ocrx_word' id='word_1_144' title='bbox 678 2202 777 2270; x_wconf 85' lang='lat' dir='ltr'><strong>Batai,</strong></span> <span class='ocrx_word' id='word_1_145' title='bbox 803 2201 899 2261; x_wconf 87' lang='lat' dir='ltr'><strong>Badai</strong></span> <span class='ocrx_word' id='word_1_146' title='bbox 922 2214 953 2262; x_wconf 91' lang='lat' dir='ltr'><strong>et</strong></span> <span class='ocrx_word' id='word_1_147' title='bbox 979 2204 1068 2262; x_wconf 81' lang='lat' dir='ltr'><strong>deni·</strong></span> 
     </span>
     <span class='ocr_line' id='line_1_19' title="bbox 42 2301 1069 2380; baseline 0.005 -21"><span class='ocrx_word' id='word_1_148' title='bbox 42 2321 94 2380; x_wconf 87' lang='lat' dir='ltr'><strong>qne</strong></span> <span class='ocrx_word' id='word_1_149' title='bbox 113 2302 234 2362; x_wconf 84' lang='lat' dir='ltr'><strong>Batavi.</strong></span> <span class='ocrx_word' id='word_1_150' title='bbox 291 2303 408 2361; x_wconf 88' lang='lat' dir='ltr'><strong>Verum</strong></span> <span class='ocrx_word' id='word_1_151' title='bbox 432 2303 471 2360; x_wconf 86' lang='lat' dir='ltr'><strong>de</strong></span> <span class='ocrx_word' id='word_1_152' title='bbox 487 2301 537 2360; x_wconf 85' lang='lat' dir='ltr'><strong>hie</strong></span> <span class='ocrx_word' id='word_1_153' title='bbox 557 2303 590 2360; x_wconf 91' lang='lat' dir='ltr'><strong>in</strong></span> <span class='ocrx_word' id='word_1_154' title='bbox 605 2301 732 2364; x_wconf 82' lang='lat' dir='ltr'><strong>Batavis</strong></span> <span class='ocrx_word' id='word_1_155' title='bbox 753 2303 874 2363; x_wconf 85' lang='lat' dir='ltr'><strong>nostris.</strong></span> <span class='ocrx_word' id='word_1_156' title='bbox 926 2301 1069 2364; x_wconf 83' lang='lat' dir='ltr'><strong>Sufficiat</strong></span> 
     </span>
     <span class='ocr_line' id='line_1_20' title="bbox 42 2401 1067 2484; baseline 0.004 -24"><span class='ocrx_word' id='word_1_157' title='bbox 42 2401 169 2464; x_wconf 86' lang='lat' dir='ltr'><strong>breviter</strong></span> <span class='ocrx_word' id='word_1_158' title='bbox 187 2401 363 2472; x_wconf 85' lang='lat' dir='ltr'><strong>ostendillo‚</strong></span> <span class='ocrx_word' id='word_1_159' title='bbox 391 2402 504 2462; x_wconf 82' lang='lat' dir='ltr'><strong>Baetoo</strong></span> <span class='ocrx_word' id='word_1_160' title='bbox 520 2401 592 2464; x_wconf 84' lang='lat' dir='ltr'><strong>istos</strong></span> <span class='ocrx_word' id='word_1_161' title='bbox 609 2402 750 2465; x_wconf 89' lang='lat' dir='ltr'><strong>Cornelii</strong></span> <span class='ocrx_word' id='word_1_162' title='bbox 770 2403 907 2484; x_wconf 83' lang='lat' dir='ltr'><strong>Nepotio</strong></span> <span class='ocrx_word' id='word_1_163' title='bbox 927 2403 986 2464; x_wconf 80' lang='lat' dir='ltr'><strong>ell&#39;e</strong></span> <span class='ocrx_word' id='word_1_164' title='bbox 1009 2403 1067 2464; x_wconf 79' lang='lat' dir='ltr'><strong>lla·</strong></span> 
     </span>
     <span class='ocr_line' id='line_1_21' title="bbox 42 2502 1067 2584; baseline 0.005 -23"><span class='ocrx_word' id='word_1_165' title='bbox 42 2515 135 2573; x_wconf 79' lang='lat' dir='ltr'><strong>tavae,</strong></span> <span class='ocrx_word' id='word_1_166' title='bbox 168 2517 203 2564; x_wconf 85' lang='lat' dir='ltr'><strong>et</strong></span> <span class='ocrx_word' id='word_1_167' title='bbox 231 2521 395 2584; x_wconf 84' lang='lat' dir='ltr'><strong>perperam</strong></span> <span class='ocrx_word' id='word_1_168' title='bbox 423 2505 547 2564; x_wconf 78' lang='lat' dir='ltr'><strong>Suevos</strong></span> <span class='ocrx_word' id='word_1_169' title='bbox 575 2502 757 2565; x_wconf 83' lang='lat' dir='ltr'><strong>substituiffe</strong></span> <span class='ocrx_word' id='word_1_170' title='bbox 782 2505 941 2579; x_wconf 78' lang='lat' dir='ltr'><strong>Plinium,</strong></span> <span class='ocrx_word' id='word_1_171' title='bbox 979 2523 1067 2566; x_wconf 77' lang='lat' dir='ltr'><strong>nune</strong></span> 
     </span>
    </p>
   </div>
   <div class='ocr_carea' id='block_1_3' title="bbox 42 2601 1171 2673">
    <p class='ocr_par' dir='ltr' id='par_1_3' title="bbox 42 2601 1171 2673">
     <span class='ocr_line' id='line_1_22' title="bbox 42 2601 1171 2673; baseline 0.006 -12"><span class='ocrx_word' id='word_1_172' title='bbox 42 2601 103 2673; x_wconf 85' lang='lat' dir='ltr'><strong>luo.</strong></span> <span class='ocrx_word' id='word_1_173' title='bbox 129 2620 165 2666; x_wconf 86' lang='lat' dir='ltr'><strong>nt</strong></span> <span class='ocrx_word' id='word_1_174' title='bbox 182 2607 247 2664; x_wconf 86' lang='lat' dir='ltr'><strong>iarn</strong></span> <span class='ocrx_word' id='word_1_175' title='bbox 264 2605 371 2665; x_wconf 83' lang='lat' dir='ltr'><strong>multia</strong></span> <span class='ocrx_word' id='word_1_176' title='bbox 388 2605 420 2664; x_wconf 91' lang='lat' dir='ltr'><strong>in</strong></span> <span class='ocrx_word' id='word_1_177' title='bbox 437 2605 512 2665; x_wconf 88' lang='lat' dir='ltr'><strong>locie</strong></span> <span class='ocrx_word' id='word_1_178' title='bbox 529 2604 734 2666; x_wconf 80' lang='lat' dir='ltr'><strong>ostendimus.</strong></span> <span class='ocrx_word' id='word_1_179' title='bbox 763 2625 907 2667; x_wconf 83' lang='lat' dir='ltr'><strong>voesrva.</strong></span> <span class='ocrx_word' id='word_1_180' title='bbox 962 2607 1068 2668; x_wconf 83' lang='lat' dir='ltr'><strong>Locno</strong></span> <span class='ocrx_word' id='word_1_181' title='bbox 1170 2609 1171 2612; x_wconf 71' lang='grc'>’</span> 
     </span>
    </p>
   </div>
   <div class='ocr_carea' id='block_1_4' title="bbox 41 2701 1151 4101">
    <p class='ocr_par' dir='ltr' id='par_1_4' title="bbox 41 2701 1151 4101">
     <span class='ocr_line' id='line_1_23' title="bbox 42 2701 1067 2786; baseline 0.004 -24"><span class='ocrx_word' id='word_1_182' title='bbox 42 2703 258 2766; x_wconf 82' lang='lat' dir='ltr'><strong>incertillnnus</strong></span> <span class='ocrx_word' id='word_1_183' title='bbox 277 2720 308 2766; x_wconf 89' lang='lat' dir='ltr'><strong>et</strong></span> <span class='ocrx_word' id='word_1_184' title='bbox 325 2722 421 2786; x_wconf 86' lang='lat' dir='ltr'><strong>aeque</strong></span> <span class='ocrx_word' id='word_1_185' title='bbox 439 2709 557 2766; x_wconf 85' lang='lat' dir='ltr'><strong>incerta</strong></span> <span class='ocrx_word' id='word_1_186' title='bbox 575 2705 616 2766; x_wconf 87' lang='lat' dir='ltr'><strong>eil</strong></span> <span class='ocrx_word' id='word_1_187' title='bbox 633 2707 811 2767; x_wconf 88' lang='lat' dir='ltr'><strong>coniectura</strong></span> <span class='ocrx_word' id='word_1_188' title='bbox 830 2707 854 2766; x_wconf 86' lang='lat' dir='ltr'>V</span> <span class='ocrx_word' id='word_1_189' title='bbox 857 2701 938 2768; x_wconf 68' lang='lat' dir='ltr'><strong>offis.</strong></span> <span class='ocrx_word' id='word_1_190' title='bbox 982 2705 1067 2766; x_wconf 85' lang='lat' dir='ltr'><strong>Nam</strong></span> 
     </span>
     <span class='ocr_line' id='line_1_24' title="bbox 42 2803 1151 2893; baseline 0.004 -29"><span class='ocrx_word' id='word_1_191' title='bbox 42 2821 69 2864; x_wconf 85' lang='lat' dir='ltr'><strong>et</strong></span> <span class='ocrx_word' id='word_1_192' title='bbox 90 2828 197 2892; x_wconf 82' lang='lat' dir='ltr'><strong>regern</strong></span> <span class='ocrx_word' id='word_1_193' title='bbox 220 2810 275 2866; x_wconf 89' lang='lat' dir='ltr'><strong>dat</strong></span> <span class='ocrx_word' id='word_1_194' title='bbox 299 2808 441 2875; x_wconf 80' lang='lat' dir='ltr'><strong>Batavis,</strong></span> <span class='ocrx_word' id='word_1_195' title='bbox 476 2809 561 2886; x_wconf 80' lang='lat' dir='ltr'><strong>quoti</strong></span> <span class='ocrx_word' id='word_1_196' title='bbox 596 2805 668 2866; x_wconf 82' lang='lat' dir='ltr'><strong>facit</strong></span> <span class='ocrx_word' id='word_1_197' title='bbox 699 2808 803 2868; x_wconf 90' lang='lat' dir='ltr'><strong>nullus</strong></span> <span class='ocrx_word' id='word_1_198' title='bbox 829 2822 985 2868; x_wconf 82' lang='lat' dir='ltr'><strong>veterum.</strong></span> <span class='ocrx_word' id='word_1_199' title='bbox 1015 2803 1069 2893; x_wconf 85' lang='lat' dir='ltr'><strong>[et</strong></span> <span class='ocrx_word' id='word_1_200' title='bbox 1148 2827 1151 2836; x_wconf 85' lang='grc'><strong>’</strong></span> 
     </span>
     <span class='ocr_line' id='line_1_25' title="bbox 42 2907 1071 2986; baseline 0.002 -20"><span class='ocrx_word' id='word_1_201' title='bbox 42 2926 128 2986; x_wconf 87' lang='lat' dir='ltr'><strong>quem</strong></span> <span class='ocrx_word' id='word_1_202' title='bbox 156 2907 214 2968; x_wconf 91' lang='lat' dir='ltr'><strong>sub</strong></span> <span class='ocrx_word' id='word_1_203' title='bbox 235 2910 391 2969; x_wconf 77' lang='lat' dir='ltr'><strong>Romanis</strong></span> <span class='ocrx_word' id='word_1_204' title='bbox 414 2911 547 2968; x_wconf 89' lang='lat' dir='ltr'><strong>minime</strong></span> <span class='ocrx_word' id='word_1_205' title='bbox 569 2907 710 2969; x_wconf 80' lang='lat' dir='ltr'><strong>lrabnille</strong></span> <span class='ocrx_word' id='word_1_206' title='bbox 733 2911 825 2970; x_wconf 88' lang='lat' dir='ltr'><strong>docet</strong></span> <span class='ocrx_word' id='word_1_207' title='bbox 846 2909 1015 2970; x_wconf 77' lang='lat' dir='ltr'><strong>Cluverius</strong></span> <span class='ocrx_word' id='word_1_208' title='bbox 1037 2910 1071 2968; x_wconf 88' lang='lat' dir='ltr'><strong>in</strong></span> 
     </span>
     <span class='ocr_line' id='line_1_26' title="bbox 44 3006 1068 3096; baseline 0.002 -28"><span class='ocrx_word' id='word_1_209' title='bbox 44 3008 143 3072; x_wconf 86' lang='lat' dir='ltr'><strong>Germ.</strong></span> <span class='ocrx_word' id='word_1_210' title='bbox 160 3023 228 3070; x_wconf 86' lang='lat' dir='ltr'><strong>ant.</strong></span> <span class='ocrx_word' id='word_1_211' title='bbox 247 3010 303 3072; x_wconf 92' lang='lat' dir='ltr'><strong>lib.</strong></span> <span class='ocrx_word' id='word_1_212' title='bbox 324 3031 352 3070; x_wconf 84' lang='lat' dir='ltr'><strong>r.</strong></span> <span class='ocrx_word' id='word_1_213' title='bbox 371 3029 397 3070; x_wconf 89' lang='lat' dir='ltr'><strong>c.</strong></span> <span class='ocrx_word' id='word_1_214' title='bbox 416 3023 474 3087; x_wconf 74' lang='lat'><strong>39.</strong></span> <span class='ocrx_word' id='word_1_215' title='bbox 492 3030 524 3090; x_wconf 90' lang='lat' dir='ltr'><strong>p.</strong></span> <span class='ocrx_word' id='word_1_216' title='bbox 544 3006 645 3096; x_wconf 55' lang='grc' dir='ltr'><strong>οη]</strong></span> <span class='ocrx_word' id='word_1_217' title='bbox 681 3029 704 3072; x_wconf 88' lang='lat'><strong>1.</strong></span> <span class='ocrx_word' id='word_1_218' title='bbox 728 3028 925 3071; x_wconf 76' lang='lat' dir='ltr'><strong>ouonoinve</strong></span> <span class='ocrx_word' id='word_1_219' title='bbox 939 3011 1068 3070; x_wconf 77' lang='lat' dir='ltr'><strong>tlIStus.</strong></span> 
     </span>
     <span class='ocr_line' id='line_1_27' title="bbox 41 3108 1072 3193; baseline 0.005 -25"><span class='ocrx_word' id='word_1_220' title='bbox 41 3109 138 3172; x_wconf 83' lang='lat' dir='ltr'><strong>Voffio</strong></span> <span class='ocrx_word' id='word_1_221' title='bbox 166 3110 344 3172; x_wconf 78' lang='lat' dir='ltr'><strong>adsentitur</strong></span> <span class='ocrx_word' id='word_1_222' title='bbox 364 3110 476 3174; x_wconf 76' lang='lat' dir='ltr'><strong>Bofius</strong></span> <span class='ocrx_word' id='word_1_223' title='bbox 498 3111 536 3170; x_wconf 88' lang='lat' dir='ltr'><strong>ad</strong></span> <span class='ocrx_word' id='word_1_224' title='bbox 565 3109 699 3191; x_wconf 81' lang='lat' dir='ltr'><strong>Nepotis</strong></span> <span class='ocrx_word' id='word_1_225' title='bbox 725 3108 835 3193; x_wconf 77' lang='lat' dir='ltr'><strong>fragm.</strong></span> <span class='ocrx_word' id='word_1_226' title='bbox 860 3131 886 3174; x_wconf 89' lang='lat' dir='ltr'><strong>c.</strong></span> <span class='ocrx_word' id='word_1_227' title='bbox 910 3125 943 3182; x_wconf 89' lang='lat'><strong>7.</strong></span> <span class='ocrx_word' id='word_1_228' title='bbox 979 3125 1072 3191; x_wconf 83' lang='lat' dir='ltr'><strong>atque</strong></span> 
     </span>
     <span class='ocr_line' id='line_1_28' title="bbox 41 3208 1073 3275; baseline 0.004 -7"><span class='ocrx_word' id='word_1_229' title='bbox 41 3211 112 3272; x_wconf 81' lang='lat' dir='ltr'><strong>arleo</strong></span> <span class='ocrx_word' id='word_1_230' title='bbox 136 3215 171 3274; x_wconf 90' lang='lat' dir='ltr'><strong>in</strong></span> <span class='ocrx_word' id='word_1_231' title='bbox 200 3211 359 3274; x_wconf 85' lang='lat' dir='ltr'><strong>Strabone</strong></span> <span class='ocrx_word' id='word_1_232' title='bbox 380 3212 468 3272; x_wconf 88' lang='lat' dir='ltr'><strong>malit</strong></span> <span class='ocrx_word' id='word_1_233' title='bbox 489 3208 614 3273; x_wconf 82' lang='grc' dir='ltr'><strong><em>Βαὶτοι.</em></strong></span> <span class='ocrx_word' id='word_1_234' title='bbox 670 3214 747 3272; x_wconf 85' lang='lat' dir='ltr'><strong>Vera</strong></span> <span class='ocrx_word' id='word_1_235' title='bbox 771 3227 875 3273; x_wconf 86' lang='lat' dir='ltr'><strong>tamen</strong></span> <span class='ocrx_word' id='word_1_236' title='bbox 893 3232 966 3273; x_wconf 87' lang='lat' dir='ltr'><strong>eum</strong></span> <span class='ocrx_word' id='word_1_237' title='bbox 988 3210 1073 3275; x_wconf 82' lang='lat' dir='ltr'><strong>refu·</strong></span> 
     </span>
     <span class='ocr_line' id='line_1_29' title="bbox 41 3312 1075 3393; baseline -0.001 -20"><span class='ocrx_word' id='word_1_238' title='bbox 41 3315 114 3373; x_wconf 83' lang='lat' dir='ltr'><strong>tavit</strong></span> <span class='ocrx_word' id='word_1_239' title='bbox 136 3317 160 3375; x_wconf 94' lang='lat'><strong>1.</strong></span> <span class='ocrx_word' id='word_1_240' title='bbox 183 3314 387 3374; x_wconf 81' lang='lat' dir='ltr'><strong>Gronovius.</strong></span> <span class='ocrx_word' id='word_1_241' title='bbox 443 3313 478 3372; x_wconf 92' lang='lat' dir='ltr'><strong>ln</strong></span> <span class='ocrx_word' id='word_1_242' title='bbox 498 3312 593 3372; x_wconf 89' lang='lat' dir='ltr'><strong>Plinii</strong></span> <span class='ocrx_word' id='word_1_243' title='bbox 616 3312 763 3382; x_wconf 86' lang='lat' dir='ltr'><strong>lectione,</strong></span> <span class='ocrx_word' id='word_1_244' title='bbox 786 3315 870 3393; x_wconf 89' lang='lat' dir='ltr'><strong>quod</strong></span> <span class='ocrx_word' id='word_1_245' title='bbox 893 3328 982 3374; x_wconf 88' lang='lat' dir='ltr'><strong>notat</strong></span> <span class='ocrx_word' id='word_1_246' title='bbox 998 3315 1075 3374; x_wconf 83' lang='lat' dir='ltr'><strong>Har·</strong></span> 
     </span>
     <span class='ocr_line' id='line_1_30' title="bbox 41 3412 1077 3484; baseline 0.003 -13"><span class='ocrx_word' id='word_1_247' title='bbox 41 3413 166 3484; x_wconf 77' lang='lat' dir='ltr'><strong>doinus,</strong></span> <span class='ocrx_word' id='word_1_248' title='bbox 194 3412 401 3476; x_wconf 81' lang='lat' dir='ltr'><strong>consentiunt</strong></span> <span class='ocrx_word' id='word_1_249' title='bbox 422 3431 533 3474; x_wconf 88' lang='lat' dir='ltr'><strong>omnes</strong></span> <span class='ocrx_word' id='word_1_250' title='bbox 549 3414 686 3482; x_wconf 73' lang='lat' dir='ltr'><strong>codices,</strong></span> <span class='ocrx_word' id='word_1_251' title='bbox 712 3433 772 3474; x_wconf 92' lang='lat' dir='ltr'><strong>nec</strong></span> <span class='ocrx_word' id='word_1_252' title='bbox 787 3416 874 3475; x_wconf 88' lang='lat' dir='ltr'><strong>aliter</strong></span> <span class='ocrx_word' id='word_1_253' title='bbox 891 3416 963 3476; x_wconf 88' lang='lat' dir='ltr'><strong>inde</strong></span> <span class='ocrx_word' id='word_1_254' title='bbox 979 3413 1077 3475; x_wconf 85' lang='lat' dir='ltr'><strong>refert</strong></span> 
     </span>
     <span class='ocr_line' id='line_1_31' title="bbox 42 3512 1076 3600; baseline 0.003 -26"><span class='ocrx_word' id='word_1_255' title='bbox 42 3516 159 3578; x_wconf 80' lang='lat' dir='ltr'><strong>Aeneae</strong></span> <span class='ocrx_word' id='word_1_256' title='bbox 180 3517 315 3594; x_wconf 85' lang='lat' dir='ltr'><strong>Sylvius</strong></span> <span class='ocrx_word' id='word_1_257' title='bbox 336 3517 369 3574; x_wconf 93' lang='lat' dir='ltr'><strong>in</strong></span> <span class='ocrx_word' id='word_1_258' title='bbox 395 3514 522 3576; x_wconf 87' lang='lat' dir='ltr'><strong>historia</strong></span> <span class='ocrx_word' id='word_1_259' title='bbox 544 3534 649 3578; x_wconf 88' lang='lat' dir='ltr'><strong>rerum</strong></span> <span class='ocrx_word' id='word_1_260' title='bbox 673 3514 791 3596; x_wconf 85' lang='lat' dir='ltr'><strong>ubique</strong></span> <span class='ocrx_word' id='word_1_261' title='bbox 817 3515 968 3600; x_wconf 82' lang='lat' dir='ltr'><strong>gestarum</strong></span> <span class='ocrx_word' id='word_1_262' title='bbox 993 3512 1012 3576; x_wconf 84' lang='lat' dir='ltr'><strong>l.</strong></span> <span class='ocrx_word' id='word_1_263' title='bbox 1035 3515 1076 3577; x_wconf 83' lang='lat' dir='ltr'><strong>rle</strong></span> 
     </span>
     <span class='ocr_line' id='line_1_32' title="bbox 45 3615 1078 3698; baseline 0.004 -24"><span class='ocrx_word' id='word_1_264' title='bbox 45 3617 106 3677; x_wconf 75' lang='lat' dir='ltr'><strong>usn</strong></span> <span class='ocrx_word' id='word_1_265' title='bbox 126 3639 158 3698; x_wconf 91' lang='lat' dir='ltr'><strong>p.</strong></span> <span class='ocrx_word' id='word_1_266' title='bbox 177 3629 266 3694; x_wconf 74' lang='lat'><strong>233.</strong></span> <span class='ocrx_word' id='word_1_267' title='bbox 294 3616 363 3698; x_wconf 79' lang='lat' dir='ltr'><strong>(erl.</strong></span> <span class='ocrx_word' id='word_1_268' title='bbox 381 3615 470 3678; x_wconf 78' lang='lat' dir='ltr'><strong>Bam.</strong></span> <span class='ocrx_word' id='word_1_269' title='bbox 494 3616 621 3695; x_wconf 82' lang='lat'><strong>1551.)</strong></span> <span class='ocrx_word' id='word_1_270' title='bbox 656 3615 728 3676; x_wconf 89' lang='lat' dir='ltr'><strong>Post</strong></span> <span class='ocrx_word' id='word_1_271' title='bbox 751 3618 845 3676; x_wconf 85' lang='lat' dir='ltr'><strong>etiarn</strong></span> <span class='ocrx_word' id='word_1_272' title='bbox 867 3619 950 3675; x_wconf 88' lang='lat' dir='ltr'><strong>illam</strong></span> <span class='ocrx_word' id='word_1_273' title='bbox 968 3618 1078 3678; x_wconf 87' lang='lat' dir='ltr'><strong>lectio·</strong></span> 
     </span>
     <span class='ocr_line' id='line_1_33' title="bbox 44 3716 1078 3797; baseline 0.004 -23"><span class='ocrx_word' id='word_1_274' title='bbox 44 3737 111 3776; x_wconf 89' lang='lat' dir='ltr'><strong>nem</strong></span> <span class='ocrx_word' id='word_1_275' title='bbox 130 3720 238 3778; x_wconf 77' lang='lat' dir='ltr'><strong>tuitus</strong></span> <span class='ocrx_word' id='word_1_276' title='bbox 255 3716 343 3777; x_wconf 83' lang='lat' dir='ltr'><strong>estin</strong></span> <span class='ocrx_word' id='word_1_277' title='bbox 359 3717 462 3776; x_wconf 86' lang='lat' dir='ltr'><strong>nostro</strong></span> <span class='ocrx_word' id='word_1_278' title='bbox 480 3717 719 3785; x_wconf 77' lang='lat' dir='ltr'><strong>Pellontierine,</strong></span> <span class='ocrx_word' id='word_1_279' title='bbox 747 3720 800 3797; x_wconf 86' lang='lat' dir='ltr'><strong>qni</strong></span> <span class='ocrx_word' id='word_1_280' title='bbox 818 3716 905 3797; x_wconf 85' lang='lat' dir='ltr'><strong>snper</strong></span> <span class='ocrx_word' id='word_1_281' title='bbox 922 3717 984 3777; x_wconf 90' lang='lat' dir='ltr'><strong>hoc</strong></span> <span class='ocrx_word' id='word_1_282' title='bbox 1005 3717 1078 3778; x_wconf 86' lang='lat' dir='ltr'><strong>loco</strong></span> 
     </span>
     <span class='ocr_line' id='line_1_34' title="bbox 45 3818 1080 3897; baseline 0.002 -22"><span class='ocrx_word' id='word_1_283' title='bbox 45 3821 195 3895; x_wconf 72' lang='lat' dir='ltr'><strong>prolixius</strong></span> <span class='ocrx_word' id='word_1_284' title='bbox 222 3819 399 3897; x_wconf 75' lang='lat' dir='ltr'><strong>disputavit</strong></span> <span class='ocrx_word' id='word_1_285' title='bbox 423 3819 456 3876; x_wconf 92' lang='lat' dir='ltr'><strong>in</strong></span> <span class='ocrx_word' id='word_1_286' title='bbox 481 3818 608 3878; x_wconf 86' lang='lat' dir='ltr'><strong>hilloire</strong></span> <span class='ocrx_word' id='word_1_287' title='bbox 635 3821 672 3876; x_wconf 85' lang='lat' dir='ltr'><strong>rle</strong></span> <span class='ocrx_word' id='word_1_288' title='bbox 700 3819 884 3878; x_wconf 80' lang='lat' dir='ltr'><strong>l&#39;aoailemia</strong></span> <span class='ocrx_word' id='word_1_289' title='bbox 909 3820 962 3877; x_wconf 87' lang='lat' dir='ltr'><strong>des</strong></span> <span class='ocrx_word' id='word_1_290' title='bbox 986 3818 1080 3878; x_wconf 85' lang='lat' dir='ltr'><strong>icien-</strong></span> 
     </span>
     <span class='ocr_line' id='line_1_35' title="bbox 45 3917 1080 4000; baseline 0.001 -23"><span class='ocrx_word' id='word_1_291' title='bbox 45 3937 89 3981; x_wconf 85' lang='lat' dir='ltr'><strong>oea</strong></span> <span class='ocrx_word' id='word_1_292' title='bbox 112 3951 163 3964; x_wconf 91' lang='lat'><strong>-·</strong></span> <span class='ocrx_word' id='word_1_293' title='bbox 193 3922 237 3980; x_wconf 85' lang='lat' dir='ltr'><strong>de</strong></span> <span class='ocrx_word' id='word_1_294' title='bbox 264 3921 370 3980; x_wconf 83' lang='lat' dir='ltr'><strong>Berlin</strong></span> <span class='ocrx_word' id='word_1_295' title='bbox 397 3919 436 3978; x_wconf 91' lang='lat' dir='ltr'><strong>T.</strong></span> <span class='ocrx_word' id='word_1_296' title='bbox 462 3940 489 3980; x_wconf 86' lang='lat'><strong>1.</strong></span> <span class='ocrx_word' id='word_1_297' title='bbox 513 3940 544 4000; x_wconf 88' lang='lat' dir='ltr'><strong>p.</strong></span> <span class='ocrx_word' id='word_1_298' title='bbox 567 3935 631 3992; x_wconf 77' lang='lat'><strong>177</strong></span> <span class='ocrx_word' id='word_1_299' title='bbox 648 3917 709 3999; x_wconf 86' lang='lat' dir='ltr'><strong>sqq.</strong></span> <span class='ocrx_word' id='word_1_300' title='bbox 762 3919 881 3980; x_wconf 81' lang='lat' dir='ltr'><strong>Contra</strong></span> <span class='ocrx_word' id='word_1_301' title='bbox 908 3919 1080 3979; x_wconf 77' lang='lat' dir='ltr'><strong>lllienauue</strong></span> 
     </span>
     <span class='ocr_line' id='line_1_36' title="bbox 46 4018 1084 4101; baseline 0 -25"><span class='ocrx_word' id='word_1_302' title='bbox 46 4020 80 4078; x_wconf 87' lang='lat' dir='ltr'><strong>ad</strong></span> <span class='ocrx_word' id='word_1_303' title='bbox 97 4023 206 4083; x_wconf 83' lang='lat' dir='ltr'><strong>Taciti</strong></span> <span class='ocrx_word' id='word_1_304' title='bbox 225 4021 335 4082; x_wconf 87' lang='lat' dir='ltr'><strong>Germ.</strong></span> <span class='ocrx_word' id='word_1_305' title='bbox 352 4040 378 4082; x_wconf 89' lang='lat' dir='ltr'><strong>c.</strong></span> <span class='ocrx_word' id='word_1_306' title='bbox 397 4033 457 4101; x_wconf 73' lang='lat'><strong>45.</strong></span> <span class='ocrx_word' id='word_1_307' title='bbox 480 4021 619 4088; x_wconf 86' lang='lat' dir='ltr'><strong>coniicit,</strong></span> <span class='ocrx_word' id='word_1_308' title='bbox 648 4021 766 4080; x_wconf 79' lang='lat' dir='ltr'><strong>lilelam</strong></span> <span class='ocrx_word' id='word_1_309' title='bbox 788 4018 945 4100; x_wconf 81' lang='lat' dir='ltr'><strong>scriplille:</strong></span> <span class='ocrx_word' id='word_1_310' title='bbox 973 4041 994 4078; x_wconf 85' lang='lat' dir='ltr'><strong>o</strong></span> <span class='ocrx_word' id='word_1_311' title='bbox 1015 4039 1084 4097; x_wconf 78' lang='lat' dir='ltr'><strong>rege</strong></span> 
     </span>
    </p>
   </div>
   <div class='ocr_carea' id='block_1_5' title="bbox 44 4121 1083 4283">
    <p class='ocr_par' dir='ltr' id='par_1_5' title="bbox 44 4121 1083 4283">
     <span class='ocr_line' id='line_1_37' title="bbox 44 4121 1083 4204; baseline -0.003 -22"><span class='ocrx_word' id='word_1_312' title='bbox 44 4122 235 4204; x_wconf 75' lang='lat' dir='ltr'><strong>Lygiorum3</strong></span> <span class='ocrx_word' id='word_1_313' title='bbox 269 4123 395 4184; x_wconf 85' lang='lat' dir='ltr'><strong>Suevos</strong></span> <span class='ocrx_word' id='word_1_314' title='bbox 416 4123 504 4183; x_wconf 92' lang='lat' dir='ltr'><strong>enim</strong></span> <span class='ocrx_word' id='word_1_315' title='bbox 531 4123 692 4183; x_wconf 85' lang='lat' dir='ltr'><strong>continere</strong></span> <span class='ocrx_word' id='word_1_316' title='bbox 714 4121 849 4204; x_wconf 81' lang='lat' dir='ltr'><strong>Lygioe,</strong></span> <span class='ocrx_word' id='word_1_317' title='bbox 883 4121 920 4180; x_wconf 79' lang='lat' dir='ltr'><strong>arl</strong></span> <span class='ocrx_word' id='word_1_318' title='bbox 949 4140 1083 4199; x_wconf 88' lang='lat' dir='ltr'><strong>eamque</strong></span> 
     </span>
     <span class='ocr_line' id='line_1_38' title="bbox 670 4224 748 4283; baseline 0 0"><span class='ocrx_word' id='word_1_319' title='bbox 670 4224 700 4283; x_wconf 82' lang='lat' dir='ltr'><strong>K</strong></span> <span class='ocrx_word' id='word_1_320' title='bbox 728 4237 748 4283; x_wconf 85' lang='lat' dir='ltr'><strong>o</strong></span> 
     </span>
    </p>
   </div>
   <div class='ocr_carea' id='block_1_6' title="bbox 0 0 1406 4936">
    <p class='ocr_par' dir='ltr' id='par_1_6' title="bbox 0 0 1406 4936">
     <span class='ocr_line' id='line_1_39' title="bbox 0 0 1406 4936; baseline 0 0"><span class='ocrx_word' id='word_1_321' title='bbox 0 0 1406 4936; x_wconf 95' lang='lat' dir='ltr'><strong> </strong></span> 
     </span>
    </p>
   </div>
  </div>
 </body>
</html>
