2826 4936
321 468 381 538 ²26
613 469 860 531 eomroun
902 471 1063 532 Metal

319 659 465 712 notatum
486 641 571 730 emt)
593 665 653 708 nec
673 649 781 710 minua
803 645 995 708 riesrderattar
1017 649 1051 710 in
1069 645 1143 711 eclrl.
1161 663 1190 711 1.
1209 661 1239 708 s.
1259 653 1290 725 3.
1303 649 1332 726 4.

320 761 356 833 4.
382 763 414 829 5.
440 748 473 814 6.
497 764 529 826 7.
550 761 583 827 8.
608 767 641 830 9.
670 769 724 814 ιο.
750 769 803 812 ιι.
826 765 880 812 12.
903 761 959 828 ιδ.
986 759 1041 829 ¹4·
1063 760 1117 826 ι5.
1145 749 1333 822 ¹6·17·¹8·

325 871 382 934 19.
402 867 459 915 20.
481 867 537 914 or.
563 865 621 912 Μ.
642 865 696 930 95.
723 861 780 932 24.
805 862 863 928 25.
887 851 1087 932 omninoque
1106 851 1254 916 Vedianis.
1279 846 1335 908 Oli·

320 954 457 1016 varinnis
481 965 514 1014 et
535 954 686 1036 cognatis.
739 953 867 1014 Primus
891 950 1025 1014 inseruit
1046 952 1205 1022 Scbortus.
1228 948 1335 1010 secutus

322 1057 365 1118 ell
388 1051 509 1116 l'ossms
533 1067 567 1114 et
585 1053 708 1136 reliqui.
741 1073 944 1116 azacavcrra.
1005 1054 1106 1115 Verba
1130 1053 1196 1114 illa:
1230 1057 1336 1114 Araxes

327 1157 425 1218 Tauri
450 1155 546 1216 latere
571 1147 716 1246 derraiffns
743 1153 863 1216 sensum
890 1155 1044 1217 inchoant
1070 1152 1238 1216 diversum.
1285 1151 1336 1212 Per

321 1257 539 1342 praecedentia
561 1277 637 1318 vero
661 1257 777 1318 fluvius
796 1257 999 1342 significatur,
1026 1257 1118 1319 cuius
1132 1275 1247 1318 nomen
1261 1252 1336 1314 libra·

321 1361 442 1422 riorum
460 1359 578 1420 incuria
594 1359 708 1421 omisit.
761 1357 856 1419 Hunc
871 1371 1019 1440 putamus
1035 1356 1096 1420 esse
1115 1359 1245 1420 fluvium
1259 1354 1337 1424 dtr,-

323 1473 395 1524 tum
425 1461 509 1541 quod
532 1457 629 1521 sacilia
653 1458 713 1520 suit
734 1459 850 1520 librarii
874 1459 993 1542 ubique
1020 1461 1222 1522 dormitantis
1243 1455 1336 1537 lapsus,

323 1583 387 1626 una
409 1561 559 1622 duntaxat
583 1559 693 1642 syllaba
717 1561 897 1642 praeterita,
932 1575 1003 1621 tum
1026 1563 1114 1642 quod
1130 1561 1213 1622 Mela
1230 1555 1336 1620 duobus

325 1665 425 1728 alveis
448 1663 540 1724 tradit
558 1667 642 1724 exire
660 1665 693 1723 in
712 1661 860 1744 Caspium
888 1663 1007 1734 finmn,
1042 1665 1132 1744 quod
1150 1664 1188 1724 de
1202 1661 1272 1724 siba
1291 1657 1336 1719 flu·

324 1769 413 1828 mine
426 1776 530 1846 aperte
547 1763 673 1826 testatur
686 1763 900 1826 Ptolemaeus.
925 1760 978 1850 [5.
998 1785 1031 1844 9.
1052 1779 1085 1826 et
1104 1765 1137 1834 6.
1160 1757 1232 1848 rip]
1264 1761 1336 1823 Prae

325 1881 420 1936 terea,
449 1865 468 1923 li
483 1865 633 1946 quierem
651 1865 821 1948 diligenter
835 1867 1003 1936 examinet.
1028 1867 1178 1928 inveniet
1192 1885 1228 1926 ex
1243 1879 1336 1944 magua

324 1967 498 2030 sluviorum
521 1967 627 2048 copia,
660 1967 714 2046 qui
738 1969 771 2026 in
797 1965 979 2046 Hyrcanum
1003 1985 1092 2028 nrare
1114 1969 1276 2036 emittunt,
1298 1959 1337 2022 sex

325 2083 460 2138 tantum,
486 2067 539 2147 qui
563 2065 678 2127 santam
701 2067 849 2139 habeant,
875 2065 1020 2152 delegisse
1040 2067 1174 2140 Melam,
1199 2085 1271 2151 quos
1286 2081 1337 2124 me·

324 2169 443 2231 moriae
473 2169 631 2248 proderet.
685 2171 778 2231 Duos
803 2172 837 2230 in
865 2169 965 2230 sanum
991 2167 1142 2252 Caspium
1167 2172 1336 2232 emittentes.

324 2271 460 2331 totidem
489 2269 522 2327 in
550 2269 752 2348 Hyrcanum.
795 2271 952 2353 postremo
985 2272 1066 2332 duos
1100 2273 1135 2333 in
1163 2271 1335 2351 Scythicam.

323 2373 471 2451 Denique
489 2369 564 2430 siha
584 2370 703 2432 lluvius
723 2373 831 2456 plagae
848 2371 1111 2455 Septentrionalia
1130 2373 1259 2435 Tanaidi
1275 2365 1335 2430 vici·

323 2491 400 2550 ntra,
425 2485 552 2533 auctore
575 2471 777 2542 Marcellino,
801 2470 880 2560 [aa.
906 2470 961 2562 8.]
988 2475 1089 2534 clarus
1111 2473 1156 2536 est
1175 2489 1207 2537 et
1226 2467 1335 2534 celeber.

323 2573 376 2632 rel
403 2574 491 2652 quod
524 2573 718 2635 disterminat
749 2575 935 2636 Sarmatiam
966 2597 983 2636 a
1009 2575 1159 2654 Scythia,
1198 2589 1233 2636 ut
1253 2569 1336 2633 scribit

323 2673 536 2742 Ptolemaeus,
561 2671 616 2760 [ζῆ.
634 2669 690 2760 9.]
719 2677 771 2736 vel
793 2677 894 2738 radice
916 2677 1078 2738 cuiusdam
1096 2677 1214 2740 herbae
1235 2684 1337 2758 vegete·

323 2773 406 2843 bilis.
433 2793 511 2855 quae
531 2775 647 2838 ineius
665 2775 836 2858 superciliis
855 2779 998 2861 gignitur
1016 2779 1054 2840 ad
1070 2775 1145 2840 usus
1169 2775 1337 2857 multiplices

323 2876 538 2946 medelarum,
579 2890 616 2938 ut
646 2878 734 2938 idern
768 2878 970 2940 Marcellinus
1000 2879 1105 2942 tradit.
1162 2891 1337 2942 rauranum.

323 2977 419 3042 Deest
434 2978 519 3048 silea,
544 2995 665 3040 nomen
686 2977 839 3050 fluminis,
862 2980 1118 3064 legendumquer
1152 2981 1278 3042 sileaex
1293 2975 1338 3036 ce

324 3079 443 3139 rauniss
463 3076 628 3142 ruorrtibas.
669 3099 878 3143 ctaccourvs.
939 3079 1103 3143 Manifeste
1130 3081 1184 3143 bic
1202 3078 1279 3142 deesl
1296 3075 1339 3136 ali·

323 3179 412 3259 quid.
452 3178 619 3244 Pincianus
639 3195 723 3244 recte
739 3183 915 3254 divinavit,
936 3181 1081 3244 excidisse
1098 3181 1152 3244 bic
1168 3179 1339 3245 vocabulum

323 3281 402 3340 Illae
424 3279 578 3344 slantinis.
629 3283 847 3345 SImilitudine
873 3285 962 3346 vocis
988 3283 1164 3366 sequentis,
1198 3285 1243 3344 uti
1267 3279 1339 3359 saepe

323 3381 407 3450 alias,
430 3379 548 3440 librarii
570 3383 695 3464 decepti
714 3384 933 3468 neglexerunt.
986 3385 1104 3448 Verum
1122 3407 1189 3448 non
1204 3397 1281 3445 recte
1293 3381 1339 3440 fla·

324 3483 418 3542 vium
441 3481 528 3542 hunc
543 3483 586 3544 ait
601 3486 676 3544 oriri
697 3505 737 3546 ex
753 3485 917 3548 Cerauniis
932 3486 1109 3556 montibus.
1136 3505 1264 3568 quorum
1280 3479 1339 3540 filu!

325 3595 421 3645 notos
447 3603 486 3644 ex
512 3584 710 3658 Ptolemaeo,
738 3581 792 3674 [5.
818 3579 874 3672 9.]
901 3607 974 3647 cum
1000 3587 1217 3650 remotissimis
1239 3586 1339 3647 oriatur

324 3681 480 3754 sontibus,
508 3703 543 3746 ao
564 3687 634 3766 plus
655 3707 749 3768 quam
770 3689 1015 3772 quadringentas
1038 3689 1235 3750 Germanicas
1253 3686 1339 3746 leuna

326 3785 416 3848 curso
443 3785 498 3846 suat
523 3789 679 3849 conficiat.
738 3791 801 3852 Sed
830 3809 934 3870 neque
963 3789 1042 3851 illud
1071 3809 1198 3859 verum,
1231 3783 1338 3848 duobus

324 3900 450 3948 tantum
474 3888 573 3950 alveis
592 3890 625 3950 in
644 3887 794 3972 Caspium
815 3911 901 3952 snare
917 3892 1020 3963 exire;
1056 3889 1245 3975 septuaginta
1265 3883 1338 3948 enim

327 3988 400 4051 ostia
417 4004 642 4060 numerarunt,
668 3991 722 4072 qui
739 3992 906 4060 viderunt.
932 3994 1098 4052 autetiam
1118 3993 1219 4074 plura;
1249 4001 1337 4070 quant·

327 4093 376 4152 vis
400 4090 452 4151 alsi
475 4091 751 4173 vigintiquinque
775 4091 1072 4164 tantumdemst,
1099 4095 1182 4175 quod
1203 4095 1239 4152 de
1258 4085 1336 4150 malo·

240 4175 245 4186 ’
325 4193 412 4254 ribus
442 4189 543 4254 forsan
575 4207 607 4253 et
639 4193 898 4276 permanentibus
925 4195 1010 4256 osliia
1037 4195 1079 4258 cst
1103 4191 1334 4278 intelligendum.
