<?xml version="1.0" encoding="UTF-8"?>
<!DOCTYPE html PUBLIC "-//W3C//DTD XHTML 1.0 Transitional//EN"
    "http://www.w3.org/TR/xhtml1/DTD/xhtml1-transitional.dtd">
<html xmlns="http://www.w3.org/1999/xhtml" xml:lang="en" lang="en">
 <head>
  <title>
</title>
<meta http-equiv="Content-Type" content="text/html;charset=utf-8" />
  <meta name='ocr-system' content='tesseract 3.04.00' />
  <meta name='ocr-capabilities' content='ocr_page ocr_carea ocr_par ocr_line ocrx_word'/>
</head>
<body>
  <div class='ocr_page' id='page_1' title='image "./pomponiimelaede05melagoog_0784.png"; bbox 0 0 2826 4936; ppageno 0'>
   <div class='ocr_carea' id='block_1_1' title="bbox 288 411 1024 492">
    <p class='ocr_par' dir='ltr' id='par_1_1' title="bbox 288 411 1024 492">
     <span class='ocr_line' id='line_1_1' title="bbox 288 411 1024 492; baseline -0.007 -18"><span class='ocrx_word' id='word_1_1' title='bbox 288 411 347 492; x_wconf 52' lang='grc' dir='ltr'><strong>ιρι</strong></span> <span class='ocrx_word' id='word_1_2' title='bbox 588 413 829 472; x_wconf 82' lang='lat' dir='ltr'><strong>rourourr</strong></span> <span class='ocrx_word' id='word_1_3' title='bbox 865 411 1024 470; x_wconf 77' lang='grc' dir='ltr'><strong>ιιιιιιιι</strong></span> 
     </span>
    </p>
   </div>
   <div class='ocr_carea' id='block_1_2' title="bbox 284 580 1300 778">
    <p class='ocr_par' dir='ltr' id='par_1_2' title="bbox 284 580 1379 778">
     <span class='ocr_line' id='line_1_2' title="bbox 285 580 1300 674; baseline -0.008 -20"><span class='ocrx_word' id='word_1_4' title='bbox 285 590 429 674; x_wconf 77' lang='lat' dir='ltr'><strong>margine</strong></span> <span class='ocrx_word' id='word_1_5' title='bbox 452 581 604 671; x_wconf 57' lang='lat' dir='ltr'><strong>explicem</strong></span> <span class='ocrx_word' id='word_1_6' title='bbox 636 587 701 648; x_wconf 84' lang='lat' dir='ltr'><strong>hoo</strong></span> <span class='ocrx_word' id='word_1_7' title='bbox 723 587 780 658; x_wconf 80' lang='lat' dir='ltr'><strong>ull,</strong></span> <span class='ocrx_word' id='word_1_8' title='bbox 806 605 900 669; x_wconf 76' lang='lat' dir='ltr'><strong>quam</strong></span> <span class='ocrx_word' id='word_1_9' title='bbox 924 588 1021 670; x_wconf 77' lang='lat' dir='ltr'><strong>longe</strong></span> <span class='ocrx_word' id='word_1_10' title='bbox 1040 585 1192 648; x_wconf 80' lang='lat' dir='ltr'><strong>memoria</strong></span> <span class='ocrx_word' id='word_1_11' title='bbox 1209 580 1300 646; x_wconf 67' lang='lat' dir='ltr'><strong>exiet</strong></span> 
     </span>
     <span class='ocr_line' id='line_1_3' title="bbox 284 687 1104 778; baseline -0.004 -22"><span class='ocrx_word' id='word_1_12' title='bbox 284 694 336 760; x_wconf 81' lang='lat' dir='ltr'><strong>De</strong></span> <span class='ocrx_word' id='word_1_13' title='bbox 351 693 422 778; x_wconf 84' lang='lat' dir='ltr'><strong>quir</strong></span> <span class='ocrx_word' id='word_1_14' title='bbox 438 705 470 752; x_wconf 84' lang='lat' dir='ltr'><strong>et</strong></span> <span class='ocrx_word' id='word_1_15' title='bbox 485 691 575 774; x_wconf 81' lang='lat' dir='ltr'><strong>queis</strong></span> <span class='ocrx_word' id='word_1_16' title='bbox 595 687 635 752; x_wconf 80' lang='lat' dir='ltr'><strong>ci.</strong></span> <span class='ocrx_word' id='word_1_17' title='bbox 655 689 694 750; x_wconf 83' lang='lat' dir='ltr'><strong>ad</strong></span> <span class='ocrx_word' id='word_1_18' title='bbox 713 705 744 761; x_wconf 88' lang='lat'><strong>2,</strong></span> <span class='ocrx_word' id='word_1_19' title='bbox 767 709 796 762; x_wconf 87' lang='lat' dir='ltr'><strong>t,</strong></span> <span class='ocrx_word' id='word_1_20' title='bbox 814 703 848 754; x_wconf 90' lang='grc'><strong>2.</strong></span> <span class='ocrx_word' id='word_1_21' title='bbox 875 701 909 751; x_wconf 81' lang='lat' dir='ltr'><strong>et</strong></span> <span class='ocrx_word' id='word_1_22' title='bbox 926 703 957 760; x_wconf 87' lang='grc'><strong>2.</strong></span> <span class='ocrx_word' id='word_1_23' title='bbox 975 701 1007 767; x_wconf 84' lang='grc'><strong>3.</strong></span> <span class='ocrx_word' id='word_1_24' title='bbox 1026 701 1057 767; x_wconf 78' lang='grc'><strong>5.</strong></span> <span class='ocrx_word' id='word_1_25' title='bbox 1096 699 1104 718; x_wconf 82' lang='lat'><strong><em>‘</em></strong></span> 
     </span>
    </p>
   </div>
   <div class='ocr_carea' id='block_1_3' title="bbox 277 851 1384 3570">
    <p class='ocr_par' dir='ltr' id='par_1_3' title="bbox 277 851 1384 3570">
     <span class='ocr_line' id='line_1_4' title="bbox 450 851 1301 942; baseline -0.013 -17"><span class='ocrx_word' id='word_1_26' title='bbox 450 863 481 942; x_wconf 85' lang='lat'><strong>§.</strong></span> <span class='ocrx_word' id='word_1_27' title='bbox 511 875 542 924; x_wconf 84' lang='lat'><strong>2.</strong></span> <span class='ocrx_word' id='word_1_28' title='bbox 580 855 783 942; x_wconf 78' lang='lat' dir='ltr'><strong><em>Erythia)</em></strong></span> <span class='ocrx_word' id='word_1_29' title='bbox 821 859 913 920; x_wconf 82' lang='lat' dir='ltr'><strong>Varie</strong></span> <span class='ocrx_word' id='word_1_30' title='bbox 929 857 1150 939; x_wconf 88' lang='lat' dir='ltr'><strong>corrumpitur.</strong></span> <span class='ocrx_word' id='word_1_31' title='bbox 1176 851 1301 916; x_wconf 80' lang='lat' dir='ltr'><strong>vindob.</strong></span> 
     </span>
     <span class='ocr_line' id='line_1_5' title="bbox 284 955 1380 1044; baseline -0.01 -19"><span class='ocrx_word' id='word_1_32' title='bbox 284 977 322 1025; x_wconf 89' lang='grc' dir='ltr'><strong>ιιι</strong></span> <span class='ocrx_word' id='word_1_33' title='bbox 343 961 415 1025; x_wconf 82' lang='lat' dir='ltr'><strong>edd.</strong></span> <span class='ocrx_word' id='word_1_34' title='bbox 438 982 467 1026; x_wconf 94' lang='grc' dir='ltr'><strong>ι.</strong></span> <span class='ocrx_word' id='word_1_35' title='bbox 492 977 526 1026; x_wconf 88' lang='grc'><strong>2.</strong></span> <span class='ocrx_word' id='word_1_36' title='bbox 548 979 582 1044; x_wconf 87' lang='grc'><strong>9.</strong></span> <span class='ocrx_word' id='word_1_37' title='bbox 611 979 667 1024; x_wconf 85' lang='grc' dir='ltr'><strong>ιι.</strong></span> <span class='ocrx_word' id='word_1_38' title='bbox 695 961 922 1038; x_wconf 75' lang='lat' dir='ltr'><strong>13.l1eritria;</strong></span> <span class='ocrx_word' id='word_1_39' title='bbox 950 959 1058 1022; x_wconf 81' lang='lat' dir='ltr'><strong>Horu.</strong></span> <span class='ocrx_word' id='word_1_40' title='bbox 1079 955 1173 1022; x_wconf 79' lang='lat' dir='ltr'><strong>Perii.</strong></span> <span class='ocrx_word' id='word_1_41' title='bbox 1193 977 1222 1021; x_wconf 89' lang='grc' dir='ltr'><strong>ι.</strong></span> <span class='ocrx_word' id='word_1_42' title='bbox 1241 955 1302 1018; x_wconf 85' lang='lat' dir='ltr'><strong>Eri·</strong></span> <span class='ocrx_word' id='word_1_43' title='bbox 1379 972 1380 1036; x_wconf 66' lang='lat' dir='ltr'><strong>l</strong></span> 
     </span>
     <span class='ocr_line' id='line_1_6' title="bbox 286 1059 1301 1144; baseline -0.008 -18"><span class='ocrx_word' id='word_1_44' title='bbox 286 1067 368 1137; x_wconf 85' lang='lat' dir='ltr'><strong>trio;</strong></span> <span class='ocrx_word' id='word_1_45' title='bbox 401 1063 499 1124; x_wconf 82' lang='lat' dir='ltr'><strong>Vetic.</strong></span> <span class='ocrx_word' id='word_1_46' title='bbox 523 1083 551 1126; x_wconf 92' lang='grc' dir='ltr'><strong>ι.</strong></span> <span class='ocrx_word' id='word_1_47' title='bbox 578 1060 672 1124; x_wconf 79' lang='lat' dir='ltr'><strong>Paris.</strong></span> <span class='ocrx_word' id='word_1_48' title='bbox 692 1077 724 1126; x_wconf 86' lang='lat'><strong>2.</strong></span> <span class='ocrx_word' id='word_1_49' title='bbox 748 1063 860 1124; x_wconf 86' lang='lat' dir='ltr'><strong>Venet.</strong></span> <span class='ocrx_word' id='word_1_50' title='bbox 883 1059 968 1144; x_wconf 85' lang='lat' dir='ltr'><strong>Lipl.</strong></span> <span class='ocrx_word' id='word_1_51' title='bbox 986 1081 1060 1122; x_wconf 83' lang='lat' dir='ltr'><strong>cum</strong></span> <span class='ocrx_word' id='word_1_52' title='bbox 1083 1061 1157 1123; x_wconf 82' lang='lat' dir='ltr'><strong>edel.</strong></span> <span class='ocrx_word' id='word_1_53' title='bbox 1179 1070 1232 1136; x_wconf 82' lang='lat'><strong>15.</strong></span> <span class='ocrx_word' id='word_1_54' title='bbox 1256 1070 1301 1128; x_wconf 77' lang='lat'><strong>17.</strong></span> 
     </span>
     <span class='ocr_line' id='line_1_7' title="bbox 291 1157 1303 1247; baseline -0.013 -17"><span class='ocrx_word' id='word_1_55' title='bbox 291 1183 348 1230; x_wconf 78' lang='lat'><strong>2⁰.</strong></span> <span class='ocrx_word' id='word_1_56' title='bbox 371 1177 427 1244; x_wconf 80' lang='lat'><strong>23.</strong></span> <span class='ocrx_word' id='word_1_57' title='bbox 452 1164 618 1236; x_wconf 83' lang='lat' dir='ltr'><strong>Eritlrrio,·</strong></span> <span class='ocrx_word' id='word_1_58' title='bbox 657 1163 755 1226; x_wconf 81' lang='lat' dir='ltr'><strong>Velio.</strong></span> <span class='ocrx_word' id='word_1_59' title='bbox 782 1177 815 1242; x_wconf 81' lang='lat'><strong>3.</strong></span> <span class='ocrx_word' id='word_1_60' title='bbox 843 1163 934 1247; x_wconf 81' lang='lat' dir='ltr'><strong>Prag.</strong></span> <span class='ocrx_word' id='word_1_61' title='bbox 961 1163 1115 1234; x_wconf 57' lang='lat' dir='ltr'><strong>Eritium</strong></span> <span class='ocrx_word' id='word_1_62' title='bbox 1149 1160 1230 1222; x_wconf 86' lang='lat' dir='ltr'><strong>Gud.</strong></span> <span class='ocrx_word' id='word_1_63' title='bbox 1250 1157 1303 1237; x_wconf 83' lang='lat' dir='ltr'><strong>epi·</strong></span> 
     </span>
     <span class='ocr_line' id='line_1_8' title="bbox 286 1261 1303 1348; baseline -0.009 -22"><span class='ocrx_word' id='word_1_64' title='bbox 286 1267 391 1338; x_wconf 81' lang='lat' dir='ltr'><strong>tirrio;</strong></span> <span class='ocrx_word' id='word_1_65' title='bbox 431 1265 605 1348; x_wconf 82' lang='lat' dir='ltr'><strong>Rehdiger.</strong></span> <span class='ocrx_word' id='word_1_66' title='bbox 627 1265 741 1328; x_wconf 74' lang='lat' dir='ltr'><strong>eriora.</strong></span> <span class='ocrx_word' id='word_1_67' title='bbox 792 1265 875 1326; x_wconf 84' lang='lat' dir='ltr'><strong>Edd.</strong></span> <span class='ocrx_word' id='word_1_68' title='bbox 895 1279 928 1344; x_wconf 72' lang='lat'><strong>3.</strong></span> <span class='ocrx_word' id='word_1_69' title='bbox 951 1273 987 1344; x_wconf 95' lang='lat'><strong>4.</strong></span> <span class='ocrx_word' id='word_1_70' title='bbox 1011 1275 1044 1342; x_wconf 79' lang='lat'><strong>5.</strong></span> <span class='ocrx_word' id='word_1_71' title='bbox 1070 1261 1103 1327; x_wconf 91' lang='grc'><strong>6.</strong></span> <span class='ocrx_word' id='word_1_72' title='bbox 1129 1277 1162 1326; x_wconf 85' lang='lat' dir='ltr'><strong>et</strong></span> <span class='ocrx_word' id='word_1_73' title='bbox 1182 1262 1303 1340; x_wconf 74' lang='lat' dir='ltr'><strong>reliquit</strong></span> 
     </span>
     <span class='ocr_line' id='line_1_9' title="bbox 286 1363 1305 1450; baseline -0.012 -18"><span class='ocrx_word' id='word_1_74' title='bbox 286 1369 445 1450; x_wconf 59' lang='lat' dir='ltr'><strong>Eryttm</strong></span> <span class='ocrx_word' id='word_1_75' title='bbox 484 1381 608 1428; x_wconf 84' lang='lat' dir='ltr'><strong>tantum</strong></span> <span class='ocrx_word' id='word_1_76' title='bbox 638 1380 670 1440; x_wconf 89' lang='lat'><strong>7.</strong></span> <span class='ocrx_word' id='word_1_77' title='bbox 698 1365 848 1438; x_wconf 68' lang='lat' dir='ltr'><strong>Brittan,</strong></span> <span class='ocrx_word' id='word_1_78' title='bbox 892 1379 950 1444; x_wconf 82' lang='lat'><strong>35.</strong></span> <span class='ocrx_word' id='word_1_79' title='bbox 977 1365 1151 1448; x_wconf 64' lang='lat' dir='ltr'><strong>Erycina.</strong></span> <span class='ocrx_word' id='word_1_80' title='bbox 1193 1363 1305 1426; x_wconf 77' lang='lat' dir='ltr'><strong>similo</strong></span> 
     </span>
     <span class='ocr_line' id='line_1_10' title="bbox 287 1461 1306 1546; baseline -0.009 -16"><span class='ocrx_word' id='word_1_81' title='bbox 287 1469 385 1530; x_wconf 85' lang='lat' dir='ltr'><strong>huiut</strong></span> <span class='ocrx_word' id='word_1_82' title='bbox 411 1469 552 1530; x_wconf 85' lang='lat' dir='ltr'><strong>uominit</strong></span> <span class='ocrx_word' id='word_1_83' title='bbox 585 1467 826 1546; x_wconf 70' lang='lat' dir='ltr'>depravationes</span> <span class='ocrx_word' id='word_1_84' title='bbox 859 1481 1032 1530; x_wconf 85' lang='lat' dir='ltr'><strong>occurrunt</strong></span> <span class='ocrx_word' id='word_1_85' title='bbox 1063 1468 1163 1527; x_wconf 79' lang='lat' dir='ltr'><strong>etiam</strong></span> <span class='ocrx_word' id='word_1_86' title='bbox 1193 1467 1225 1524; x_wconf 90' lang='lat' dir='ltr'><strong>iu</strong></span> <span class='ocrx_word' id='word_1_87' title='bbox 1249 1461 1306 1522; x_wconf 80' lang='lat' dir='ltr'><strong>aliit</strong></span> 
     </span>
     <span class='ocr_line' id='line_1_11' title="bbox 286 1565 1304 1648; baseline -0.011 -14"><span class='ocrx_word' id='word_1_88' title='bbox 286 1571 485 1638; x_wconf 78' lang='lat' dir='ltr'><strong>auctoribut,</strong></span> <span class='ocrx_word' id='word_1_89' title='bbox 512 1567 611 1628; x_wconf 87' lang='lat' dir='ltr'><strong>veluti</strong></span> <span class='ocrx_word' id='word_1_90' title='bbox 631 1568 738 1628; x_wconf 78' lang='lat' dir='ltr'><strong>Plinio</strong></span> <span class='ocrx_word' id='word_1_91' title='bbox 754 1577 789 1646; x_wconf 90' lang='lat'><strong>4,</strong></span> <span class='ocrx_word' id='word_1_92' title='bbox 807 1565 866 1646; x_wconf 80' lang='lat'><strong>36.</strong></span> <span class='ocrx_word' id='word_1_93' title='bbox 884 1566 904 1630; x_wconf 88' lang='lat' dir='ltr'><strong>l.</strong></span> <span class='ocrx_word' id='word_1_94' title='bbox 922 1583 981 1632; x_wconf 91' lang='grc'><strong>22.</strong></span> <span class='ocrx_word' id='word_1_95' title='bbox 1010 1567 1139 1629; x_wconf 79' lang='lat' dir='ltr'>Avieno</span> <span class='ocrx_word' id='word_1_96' title='bbox 1154 1567 1187 1626; x_wconf 89' lang='lat' dir='ltr'><strong>io</strong></span> <span class='ocrx_word' id='word_1_97' title='bbox 1201 1566 1304 1648; x_wconf 79' lang='lat' dir='ltr'><strong>perieg.</strong></span> 
     </span>
     <span class='ocr_line' id='line_1_12' title="bbox 287 1663 1382 1754; baseline -0.008 -20"><span class='ocrx_word' id='word_1_98' title='bbox 287 1693 319 1734; x_wconf 87' lang='lat' dir='ltr'><strong>v.</strong></span> <span class='ocrx_word' id='word_1_99' title='bbox 337 1685 421 1754; x_wconf 81' lang='lat'><strong>739.</strong></span> <span class='ocrx_word' id='word_1_100' title='bbox 463 1670 523 1732; x_wconf 87' lang='lat' dir='ltr'><strong>Sed</strong></span> <span class='ocrx_word' id='word_1_101' title='bbox 544 1671 608 1729; x_wconf 89' lang='lat' dir='ltr'><strong>vid.</strong></span> <span class='ocrx_word' id='word_1_102' title='bbox 634 1667 782 1730; x_wconf 81' lang='lat' dir='ltr'><strong>Heinliue</strong></span> <span class='ocrx_word' id='word_1_103' title='bbox 803 1683 837 1732; x_wconf 86' lang='lat' dir='ltr'><strong>et</strong></span> <span class='ocrx_word' id='word_1_104' title='bbox 857 1667 1021 1732; x_wconf 82' lang='lat' dir='ltr'><strong>Drekeob.</strong></span> <span class='ocrx_word' id='word_1_105' title='bbox 1042 1668 1081 1730; x_wconf 82' lang='lat' dir='ltr'><strong>od</strong></span> <span class='ocrx_word' id='word_1_106' title='bbox 1101 1669 1157 1732; x_wconf 91' lang='lat' dir='ltr'><strong>Sil.</strong></span> <span class='ocrx_word' id='word_1_107' title='bbox 1177 1667 1240 1728; x_wconf 80' lang='lat' dir='ltr'><strong>lttl.</strong></span> <span class='ocrx_word' id='word_1_108' title='bbox 1259 1663 1305 1732; x_wconf 79' lang='lat'><strong>16,</strong></span> <span class='ocrx_word' id='word_1_109' title='bbox 1381 1706 1382 1752; x_wconf 60' lang='lat'><strong>,</strong></span> 
     </span>
     <span class='ocr_line' id='line_1_13' title="bbox 291 1765 1382 1858; baseline -0.013 -21"><span class='ocrx_word' id='word_1_110' title='bbox 291 1785 371 1858; x_wconf 77' lang='lat'><strong>295.</strong></span> <span class='ocrx_word' id='word_1_111' title='bbox 399 1769 563 1834; x_wconf 84' lang='lat' dir='ltr'><strong>Salmulius</strong></span> <span class='ocrx_word' id='word_1_112' title='bbox 577 1769 615 1832; x_wconf 85' lang='lat' dir='ltr'><strong>ad</strong></span> <span class='ocrx_word' id='word_1_113' title='bbox 631 1771 777 1832; x_wconf 89' lang='lat' dir='ltr'><strong>Solinum</strong></span> <span class='ocrx_word' id='word_1_114' title='bbox 795 1790 822 1836; x_wconf 83' lang='lat' dir='ltr'><strong>c.</strong></span> <span class='ocrx_word' id='word_1_115' title='bbox 839 1785 898 1848; x_wconf 81' lang='grc'><strong>25.</strong></span> <span class='ocrx_word' id='word_1_116' title='bbox 919 1769 940 1832; x_wconf 84' lang='lat' dir='ltr'><strong>l.</strong></span> <span class='ocrx_word' id='word_1_117' title='bbox 959 1771 1017 1836; x_wconf 84' lang='lat'><strong>26.</strong></span> <span class='ocrx_word' id='word_1_118' title='bbox 1033 1790 1066 1852; x_wconf 87' lang='lat' dir='ltr'><strong>p.</strong></span> <span class='ocrx_word' id='word_1_119' title='bbox 1084 1791 1129 1834; x_wconf 89' lang='lat' dir='ltr'><strong>m.</strong></span> <span class='ocrx_word' id='word_1_120' title='bbox 1152 1787 1228 1832; x_wconf 78' lang='lat' dir='ltr'><strong>eut.</strong></span> <span class='ocrx_word' id='word_1_121' title='bbox 1252 1765 1306 1826; x_wconf 83' lang='lat' dir='ltr'><strong>riri</strong></span> <span class='ocrx_word' id='word_1_122' title='bbox 1381 1791 1382 1798; x_wconf 37' lang='grc' dir='ltr'><strong>ι</strong></span> 
     </span>
     <span class='ocr_line' id='line_1_14' title="bbox 286 1869 1305 1952; baseline -0.007 -18"><span class='ocrx_word' id='word_1_123' title='bbox 286 1874 372 1936; x_wconf 85' lang='lat' dir='ltr'><strong>docti</strong></span> <span class='ocrx_word' id='word_1_124' title='bbox 389 1873 425 1934; x_wconf 84' lang='lat' dir='ltr'><strong>od</strong></span> <span class='ocrx_word' id='word_1_125' title='bbox 443 1871 541 1934; x_wconf 85' lang='lat' dir='ltr'><strong>Ovid.</strong></span> <span class='ocrx_word' id='word_1_126' title='bbox 564 1869 676 1932; x_wconf 81' lang='lat' dir='ltr'><strong>Foster.</strong></span> <span class='ocrx_word' id='word_1_127' title='bbox 700 1891 729 1941; x_wconf 85' lang='lat'><strong>1,</strong></span> <span class='ocrx_word' id='word_1_128' title='bbox 758 1885 837 1950; x_wconf 77' lang='lat'><strong>143.</strong></span> <span class='ocrx_word' id='word_1_129' title='bbox 871 1871 1048 1934; x_wconf 78' lang='lat' dir='ltr'><strong>Burmann.</strong></span> <span class='ocrx_word' id='word_1_130' title='bbox 1069 1871 1110 1932; x_wconf 82' lang='lat' dir='ltr'><strong>ad</strong></span> <span class='ocrx_word' id='word_1_131' title='bbox 1126 1871 1305 1952; x_wconf 69' lang='lat' dir='ltr'><strong>Properh4,</strong></span> 
     </span>
     <span class='ocr_line' id='line_1_15' title="bbox 286 1971 1305 2060; baseline -0.003 -24"><span class='ocrx_word' id='word_1_132' title='bbox 286 1993 319 2060; x_wconf 88' lang='lat'><strong>9,</strong></span> <span class='ocrx_word' id='word_1_133' title='bbox 343 1991 375 2040; x_wconf 92' lang='grc'><strong>2.</strong></span> <span class='ocrx_word' id='word_1_134' title='bbox 410 1971 547 2034; x_wconf 81' lang='lat' dir='ltr'><strong>Beckiut</strong></span> <span class='ocrx_word' id='word_1_135' title='bbox 570 1973 608 2032; x_wconf 81' lang='lat' dir='ltr'><strong>od</strong></span> <span class='ocrx_word' id='word_1_136' title='bbox 632 1971 738 2034; x_wconf 82' lang='lat' dir='ltr'><strong>Schol.</strong></span> <span class='ocrx_word' id='word_1_137' title='bbox 756 1971 887 2033; x_wconf 81' lang='lat' dir='ltr'><strong>Pindari</strong></span> <span class='ocrx_word' id='word_1_138' title='bbox 908 1973 1305 2055; x_wconf 72' lang='grc' dir='ltr'><strong>01γιιιΡ.3ι79·Ρ·583.</strong></span> 
     </span>
     <span class='ocr_line' id='line_1_16' title="bbox 286 2071 1383 2157; baseline -0.005 -20"><span class='ocrx_word' id='word_1_139' title='bbox 286 2093 489 2138; x_wconf 78' lang='lat' dir='ltr'><strong>uztcuvcue.</strong></span> <span class='ocrx_word' id='word_1_140' title='bbox 543 2071 651 2134; x_wconf 83' lang='lat' dir='ltr'><strong>Scribo</strong></span> <span class='ocrx_word' id='word_1_141' title='bbox 666 2073 822 2154; x_wconf 77' lang='lat' dir='ltr'><strong>Erytheio</strong></span> <span class='ocrx_word' id='word_1_142' title='bbox 838 2093 913 2134; x_wconf 87' lang='lat' dir='ltr'><strong>oum</strong></span> <span class='ocrx_word' id='word_1_143' title='bbox 935 2073 1140 2157; x_wconf 82' lang='lat' dir='ltr'><strong>diphthongo</strong></span> <span class='ocrx_word' id='word_1_144' title='bbox 1160 2095 1202 2144; x_wconf 85' lang='lat' dir='ltr'><strong>tt,</strong></span> <span class='ocrx_word' id='word_1_145' title='bbox 1227 2072 1307 2132; x_wconf 82' lang='lat' dir='ltr'><strong>litet·</strong></span> <span class='ocrx_word' id='word_1_146' title='bbox 1382 2072 1383 2140; x_wconf 79' lang='lat' dir='ltr'><strong>l</strong></span> 
     </span>
     <span class='ocr_line' id='line_1_17' title="bbox 286 2163 1306 2263; baseline -0.005 -25"><span class='ocrx_word' id='word_1_147' title='bbox 286 2179 330 2238; x_wconf 78' lang='lat' dir='ltr'><strong>cie</strong></span> <span class='ocrx_word' id='word_1_148' title='bbox 350 2179 438 2236; x_wconf 88' lang='lat' dir='ltr'><strong>enim</strong></span> <span class='ocrx_word' id='word_1_149' title='bbox 459 2163 622 2260; x_wconf 77' lang='grc' dir='ltr'><strong>Ἐρύθεια.</strong></span> <span class='ocrx_word' id='word_1_150' title='bbox 674 2171 808 2254; x_wconf 77' lang='lat' dir='ltr'><strong>Dionys.</strong></span> <span class='ocrx_word' id='word_1_151' title='bbox 831 2173 907 2238; x_wconf 81' lang='lat' dir='ltr'><strong>tier</strong></span> <span class='ocrx_word' id='word_1_152' title='bbox 935 2171 1120 2263; x_wconf 70' lang='grc' dir='ltr'><strong>περιηγήσει</strong></span> <span class='ocrx_word' id='word_1_153' title='bbox 1142 2170 1196 2262; x_wconf 84' lang='lat' dir='ltr'><strong>[v.</strong></span> <span class='ocrx_word' id='word_1_154' title='bbox 1213 2163 1306 2256; x_wconf 56' lang='lat'><strong>554]</strong></span> 
     </span>
     <span class='ocr_line' id='line_1_18' title="bbox 277 2267 1306 2366; baseline -0.006 -28"><span class='ocrx_word' id='word_1_155' title='bbox 277 2267 377 2340; x_wconf 85' lang='grc' dir='ltr'><strong>Ἤτοι</strong></span> <span class='ocrx_word' id='word_1_156' title='bbox 404 2271 461 2366; x_wconf 63' lang='lat' dir='ltr'><strong>niv</strong></span> <span class='ocrx_word' id='word_1_157' title='bbox 490 2273 612 2340; x_wconf 72' lang='grc' dir='ltr'><strong>ναίουσι</strong></span> <span class='ocrx_word' id='word_1_158' title='bbox 643 2267 836 2361; x_wconf 77' lang='grc' dir='ltr'><strong>βοότροφον</strong></span> <span class='ocrx_word' id='word_1_159' title='bbox 871 2272 959 2366; x_wconf 75' lang='grc' dir='ltr'><strong>ἄμφ’</strong></span> <span class='ocrx_word' id='word_1_160' title='bbox 987 2267 1172 2362; x_wconf 75' lang='grc' dir='ltr'><strong>Ἐρύθειαν.</strong></span> <span class='ocrx_word' id='word_1_161' title='bbox 1228 2275 1306 2342; x_wconf 84' lang='lat' dir='ltr'><strong>Sunt,</strong></span> 
     </span>
     <span class='ocr_line' id='line_1_19' title="bbox 284 2374 1306 2462; baseline -0.005 -24"><span class='ocrx_word' id='word_1_162' title='bbox 284 2379 341 2462; x_wconf 87' lang='lat' dir='ltr'><strong>qui</strong></span> <span class='ocrx_word' id='word_1_163' title='bbox 365 2375 537 2460; x_wconf 74' lang='lat' dir='ltr'><strong>Erythram</strong></span> <span class='ocrx_word' id='word_1_164' title='bbox 558 2375 676 2456; x_wconf 81' lang='lat' dir='ltr'><strong>ubique</strong></span> <span class='ocrx_word' id='word_1_165' title='bbox 699 2377 916 2448; x_wconf 85' lang='lat' dir='ltr'><strong>excuderunt;</strong></span> <span class='ocrx_word' id='word_1_166' title='bbox 956 2391 1064 2439; x_wconf 82' lang='lat' dir='ltr'><strong>contro</strong></span> <span class='ocrx_word' id='word_1_167' title='bbox 1087 2377 1145 2438; x_wconf 79' lang='lat' dir='ltr'><strong>alii</strong></span> <span class='ocrx_word' id='word_1_168' title='bbox 1166 2374 1306 2456; x_wconf 77' lang='lat' dir='ltr'><strong>Sibyllam</strong></span> 
     </span>
     <span class='ocr_line' id='line_1_20' title="bbox 283 2469 1384 2565; baseline -0.012 -19"><span class='ocrx_word' id='word_1_169' title='bbox 283 2481 458 2564; x_wconf 70' lang='lat' dir='ltr'><strong>Erytlreom</strong></span> <span class='ocrx_word' id='word_1_170' title='bbox 489 2474 631 2539; x_wconf 82' lang='lat' dir='ltr'><strong>iecerunt</strong></span> <span class='ocrx_word' id='word_1_171' title='bbox 657 2478 739 2558; x_wconf 82' lang='lat' dir='ltr'><strong>apud</strong></span> <span class='ocrx_word' id='word_1_172' title='bbox 773 2477 990 2550; x_wconf 82' lang='lat' dir='ltr'><strong>Lactantium,</strong></span> <span class='ocrx_word' id='word_1_173' title='bbox 1015 2472 1071 2565; x_wconf 88' lang='lat'><strong>[1,</strong></span> <span class='ocrx_word' id='word_1_174' title='bbox 1095 2479 1130 2550; x_wconf 88' lang='lat'><strong>6,</strong></span> <span class='ocrx_word' id='word_1_175' title='bbox 1157 2469 1214 2562; x_wconf 87' lang='lat'><strong>9.]</strong></span> <span class='ocrx_word' id='word_1_176' title='bbox 1239 2491 1306 2557; x_wconf 78' lang='lat' dir='ltr'><strong>queo</strong></span> <span class='ocrx_word' id='word_1_177' title='bbox 1383 2477 1384 2512; x_wconf 72' lang='lat' dir='ltr'><strong>l</strong></span> 
     </span>
     <span class='ocr_line' id='line_1_21' title="bbox 284 2575 1306 2664; baseline -0.006 -24"><span class='ocrx_word' id='word_1_178' title='bbox 284 2583 462 2664; x_wconf 70' lang='lat' dir='ltr'><strong>Erythraea</strong></span> <span class='ocrx_word' id='word_1_179' title='bbox 483 2577 536 2642; x_wconf 81' lang='lat' dir='ltr'><strong>eil.</strong></span> <span class='ocrx_word' id='word_1_180' title='bbox 588 2575 663 2641; x_wconf 90' lang='lat' dir='ltr'><strong>Non</strong></span> <span class='ocrx_word' id='word_1_181' title='bbox 685 2581 801 2662; x_wconf 83' lang='lat' dir='ltr'><strong>ignoro</strong></span> <span class='ocrx_word' id='word_1_182' title='bbox 820 2593 937 2651; x_wconf 85' lang='lat' dir='ltr'><strong>tamen,</strong></span> <span class='ocrx_word' id='word_1_183' title='bbox 965 2580 1209 2663; x_wconf 75' lang='lat' dir='ltr'><strong>diphthongum</strong></span> <span class='ocrx_word' id='word_1_184' title='bbox 1231 2578 1306 2636; x_wconf 77' lang='lat' dir='ltr'><strong>illam</strong></span> 
     </span>
     <span class='ocr_line' id='line_1_22' title="bbox 285 2678 1308 2766; baseline -0.011 -19"><span class='ocrx_word' id='word_1_185' title='bbox 285 2681 373 2766; x_wconf 79' lang='lat' dir='ltr'><strong>saepe</strong></span> <span class='ocrx_word' id='word_1_186' title='bbox 389 2685 423 2744; x_wconf 88' lang='lat' dir='ltr'><strong>iu</strong></span> <span class='ocrx_word' id='word_1_187' title='bbox 439 2681 452 2740; x_wconf 89' lang='lat' dir='ltr'><strong>i</strong></span> <span class='ocrx_word' id='word_1_188' title='bbox 467 2680 520 2742; x_wconf 78' lang='lat' dir='ltr'><strong>vel</strong></span> <span class='ocrx_word' id='word_1_189' title='bbox 537 2678 698 2764; x_wconf 80' lang='lat' dir='ltr'><strong>elongum</strong></span> <span class='ocrx_word' id='word_1_190' title='bbox 717 2679 912 2744; x_wconf 82' lang='lat' dir='ltr'><strong>conversam.</strong></span> <span class='ocrx_word' id='word_1_191' title='bbox 943 2699 1125 2742; x_wconf 74' lang='lat' dir='ltr'><strong>tcuorrrs.</strong></span> <span class='ocrx_word' id='word_1_192' title='bbox 1179 2681 1308 2760; x_wconf 84' lang='lat' dir='ltr'><strong>Seqoeut</strong></span> 
     </span>
     <span class='ocr_line' id='line_1_23' title="bbox 282 2778 1310 2874; baseline -0.011 -28"><span class='ocrx_word' id='word_1_193' title='bbox 282 2785 419 2846; x_wconf 86' lang='lat' dir='ltr'><strong>verbum</strong></span> <span class='ocrx_word' id='word_1_194' title='bbox 440 2778 483 2874; x_wconf 84' lang='lat' dir='ltr'><strong>est</strong></span> <span class='ocrx_word' id='word_1_195' title='bbox 503 2783 658 2842; x_wconf 86' lang='lat' dir='ltr'><strong>omittunt</strong></span> <span class='ocrx_word' id='word_1_196' title='bbox 678 2783 836 2844; x_wconf 77' lang='lat' dir='ltr'><strong>editiones</strong></span> <span class='ocrx_word' id='word_1_197' title='bbox 857 2783 933 2845; x_wconf 86' lang='lat' dir='ltr'><strong>iude</strong></span> <span class='ocrx_word' id='word_1_198' title='bbox 957 2801 974 2844; x_wconf 91' lang='grc' dir='ltr'><strong>ιι</strong></span> <span class='ocrx_word' id='word_1_199' title='bbox 996 2782 1107 2863; x_wconf 85' lang='lat' dir='ltr'><strong>primis</strong></span> <span class='ocrx_word' id='word_1_200' title='bbox 1131 2782 1171 2840; x_wconf 85' lang='lat' dir='ltr'><strong>ad</strong></span> <span class='ocrx_word' id='word_1_201' title='bbox 1193 2789 1251 2858; x_wconf 84' lang='lat'><strong>42.</strong></span> <span class='ocrx_word' id='word_1_202' title='bbox 1270 2795 1310 2837; x_wconf 83' lang='lat' dir='ltr'><strong>ro-</strong></span> 
     </span>
     <span class='ocr_line' id='line_1_24' title="bbox 284 2880 1308 2966; baseline -0.011 -18"><span class='ocrx_word' id='word_1_203' title='bbox 284 2887 367 2966; x_wconf 84' lang='lat' dir='ltr'><strong>cepit</strong></span> <span class='ocrx_word' id='word_1_204' title='bbox 383 2882 569 2946; x_wconf 78' lang='lat' dir='ltr'><strong>lleiuoldiue</strong></span> <span class='ocrx_word' id='word_1_205' title='bbox 584 2895 615 2943; x_wconf 87' lang='lat' dir='ltr'><strong>et</strong></span> <span class='ocrx_word' id='word_1_206' title='bbox 632 2883 708 2943; x_wconf 89' lang='lat' dir='ltr'><strong>hinc</strong></span> <span class='ocrx_word' id='word_1_207' title='bbox 723 2883 797 2949; x_wconf 85' lang='lat' dir='ltr'><strong>edd,</strong></span> <span class='ocrx_word' id='word_1_208' title='bbox 812 2893 872 2962; x_wconf 87' lang='lat'><strong>44.</strong></span> <span class='ocrx_word' id='word_1_209' title='bbox 888 2894 949 2961; x_wconf 86' lang='lat'><strong>45.</strong></span> <span class='ocrx_word' id='word_1_210' title='bbox 967 2897 999 2944; x_wconf 85' lang='lat' dir='ltr'><strong>et</strong></span> <span class='ocrx_word' id='word_1_211' title='bbox 1019 2881 1195 2964; x_wconf 71' lang='lat' dir='ltr'><strong>sequenter.</strong></span> <span class='ocrx_word' id='word_1_212' title='bbox 1222 2880 1308 2943; x_wconf 83' lang='lat' dir='ltr'><strong>Forte</strong></span> 
     </span>
     <span class='ocr_line' id='line_1_25' title="bbox 282 2976 1309 3046; baseline -0.008 0"><span class='ocrx_word' id='word_1_213' title='bbox 282 2999 388 3046; x_wconf 81' lang='lat' dir='ltr'><strong>tamen</strong></span> <span class='ocrx_word' id='word_1_214' title='bbox 421 2985 527 3045; x_wconf 88' lang='lat' dir='ltr'><strong>Vineti</strong></span> <span class='ocrx_word' id='word_1_215' title='bbox 556 2984 652 3046; x_wconf 82' lang='lat' dir='ltr'><strong>otiam</strong></span> <span class='ocrx_word' id='word_1_216' title='bbox 679 2983 779 3045; x_wconf 86' lang='lat' dir='ltr'><strong>editio</strong></span> <span class='ocrx_word' id='word_1_217' title='bbox 806 2997 897 3046; x_wconf 80' lang='lat' dir='ltr'><strong>antea</strong></span> <span class='ocrx_word' id='word_1_218' title='bbox 922 2983 1044 3045; x_wconf 84' lang='lat' dir='ltr'><strong>habuit.</strong></span> <span class='ocrx_word' id='word_1_219' title='bbox 1096 2983 1193 3046; x_wconf 81' lang='lat' dir='ltr'><strong>Certe</strong></span> <span class='ocrx_word' id='word_1_220' title='bbox 1218 2976 1309 3042; x_wconf 79' lang='lat' dir='ltr'><strong>adello</strong></span> 
     </span>
     <span class='ocr_line' id='line_1_26' title="bbox 282 3067 1308 3168; baseline -0.007 -22"><span class='ocrx_word' id='word_1_221' title='bbox 282 3087 400 3148; x_wconf 83' lang='lat' dir='ltr'><strong>volunt</strong></span> <span class='ocrx_word' id='word_1_222' title='bbox 422 3085 543 3146; x_wconf 72' lang='lat' dir='ltr'><strong>codices</strong></span> <span class='ocrx_word' id='word_1_223' title='bbox 567 3086 602 3146; x_wconf 87' lang='lat' dir='ltr'><strong>t.</strong></span> <span class='ocrx_word' id='word_1_224' title='bbox 621 3085 779 3146; x_wconf 83' lang='lat' dir='ltr'><strong>Gronovii</strong></span> <span class='ocrx_word' id='word_1_225' title='bbox 796 3099 828 3146; x_wconf 87' lang='lat' dir='ltr'><strong>et</strong></span> <span class='ocrx_word' id='word_1_226' title='bbox 845 3103 992 3146; x_wconf 82' lang='lat' dir='ltr'><strong>nieorum</strong></span> <span class='ocrx_word' id='word_1_227' title='bbox 1012 3067 1166 3168; x_wconf 83' lang='lat' dir='ltr'><strong>plerique,</strong></span> <span class='ocrx_word' id='word_1_228' title='bbox 1192 3085 1225 3144; x_wconf 90' lang='lat' dir='ltr'><strong>in</strong></span> <span class='ocrx_word' id='word_1_229' title='bbox 1245 3080 1308 3162; x_wconf 88' lang='lat' dir='ltr'><strong>qui·</strong></span> 
     </span>
     <span class='ocr_line' id='line_1_27' title="bbox 281 3179 1306 3270; baseline -0.004 -22"><span class='ocrx_word' id='word_1_230' title='bbox 281 3185 341 3248; x_wconf 87' lang='lat' dir='ltr'><strong>but</strong></span> <span class='ocrx_word' id='word_1_231' title='bbox 364 3185 473 3250; x_wconf 84' lang='lat' dir='ltr'><strong>Cihiu,</strong></span> <span class='ocrx_word' id='word_1_232' title='bbox 500 3187 598 3248; x_wconf 82' lang='lat' dir='ltr'><strong>Vallo.</strong></span> <span class='ocrx_word' id='word_1_233' title='bbox 622 3183 704 3267; x_wconf 81' lang='lat' dir='ltr'><strong>Lipl.</strong></span> <span class='ocrx_word' id='word_1_234' title='bbox 735 3185 821 3252; x_wconf 88' lang='lat' dir='ltr'><strong>Gud.</strong></span> <span class='ocrx_word' id='word_1_235' title='bbox 849 3187 941 3270; x_wconf 83' lang='lat' dir='ltr'><strong>l’rag.</strong></span> <span class='ocrx_word' id='word_1_236' title='bbox 972 3185 1149 3268; x_wconf 81' lang='lat' dir='ltr'><strong>Rehdiger.</strong></span> <span class='ocrx_word' id='word_1_237' title='bbox 1176 3179 1306 3246; x_wconf 84' lang='lat' dir='ltr'><strong>vindob.</strong></span> 
     </span>
     <span class='ocr_line' id='line_1_28' title="bbox 281 3285 1305 3368; baseline -0.007 -18"><span class='ocrx_word' id='word_1_238' title='bbox 281 3285 375 3350; x_wconf 84' lang='lat' dir='ltr'><strong>Parii.</strong></span> <span class='ocrx_word' id='word_1_239' title='bbox 389 3305 425 3348; x_wconf 77' lang='lat' dir='ltr'><strong>t.</strong></span> <span class='ocrx_word' id='word_1_240' title='bbox 448 3301 479 3351; x_wconf 90' lang='grc'><strong>2.</strong></span> <span class='ocrx_word' id='word_1_241' title='bbox 510 3287 624 3368; x_wconf 87' lang='lat' dir='ltr'><strong>reliqui</strong></span> <span class='ocrx_word' id='word_1_242' title='bbox 646 3289 810 3368; x_wconf 71' lang='lat' dir='ltr'><strong>pauciores</strong></span> <span class='ocrx_word' id='word_1_243' title='bbox 832 3305 867 3348; x_wconf 82' lang='lat' dir='ltr'><strong>ea</strong></span> <span class='ocrx_word' id='word_1_244' title='bbox 893 3305 974 3349; x_wconf 84' lang='lat' dir='ltr'><strong>voce</strong></span> <span class='ocrx_word' id='word_1_245' title='bbox 1000 3285 1126 3347; x_wconf 80' lang='lat' dir='ltr'><strong>camille</strong></span> <span class='ocrx_word' id='word_1_246' title='bbox 1151 3287 1305 3346; x_wconf 81' lang='lat' dir='ltr'><strong>videntur.</strong></span> 
     </span>
     <span class='ocr_line' id='line_1_29' title="bbox 280 3385 1307 3471; baseline -0.005 -23"><span class='ocrx_word' id='word_1_247' title='bbox 280 3391 459 3470; x_wconf 86' lang='lat' dir='ltr'><strong>Vtrumque</strong></span> <span class='ocrx_word' id='word_1_248' title='bbox 482 3405 555 3447; x_wconf 88' lang='lat' dir='ltr'><strong>cum</strong></span> <span class='ocrx_word' id='word_1_249' title='bbox 576 3385 653 3448; x_wconf 81' lang='lat' dir='ltr'><strong>ferat</strong></span> <span class='ocrx_word' id='word_1_250' title='bbox 678 3388 779 3452; x_wconf 80' lang='lat' dir='ltr'><strong>Melae</strong></span> <span class='ocrx_word' id='word_1_251' title='bbox 804 3390 920 3460; x_wconf 79' lang='lat' dir='ltr'><strong>oratio,</strong></span> <span class='ocrx_word' id='word_1_252' title='bbox 953 3389 1054 3452; x_wconf 84' lang='lat' dir='ltr'><strong>maior</strong></span> <span class='ocrx_word' id='word_1_253' title='bbox 1075 3385 1307 3471; x_wconf 79' lang='lat' dir='ltr'><strong>suffragantium</strong></span> 
     </span>
     <span class='ocr_line' id='line_1_30' title="bbox 281 3487 692 3570; baseline -0.002 -20"><span class='ocrx_word' id='word_1_254' title='bbox 281 3509 433 3556; x_wconf 69' lang='lat' dir='ltr'><strong>numerus</strong></span> <span class='ocrx_word' id='word_1_255' title='bbox 455 3487 562 3570; x_wconf 81' lang='lat' dir='ltr'><strong>respici</strong></span> <span class='ocrx_word' id='word_1_256' title='bbox 582 3488 692 3570; x_wconf 83' lang='lat' dir='ltr'><strong>potest,</strong></span> 
     </span>
    </p>
   </div>
   <div class='ocr_carea' id='block_1_4' title="bbox 279 3625 1304 4218">
    <p class='ocr_par' dir='ltr' id='par_1_4' title="bbox 279 3625 1304 4218">
     <span class='ocr_line' id='line_1_31' title="bbox 361 3625 1304 3710; baseline -0.006 -20"><span class='ocrx_word' id='word_1_257' title='bbox 361 3627 568 3710; x_wconf 78' lang='lat' dir='ltr'><strong>Geryone)</strong></span> <span class='ocrx_word' id='word_1_258' title='bbox 619 3628 714 3691; x_wconf 85' lang='lat' dir='ltr'><strong>Levio</strong></span> <span class='ocrx_word' id='word_1_259' title='bbox 735 3627 777 3690; x_wconf 86' lang='lat' dir='ltr'><strong>eil</strong></span> <span class='ocrx_word' id='word_1_260' title='bbox 800 3641 832 3690; x_wconf 83' lang='lat' dir='ltr'><strong>et</strong></span> <span class='ocrx_word' id='word_1_261' title='bbox 852 3627 959 3690; x_wconf 76' lang='lat' dir='ltr'><strong>usitato</strong></span> <span class='ocrx_word' id='word_1_262' title='bbox 983 3628 1158 3710; x_wconf 86' lang='lat' dir='ltr'><strong>corruptio,</strong></span> <span class='ocrx_word' id='word_1_263' title='bbox 1181 3625 1304 3706; x_wconf 65' lang='lat' dir='ltr'><strong>gerione</strong></span> 
     </span>
     <span class='ocr_line' id='line_1_32' title="bbox 279 3725 1304 3810; baseline -0.006 -22"><span class='ocrx_word' id='word_1_264' title='bbox 279 3731 404 3810; x_wconf 80' lang='lat' dir='ltr'><strong>qualem</strong></span> <span class='ocrx_word' id='word_1_265' title='bbox 431 3727 600 3790; x_wconf 82' lang='lat' dir='ltr'><strong>ostendunt</strong></span> <span class='ocrx_word' id='word_1_266' title='bbox 622 3729 693 3788; x_wconf 86' lang='lat' dir='ltr'><strong>libri</strong></span> <span class='ocrx_word' id='word_1_267' title='bbox 717 3731 832 3810; x_wconf 80' lang='lat' dir='ltr'><strong>aliqui,</strong></span> <span class='ocrx_word' id='word_1_268' title='bbox 864 3731 964 3790; x_wconf 88' lang='lat' dir='ltr'><strong>veluti</strong></span> <span class='ocrx_word' id='word_1_269' title='bbox 988 3729 1096 3791; x_wconf 91' lang='lat' dir='ltr'><strong>Cibin.</strong></span> <span class='ocrx_word' id='word_1_270' title='bbox 1119 3726 1203 3810; x_wconf 81' lang='lat' dir='ltr'><strong>Lipl.</strong></span> <span class='ocrx_word' id='word_1_271' title='bbox 1227 3725 1304 3786; x_wconf 88' lang='lat' dir='ltr'><strong>Gud.</strong></span> 
     </span>
     <span class='ocr_line' id='line_1_33' title="bbox 279 3827 1303 3913; baseline -0.005 -22"><span class='ocrx_word' id='word_1_272' title='bbox 279 3833 370 3913; x_wconf 79' lang='lat' dir='ltr'><strong>Preg.</strong></span> <span class='ocrx_word' id='word_1_273' title='bbox 393 3829 566 3913; x_wconf 82' lang='lat' dir='ltr'><strong>llohdiger.</strong></span> <span class='ocrx_word' id='word_1_274' title='bbox 619 3828 721 3890; x_wconf 83' lang='lat' dir='ltr'><strong>Maior</strong></span> <span class='ocrx_word' id='word_1_275' title='bbox 744 3831 891 3892; x_wconf 85' lang='lat' dir='ltr'><strong>obiicitur</strong></span> <span class='ocrx_word' id='word_1_276' title='bbox 914 3829 1080 3892; x_wconf 78' lang='lat' dir='ltr'><strong>difficultas</strong></span> <span class='ocrx_word' id='word_1_277' title='bbox 1103 3849 1140 3890; x_wconf 81' lang='lat' dir='ltr'><strong>ex</strong></span> <span class='ocrx_word' id='word_1_278' title='bbox 1162 3827 1303 3892; x_wconf 79' lang='lat' dir='ltr'><strong>ablativo,</strong></span> 
     </span>
     <span class='ocr_line' id='line_1_34' title="bbox 279 3927 1303 4014; baseline -0.006 -22"><span class='ocrx_word' id='word_1_279' title='bbox 279 3934 336 4014; x_wconf 85' lang='lat' dir='ltr'><strong>qui</strong></span> <span class='ocrx_word' id='word_1_280' title='bbox 358 3930 491 4013; x_wconf 79' lang='lat' dir='ltr'><strong>intelligi</strong></span> <span class='ocrx_word' id='word_1_281' title='bbox 513 3951 580 3992; x_wconf 89' lang='lat' dir='ltr'><strong>uon</strong></span> <span class='ocrx_word' id='word_1_282' title='bbox 610 3929 725 4014; x_wconf 85' lang='lat' dir='ltr'><strong>potest,</strong></span> <span class='ocrx_word' id='word_1_283' title='bbox 760 3933 817 3994; x_wconf 81' lang='lat' dir='ltr'><strong>uili</strong></span> <span class='ocrx_word' id='word_1_284' title='bbox 838 3931 946 3992; x_wconf 87' lang='lat' dir='ltr'><strong>durior</strong></span> <span class='ocrx_word' id='word_1_285' title='bbox 969 3931 1082 4012; x_wconf 86' lang='lat' dir='ltr'><strong>ellipllt</strong></span> <span class='ocrx_word' id='word_1_286' title='bbox 1108 3927 1303 4012; x_wconf 76' lang='lat' dir='ltr'><strong>praepoliuo·</strong></span> 
     </span>
     <span class='ocr_line' id='line_1_35' title="bbox 280 4023 1301 4114; baseline -0.009 -21"><span class='ocrx_word' id='word_1_287' title='bbox 280 4037 331 4096; x_wconf 85' lang='lat' dir='ltr'><strong>uit</strong></span> <span class='ocrx_word' id='word_1_288' title='bbox 354 4053 375 4092; x_wconf 86' lang='lat' dir='ltr'><strong>o</strong></span> <span class='ocrx_word' id='word_1_289' title='bbox 397 4031 575 4112; x_wconf 80' lang='lat' dir='ltr'><strong>accipiatur,</strong></span> <span class='ocrx_word' id='word_1_290' title='bbox 627 4035 668 4092; x_wconf 89' lang='lat' dir='ltr'><strong>llt</strong></span> <span class='ocrx_word' id='word_1_291' title='bbox 691 4045 794 4114; x_wconf 82' lang='lat' dir='ltr'><strong>aperta</strong></span> <span class='ocrx_word' id='word_1_292' title='bbox 818 4029 888 4094; x_wconf 88' lang='lat' dir='ltr'><strong>lunt</strong></span> <span class='ocrx_word' id='word_1_293' title='bbox 909 4034 1017 4094; x_wconf 82' lang='lat' dir='ltr'><strong>urnula</strong></span> <span class='ocrx_word' id='word_1_294' title='bbox 1039 4045 1072 4092; x_wconf 79' lang='lat' dir='ltr'><strong>et</strong></span> <span class='ocrx_word' id='word_1_295' title='bbox 1097 4033 1254 4112; x_wconf 81' lang='lat' dir='ltr'><strong>expeditu,</strong></span> <span class='ocrx_word' id='word_1_296' title='bbox 1281 4023 1301 4084; x_wconf 91' lang='lat' dir='ltr'><strong>li</strong></span> 
     </span>
     <span class='ocr_line' id='line_1_36' title="bbox 280 4129 1302 4218; baseline -0.013 -20"><span class='ocrx_word' id='word_1_297' title='bbox 280 4135 425 4198; x_wconf 78' lang='lat' dir='ltr'><strong>dativum</strong></span> <span class='ocrx_word' id='word_1_298' title='bbox 441 4129 582 4216; x_wconf 78' lang='lat' dir='ltr'><strong>poluerit</strong></span> <span class='ocrx_word' id='word_1_299' title='bbox 600 4131 716 4197; x_wconf 80' lang='lat' dir='ltr'><strong>Graeca</strong></span> <span class='ocrx_word' id='word_1_300' title='bbox 731 4137 869 4208; x_wconf 77' lang='lat' dir='ltr'><strong>ratione,</strong></span> <span class='ocrx_word' id='word_1_301' title='bbox 900 4153 996 4218; x_wconf 83' lang='lat' dir='ltr'><strong>quam</strong></span> <span class='ocrx_word' id='word_1_302' title='bbox 1012 4131 1115 4195; x_wconf 81' lang='lat' dir='ltr'><strong>noster</strong></span> <span class='ocrx_word' id='word_1_303' title='bbox 1131 4145 1162 4194; x_wconf 85' lang='lat' dir='ltr'><strong>et</strong></span> <span class='ocrx_word' id='word_1_304' title='bbox 1178 4129 1302 4192; x_wconf 88' lang='lat' dir='ltr'><strong>omuino</strong></span> 
     </span>
    </p>
   </div>
   <div class='ocr_carea' id='block_1_5' title="bbox 0 0 1418 4936">
    <p class='ocr_par' dir='ltr' id='par_1_5' title="bbox 0 0 1418 4936">
     <span class='ocr_line' id='line_1_37' title="bbox 0 0 1418 4936; baseline 0 0"><span class='ocrx_word' id='word_1_305' title='bbox 0 0 1418 4936; x_wconf 95' lang='lat' dir='ltr'><strong> </strong></span> 
     </span>
    </p>
   </div>
  </div>
 </body>
</html>
