2792 4940
254 361 257 370 ’
307 417 365 486 204
606 405 850 465 uouaoun
883 407 1042 464 nette

276 617 279 624 .
305 583 495 646 auctoribus.
530 599 716 644 nauatam.
767 581 876 649 Recte,
902 581 950 640 utl
971 581 1066 642 etiam
1082 599 1120 641 ex
1135 572 1335 641 hermoniae

308 687 465 747 dederunt
487 685 560 745 edd.
579 685 611 746 6.
637 697 670 756 7.
689 695 723 760 8.
745 701 798 745 ιο.
825 697 876 742 12.
901 697 953 759 13.
977 683 1122 761 reliquae.
1177 683 1277 758 Atque
1297 681 1337 738 ita

306 789 404 855 etiam
436 785 566 848 exhibet
599 785 712 848 Venet.
764 782 838 845 Poll
867 784 954 843 idem
971 774 1197 872 fr·outemque,·
1230 781 1336 844 Cibin.

299 880 453 980 sontem3
490 884 629 947 Vindob.
664 885 787 947 omittit
812 885 886 945 eins.
928 903 1129 946 rzecnvcun.
1193 883 1339 946 Confide-

306 989 452 1054 randttm.
470 1007 508 1048 an
526 987 561 1050 stt
575 987 688 1048 melior
703 987 797 1048 lectio
815 986 1060 1065 promontorium
1074 987 1138 1046 eiras
1147 979 1340 1077 Mastusiam

308 1109 347 1150 ex
370 1090 558 1152 Ptolemaeo
579 1081 635 1172 [3.
660 1080 732 1171 rm]
757 1101 786 1147 et
812 1080 1011 1172 Plinio.,[4,
1033 1100 1084 1163 ιθ.
1103 1079 1221 1170 Lam]
1266 1101 1341 1145 aru·

308 1207 446 1254 πηνα.
495 1189 585 1272 Quid
603 1187 658 1248 sabi
674 1189 811 1248 voluerit
825 1188 1002 1258 Pintiamra,
1023 1186 1137 1257 nescio,
1157 1205 1230 1246 curn
1244 1177 1342 1274 frou·

309 1303 370 1354 tem
394 1303 494 1352 mutat
516 1292 550 1350 in
566 1291 827 1368 promuntorium.
864 1290 998 1350 Frurrtes
1020 1285 1128 1368 pallam
1148 1303 1237 1346 vocat
1255 1286 1342 1346 Mela

308 1405 412 1474 parter
434 1391 501 1452 illae
522 1392 733 1458 continentie.
765 1410 843 1470 quae
862 1393 998 1470 maxime
1016 1390 1048 1448 in
1067 1409 1153 1449 mare
1170 1399 1344 1448 excurrunt

309 1506 343 1554 et
370 1493 564 1576 prominent.
606 1491 716 1550 Graeci
735 1489 884 1576 pirameo
906 1491 1027 1551 dicunt.
1067 1509 1208 1552 voeerve.
1265 1489 1343 1547 Pro·

309 1595 497 1656 montorium
521 1612 595 1652 cum
609 1591 715 1652 Plinio
738 1607 854 1652 vocant
874 1593 971 1652 etiam
994 1591 1093 1654 Solin.
1120 1611 1146 1654 c.
1169 1589 1221 1655 16.
1238 1587 1259 1650 s.
1287 1608 1344 1651 ιο.

310 1709 344 1756 et
367 1694 541 1755 Martianus
559 1693 683 1776 Capella
705 1692 759 1754 lib.
777 1695 809 1756 6.
832 1714 861 1773 p.
889 1709 970 1755 212.
1023 1693 1065 1752 Et
1090 1691 1128 1752 be
1150 1690 1346 1772 Lycophron

310 1801 343 1856 v.
365 1805 449 1874 55q.
480 1791 638 1878 Xapom'oo
660 1791 773 1879 κέρως,
800 1795 852 1854 v'el
874 1809 911 1854 ut
929 1796 982 1854 alii
1008 1789 1110 1878 κέρας.
1163 1793 1245 1852 Nam
1271 1789 1349 1852 Μα-

311 1890 424 1982 (ooor'o
446 1893 491 1954 ibi
514 1893 577 1954 fine
598 1893 697 1954 dubio
719 1893 761 1955 est
783 1894 934 1957 Mastufia.
985 1895 1050 1956 Suo
1071 1907 1176 1954 autem
1200 1911 1292 1952 more
1315 1904 1350 1953 et

310 1997 411 2057 modo
427 1995 514 2058 Mela
528 1985 676 2084 frontem
697 2010 799 2065 vocat.
825 1995 913 2078 qnod
931 1995 997 2056 aliie
1012 1995 1054 2056 eli
1071 1995 1348 2077 promontorium.

310 2115 385 2158 curn
407 2096 482 2156 inde
507 2095 610 2176 postea
631 2096 669 2156 ad
698 2096 793 2156 latera
815 2097 1049 2179 progrediatur,
1086 2115 1221 2176 qnorum
1241 2115 1350 2154 nuum

312 2193 458 2257 describit
483 2196 522 2256 ad
552 2194 811 2276 Hellespontum,
844 2199 883 2258 ad
905 2217 990 2258 mare
1014 2201 1175 2282 Aegaeum
1198 2196 1348 2258 alterum.

311 2296 376 2359 Sed
397 2297 463 2359 vid.
478 2297 517 2357 de
539 2295 570 2357 h.
588 2318 620 2360 v.
642 2298 712 2358 Vol.
731 2313 762 2361 2.
783 2298 821 2358 ad
843 2315 871 2364 ι.
897 2313 929 2360 2.
945 2300 990 2360 in.
1015 2313 1048 2360 et
1068 2301 1107 2360 de
1123 2297 1350 2360 commistione

303 2388 391 2488 fons
411 2410 444 2459 et
456 2388 558 2486 frons
580 2397 618 2460 ad
640 2419 668 2470 ι,
691 2411 744 2478 13.
762 2413 795 2473 5.
836 2397 929 2460 Certe
946 2402 1043 2460 nimis
1062 2400 1156 2460 etiam
1174 2397 1225 2457 hic
1245 2412 1352 2460 terne·

310 2499 388 2559 raria
417 2497 459 2560 est
491 2497 651 2560 Ciacconii
677 2499 859 2560 emendatio
892 2519 951 2560 nec
974 2501 1042 2560 ullo
1073 2501 1172 2560 modo
1203 2495 1351 2564 ferenda.

211 2629 214 2638 =
310 2597 450 2693 Isthmos
463 2613 570 2662 autem
585 2613 617 2662 et
632 2599 705 2662 alibi
718 2601 859 2670 vitiatur,
880 2601 981 2662 veluti
994 2602 1204 2684 apudLucan.
1220 2621 1248 2670 ι,
1263 2621 1309 2663 ιο
1320 2623 1352 2667 ι.

387 2800 493 2892 Most
502 2795 659 2894 usiam)
709 2803 809 2866 Vatic.
835 2817 867 2881 3.
890 2803 982 2888 Prag.
1008 2793 1215 2892 moscrrstom;
1257 2803 1350 2866 Gud.

311 2893 542 2992 mascdrfiom5
574 2903 711 2966 Vindob.
737 2895 953 2992 ruoscnffioru;
993 2903 1098 2966 Cibin.
1124 2901 1207 2983 Lipl.
1230 2905 1351 2968 Venet-

312 3001 525 3096 mastlmflam.
565 3005 690 3067 Graecia
707 3002 914 3077 Maorovm'u,
939 3019 972 3068 et
987 3005 1027 3066 sic
1040 3017 1124 3066 recte
1139 3003 1314 3068 editiones.

390 3197 680 3297 Chersonesum
693 3204 708 3283 )
759 3205 867 3268 Cibin.
895 3205 979 3266 Gud.
1002 3203 1139 3290 Rebdig.
1160 3205 1233 3268 edd.
1253 3221 1285 3269 2.
1310 3226 1351 3288 9.

314 3295 569 3396 Cbersmnſjbm
592 3305 730 3367 Vindob.
748 3299 1003 3399 chersonensnm
1023 3307 1113 3392 Prag.
1132 3297 1351 3399 cbersonsnm.

310 3403 396 3468 Edd.
420 3403 451 3470 6.
475 3427 508 3488 7.
530 3419 563 3488 3.
587 3397 794 3497 chersoueom.

387 3607 694 3672 memorabilem.
737 3611 788 3670 In
821 3609 892 3694 eo)
932 3611 1052 3674 MSS.
1090 3610 1154 3671 duo
1189 3609 1349 3676 Ciaecon.

312 3705 419 3772 Cibin.
442 3709 525 3792 Lipl.
558 3711 738 3774 Vindobon.
760 3711 855 3775 Paris.
881 3732 911 3776 1.
937 3713 1021 3775 Gud.
1051 3713 1221 3794 Rehdiger.
1248 3711 1351 3796 Prag.

311 3823 390 3890 puto
408 3815 504 3874 etiarn
522 3815 634 3874 Vener.
656 3825 688 3874 et
705 3813 808 3873 Havu.
831 3812 1032 3882 memorabile.
1059 3833 1096 3875 ex
1113 3813 1229 3893 quibua
1244 3815 1350 3874 etiam

311 3905 351 3974 rb
370 3909 581 4002 rstomittunt
600 3914 707 3994 aliqui,
734 3915 785 3974 vel
802 3907 841 3976 τὸ
858 3917 899 3976 Iu
918 3915 1105 3975 maiusculae
1126 3915 1231 3974 literae
1248 3914 1351 3976 initio

310 4009 492 4077 subiiciunt.
545 4014 672 4076 Habent
700 4031 804 4074 tamen
831 4013 873 4104 est
901 4016 984 4077 Gud.
1013 4015 1103 4097 Prag.
1131 4027 1163 4074 et
1188 4013 1353 4075 videntur

308 4111 446 4178 babuille
470 4117 621 4180 Vaticani.
648 4113 861 4196 (maurorolu'le
884 4115 958 4211 est.)
1009 4115 1183 4188 Cbisranne,
1208 4128 1352 4179 notante
