2880 4940
441 459 862 530 momento
1056 419 1170 538 ἠι

145 645 203 711 23.
222 641 280 713 oo.
304 644 359 712 o5.
383 635 548 705 vellinae,
579 634 777 697 Oliverienne
799 653 873 696 cnm
892 635 1028 706 Vineto;
1062 634 1173 698 Schot-

143 747 203 804 tue,
228 733 359 806 vallino,
381 737 477 796 ceteri
493 735 582 798 Zilia
589 757 602 810 ‚·
629 755 685 799 ιιι.
702 735 807 798 omillt
825 736 919 796 verba
932 735 1018 796 nitra
1031 735 1068 796 ed
1087 735 1172 799 ona.

142 851 348 898 rzrcnvcne.
400 837 586 920 Legendum
604 837 728 899 colonia
742 830 906 926 etfloor'ns
922 835 1019 904 Zilia.
1042 836 1174 898 eviden-

142 933 258 996 tiffime
273 955 311 996 ex
325 937 440 1006 Plinio.
465 937 520 998 lib.
538 951 571 1015 5.
594 937 636 1016 [o.
661 941 708 1020 t.]
734 938 919 999 Ptolemaeo
935 949 1044 1018 qrrnrto
1060 937 1102 1016 [c.
1124 937 1173 1018 1.]

142 1049 175 1097 et
190 1036 343 1098 Strabone
358 1039 484 1100 ultimo.
509 1040 556 1122 [p.
575 1040 658 1118 569.
675 1039 695 1102 l.
709 1039 810 1118 627]
844 1038 968 1100 Plinius
985 1037 1050 1098 Zili
1068 1050 1171 1108 vocet.

143 1137 254 1200 Strabo
274 1139 363 1198 Zelin
382 1159 398 1198 e
416 1140 531 1224 longo,
557 1139 757 1201 Ptolemaeus
779 1139 906 1201 Zilinm.
957 1139 1053 1200 Plinii
1077 1151 1173 1200 reto·

142 1237 301 1318 exemplar
316 1239 402 1300 Zulil
419 1239 522 1310 habet,
546 1241 690 1302 Romane
710 1237 869 1322 imprellio
884 1237 988 1302 Zobil.
1029 1238 1174 1301 Hebetur
1220 1311 1226 1320 ¹

143 1351 250 1398 temen
265 1339 382 1402 fluvius
395 1343 497 1419 Agna,
522 1339 571 1402 lerl
588 1343 697 1422 procul
709 1341 747 1402 ab
764 1343 824 1404 hnc
839 1353 938 1402 tractu
955 1361 971 1402 a
986 1339 1173 1402 Ptolemaeo

142 1440 299 1508 redditur.
329 1440 640 1524 etecnlligatoribue
663 1456 731 1502 tum
751 1455 932 1523 corruptor.
959 1455 1030 1502 tum
1053 1443 1172 1522 impru-

142 1541 254 1600 denter
276 1541 339 1602 lruc
360 1541 497 1604 tralatus.
549 1546 700 1605 Ceterum
730 1555 897 1623 antequem
919 1544 991 1604 linit
1016 1541 1171 1628 opusculo

129 1641 377 1720 imponeretur,
418 1643 591 1705 admonere
621 1645 771 1706 lectorem
803 1643 915 1715 libuit,
957 1644 990 1703 in
1017 1642 1170 1724 eoquod

141 1741 223 1802 libro
243 1757 275 1803 o.
297 1735 346 1828 [c.
361 1757 396 1821 4.
420 1745 448 1821 §.
469 1737 524 1830 5.]
546 1745 579 1804 in
600 1745 688 1806 ltalia
710 1745 776 1804 dixi
796 1763 855 1826 pro
870 1742 1030 1835 Fanestris
1048 1743 1172 1804 colonia

141 1841 204 1924 legi
220 1841 303 1924 polle
320 1844 444 1904 Fanum
466 1845 626 1906 Fortunae
646 1865 684 1908 ex
699 1844 862 1913 Strabone,
887 1845 1082 1912 Ptolemaeo.
1108 1844 1172 1905 Pli-

141 1944 209 2013 nio,
233 1943 273 2004 irc
289 1961 357 2004 enm
374 1943 633 2018 nominantibue;
665 1948 827 2030 magisque
847 1965 886 2006 ex
907 1946 1048 2030 analogia
1069 1945 1174 2006 fieriu

66 2023 81 2054 '
134 2035 226 2133 fano
246 2041 407 2135 Fnrrrnstr,
432 2065 527 2125 quam
543 2044 711 2140 Fanestris.
741 2046 924 2108 eddubitere
940 2065 992 2108 me
1008 2065 1102 2115 nuno.
1130 2063 1172 2107 tn

141 2145 230 2228 prior
251 2143 346 2206 lectio
363 2145 513 2207 mutanda
533 2145 579 2210 lit.
630 2149 716 2208 Tum
733 2147 817 2229 qnod
838 2147 952 2209 eodem
968 2149 1047 2217 lure,
1074 2165 1136 2228 qno
1152 2165 1174 2212 e

142 2265 274 2322 compro
293 2245 474 2338 campestris
487 2261 520 2308 et
533 2248 633 2310 molta
646 2248 848 2318 hniuemodl,
873 2249 988 2310 eodem
1004 2259 1036 2310 et
1050 2267 1067 2308 ι
1078 2239 1171 2338 sono

143 2345 257 2406 deduci
278 2341 372 2427 poffit
386 2339 543 2438 fanestris
557 2365 590 2410 et
602 2341 764 2440 ⁸fanensis,
791 2349 890 2433 magle
904 2347 963 2410 effe
979 2349 1099 2434 gentile
1113 2365 1171 2408 no·

141 2465 228 2517 men,
251 2464 343 2526 qnam
365 2443 566 2529 polieffivum
583 2451 737 2510 ridentur.
778 2451 866 2510 Tum
882 2450 987 2520 etiam.
1008 2449 1094 2530 quod
1108 2449 1171 2508 Pli-

141 2547 214 2608 nius
230 2549 263 2607 in
282 2549 374 2609 tertio
396 2542 444 2634 [e.
468 2567 520 2628 ¹9·
532 2548 551 2612 l.
569 2543 644 2636 14]
666 2552 787 2612 Fanum
808 2533 966 2611 coloniam
983 2549 1043 2612 elle
1059 2549 1170 2620 tradet,

141 2659 175 2708 et
194 2647 332 2708 coloniae
359 2650 462 2710 Iuliae
482 2650 640 2742 Fanestris
665 2651 786 2712 mentio
815 2649 966 2710 habeatur
986 2669 1003 2712 ι
1024 2651 1171 2712 Vitruvio
1214 2639 1216 2644 ⁵

141 2747 198 2808 lib.
216 2762 250 2825 5.
277 2744 324 2838 [c.
348 2743 398 2834 r.]
434 2751 540 2830 ltaque
556 2771 622 2813 rem
640 2753 672 2812 in
690 2753 832 2812 medium
849 2751 1007 2831 relinquo.
1035 2769 1170 2840 ettn‘rrn·

144 2867 219 2910 rire.
273 2849 439 2912 Pintirrnue
459 2851 537 2936 legit
551 2853 675 2912 colonia
688 2847 851 2935 etflnvius
866 2849 964 2914 Zilia.
998 2851 1040 2913 At
1056 2852 1170 2914 Strabo

142 2948 198 3010 lib.
225 2963 278 3023 17.
303 2941 352 3034 [c.
375 2945 418 3037 l.]
445 2949 490 3010 ibi
515 2967 680 3034 corruptus
704 2954 841 3022 videtur,
868 2963 901 3013 et
919 2951 975 3012 obi
996 2949 1038 3028 εἷς
1057 2947 1092 3014 δὲ
1110 2946 1170 3038 τὴν

142 3043 235 3122 ἐκτὸς
256 3043 429 3112 θάλασσαν
459 3049 608 3117 πλέουσιν
637 3047 702 3116 tri
727 3048 843 3138 Λιγγὸς
868 3045 962 3128 πόλις
980 3045 1047 3117 ἐστὶ
1076 3047 1171 3139 Ζῆλις

145 3145 199 3212 καὶ
222 3148 326 3234 Τίγα,
352 3152 522 3236 legendnm
543 3147 640 3230 ἐντός.
676 3153 759 3219 Nom
781 3155 819 3216 erl
840 3150 960 3214 fretum
981 3155 1109 3239 naviget
1130 3153 1170 3216 ab

143 3253 297 3312 exteriore
318 3251 396 3314 lmu.
432 3271 646 3320 crncconrre.
699 3255 772 3318 Gna
791 3256 901 3335 utique
918 3273 1038 3318 nomen
1054 3255 1096 3317 ell
1114 3254 1171 3318 ob-

144 3351 265 3412 icurnm
287 3367 320 3414 et
341 3353 433 3435 plane
452 3355 669 3440 incognitum.
696 3375 771 3418 eum
793 3369 901 3418 contre
916 3355 1017 3426 Zilia.
1047 3355 1100 3419 etsi
1121 3357 1171 3418 in·

145 3453 296 3514 constanti
313 3451 468 3534 scripture,
493 3457 543 3518 hic
563 3457 738 3540 npluriboe
754 3471 959 3520 memoretur.
1010 3459 1049 3520 ln
1064 3457 1170 3520 Ptole·

142 3573 233 3614 meeo
250 3565 283 3632 4.
307 3573 334 3614 r.
359 3549 450 3616 Ζιλία
469 3559 541 3621 cod.
563 3557 660 3622 Pelet.
676 3554 810 3630 Ζιλεῖω,
836 3557 888 3619 lib.
908 3569 941 3635 ss.
966 3557 1119 3618 intabuit
1139 3577 1169 3622 ι.

143 3653 263 3715 Africae
289 3649 407 3718 Zerlin.
457 3658 510 3720 Sic
536 3661 617 3742 epurl
651 3659 794 3721 Plinium
819 3671 971 3721 monente
999 3659 1103 3722 Surite
1129 3657 1170 3720 ed
1207 3655 1212 3670 ⁸

143 3755 264 3818 Anton.
287 3757 391 3818 itiner.
414 3777 446 3838 p.
468 3771 501 3836 8.
525 3758 595 3842 (ed.
622 3757 767 3842 Weliel.)
794 3775 856 3822 tree
876 3759 999 3822 corlioee
1019 3759 1095 3821 Zuli
1116 3759 1170 3820 he·
1231 3777 1235 3785 ·

143 3853 239 3924 bent,
270 3855 340 3927 alii,
374 3861 422 3918 uti
443 3859 504 3920 iam
527 3861 693 3926 Pintirnue
719 3861 860 3932 notavit,
886 3861 985 3922 eliter.
1038 3863 1077 3923 ln
1102 3855 1169 3940 ipio

141 3956 308 4018 Antonino
325 3977 351 4020 c.
371 3959 391 4020 l.
412 3972 444 4020 et
467 3959 584 4044 Geogr.
608 3964 753 4024 lleverrn.
773 3976 805 4042 5,
832 3983 886 4024 ιι.
911 3973 944 4038 5,
968 3969 1002 4045 4.
1026 3961 1093 4023 Zili
1113 3961 1169 4039 (in

142 4056 297 4127 ablativo.
324 4073 360 4118 ut
378 4057 474 4144 solet)
498 4061 623 4126 dicitur.
661 4065 699 4124 ln
720 4063 882 4146 Stephano
900 4077 1050 4146 cormpto
1066 4057 1169 4146 Ζῆλος

139 4177 199 4246 pro
215 4154 325 4248 Ζῆλις,
350 4173 387 4222 nt
407 4161 454 4222 ibi
473 4165 602 4226 monuit
615 4163 794 4228 Berkelinr.
831 4165 873 4228 tt
893 4177 1048 4246 truentum
1070 4163 1168 4225 huius
