2752 4944
321 447 381 492 212
609 429 856 488 POMPONII
898 430 1062 487 MELAE

322 621 426 672 muto.
463 607 554 668 Licet
574 605 661 666 eninr
683 602 824 686 respectu
841 601 1038 673 Thermaici.
1063 601 1266 669 Corinthiaci
1293 609 1370 672 aiio

321 729 458 790 rumque
475 709 601 768 ΙΓιιιιιιιιιι
618 707 665 768 isti
685 707 847 792 perexigui
866 685 943 778 suit,
968 707 1116 770 litamen
1136 727 1370 794 comparentu

323 833 394 874 curu
419 811 487 872 aliia
505 809 652 872 Graeciae
669 810 795 894 proprie
812 810 914 874 dictae
934 810 1070 884 [imbuo.
1104 823 1198 875 erunt
1217 815 1370 875 maximi

322 931 467 976 vossrvs.

399 1146 599 1231 tropaeo)
650 1145 757 1212 Cibin.
789 1147 962 1234 Rehdigor.
990 1145 1074 1230 Lipi.
1102 1147 1187 1211 ouo.
1212 1147 1370 1214 Vindob

323 1253 414 1336 Prag.
439 1253 553 1334 aliique
583 1271 659 1312 cum
680 1253 752 1313 edd.
776 1252 908 1332 trophea
932 1251 984 1312 vel
1008 1251 1182 1328 trophoeo,
1218 1255 1318 1332 quod
1350 1275 1370 1318 rr

323 1357 524 1416 retinuerunt
539 1351 687 1422 Vinctus.
712 1353 873 1420 Schouua.
898 1348 1036 1414 vossius.
1074 1353 1137 1413 Sed
1154 1355 1218 1412 iam
1235 1355 1296 1416 od.
1316 1369 1370 1434 13

324 1469 448 1535 tropeo;
477 1455 560 1517 (iud.
583 1467 732 1533 tropaeo,
760 1456 808 1514 uti
825 1475 864 1518 ex
884 1453 1000 1514 Graeca
1016 1455 1139 1515 ratione
1155 1452 1370 1520 scribendum

322 1557 381 1621 effe
404 1557 501 1618 hodie
525 1575 638 1620 omues
659 1555 806 1640 probant.

400 1795 667 1877 Thermopyla
676 1801 694 1878 )
745 1793 828 1878 Lips.
860 1795 944 1858 Guo.
975 1793 1067 1879 Prag.
1101 1797 1287 1876 termophile
1319 1821 1370 1872 vo

323 1933 371 1950 -
389 1921 443 1968 ae,
471 1900 518 1958 uri
535 1899 630 1958 etium
646 1898 720 1960 edd.
742 1915 773 1958 2.
793 1915 826 1975 9.
848 1897 986 1980 Rehdig.
1013 1897 1219 1978 terruophyle3
1247 1899 1370 1972 Cibin

324 1999 551 2080 thormopoym
593 1999 698 2060 Havu.
730 1998 945 2075 termophiies;
986 1997 1130 2060 Vindob.
1156 2002 1370 2082 trcruoplailej

321 2102 372 2163 ed.
402 2121 456 2162 ιι.
484 2099 661 2182 termopyie.
712 2098 768 2161 Gr.
795 2088 1017 2188 Θερμοπύλαι.

397 2331 530 2412 Opoes
541 2333 557 2412 )
607 2331 711 2392 Vatic.
736 2353 765 2394 1.
789 2345 821 2411 3.
839 2324 946 2393 'Parii
968 2351 996 2395 a.
1018 2347 1050 2394 Ω.
1070 2345 1102 2411 3.
1130 2330 1213 2414 Lipi.
1244 2332 1370 2400 Cibin

320 2434 463 2495 Vindob.
487 2434 626 2516 Rehdig.
649 2433 732 2494 Gud.
753 2435 844 2518 Prag.
866 2433 982 2503 Vener.
1008 2435 1112 2496 Havu.
1133 2434 1261 2495 Boccat.
1285 2435 1318 2498 s.
1346 2461 1370 2500 v

324 2535 483 2596 Malliacua
503 2537 585 2596 linus
607 2549 640 2596 et
660 2535 734 2596 edd.
763 2555 791 2596 ι.
813 2551 845 2595 2.
872 2547 904 2612 5.
928 2545 962 2614 4.
981 2547 1014 2612 5.
1037 2555 1072 2620 ι).
1100 2556 1153 2596 ιι.
1178 2555 1288 2608 oroes;
1343 2543 1370 2604 6

323 2652 355 2713 7.
384 2649 416 2714 g.
450 2651 501 2711 17.
530 2633 633 2715 O'pes;
672 2635 1097 2714 15.oo.23.55.0pus;
1137 2653 1190 2698 ιο.
1221 2653 1278 2698 12.
1312 2658 1370 2721 ¹3}

325 2749 379 2817 14.
404 2739 479 2798 aliae
504 2737 624 2816 Opoes,
659 2739 707 2795 uti
730 2737 877 2797 voluerat
901 2738 1026 2818 antiqua
1046 2757 1160 2798 nrauua
1184 2738 1222 2796 ad
1246 2739 1310 2802 cd.
1342 2747 1370 2805 (i

292 2857 523 2900 .rzscrrvcrru.
585 2837 795 2899 scribendum
828 2837 962 2900 arbiuor
993 2837 1106 2918 Opoes.
1161 2837 1215 2898 Est
1245 2855 1370 2906 auten

248 2980 250 2984 ι
320 2939 441 3020 Opoes,
475 2938 566 2999 idest
589 2931 731 3015 Ὀπόοις,
765 2939 893 3006 eadem.
927 2959 1005 3020 quae
1025 2953 1057 2997 et
1081 2938 1180 3014 Opus.
1208 2936 1370 3017 Opuntii

303 3037 407 3103 ’κατὰ
431 3039 543 3126 κρᾶσιν
564 3040 689 3102 dicitur.
725 3057 911 3100 uuuoauva.
964 3039 1071 3101 Scribe
1091 3038 1275 3118 Opriscum
1302 3048 1370 3104 cir.

317 3143 490 3210 numilem.
531 3159 598 3200 nou
632 3139 751 3220 Opoes,
792 3153 830 3199 ut
859 3142 937 3224 legit
966 3141 1167 3202 Hermolaua.
1229 3139 1370 3212 Poetaa

317 3245 403 3303 enirn
421 3241 565 3323 perfectio
582 3254 726 3308 utuntur.
753 3253 892 3303 oratores
910 3244 1091 3303 contractio.
1142 3242 1298 3320 Denique
1329 3249 1370 3312 fia

317 3343 530 3411 Ptolenraeua.
555 3337 611 3428 [5.
635 3336 710 3426 15.]
740 3342 779 3402 iic
793 3341 917 3412 Strabo.
940 3342 990 3420 [9.
1008 3363 1038 3424 p.
1055 3363 1099 3402 m.
1118 3356 1199 3420 293.
1213 3339 1233 3402 s.
1246 3357 1301 3419 [ιο
1310 3349 1370 3432 5.]

318 3442 357 3503 iic
379 3442 563 3512 Pausanias,
596 3437 651 3528 [in
674 3461 737 3524 quo
760 3457 844 3505 cerro
873 3464 901 3512 1.
926 3459 983 3520 23,
1005 3455 1039 3521 sp.
1064 3437 1276 3528 Ὀπούντιοι]
1323 3450 1370 3514 lio

318 3543 448 3613 Plinius,
473 3537 529 3628 [4.
556 3559 610 3606 ιο.
629 3543 648 3605 s.
667 3536 722 3627 7.]
752 3543 790 3603 iic
806 3562 919 3605 omnes
937 3543 1110 3624 proferunt.
1146 3562 1370 3616 rru'rrauvs.

316 3643 408 3705 Forte
444 3644 666 3725 Thermopylae
694 3657 727 3703 et
760 3645 857 3706 intus.
897 3664 1101 3706 croccourvs.
1169 3646 1370 3727 Vtrumque

312 3757 395 3805 recte
425 3743 485 3805 seso
512 3745 623 3815 habet,
655 3738 784 3820 Ὀπόεις
808 3759 841 3806 et
862 3741 994 3820 Ὀποῦς.
1035 3764 1175 3807 νοοοιτι.
1247 3747 1370 3830 Quod

311 3844 476 3907 Pintianua
499 3847 539 3908 de
568 3859 700 3927 utraque
729 3845 832 3906 forma
855 3845 1015 3916 observat.
1056 3867 1122 3909 non
1147 3843 1272 3927 semper
1292 3851 1370 3918 usu

310 3949 420 4007 venire
452 3945 538 4008 solet.
592 3947 675 4007 Nam
704 3943 831 4022 Ὀπόεις
857 3947 952 4007 habet
983 3949 1161 4030 Stephanus
1188 3961 1220 4008 et
1246 3949 1370 4031 Hesy.

309 4047 415 4116 chiua,
455 4061 563 4108 contra
583 4045 761 4118 Ὀποῦντος
786 4049 941 4110 Pindarus
964 4049 1095 4131 Olymp.
1119 4068 1152 4126 9,
1176 4059 1243 4125 87..
1271 4067 1370 4120 ante

308 4167 340 4208 ι’.
364 4164 425 4211 22.
447 4143 622 4226 ’Ὀπόεντος
650 4163 682 4230 ον
701 4151 797 4210 ovid.
819 4170 858 4212 ex
873 4150 979 4213 Ponto
1006 4173 1035 4224 ι,
1058 4165 1089 4230 5,
1110 4165 1169 4228 37.
1195 4150 1370 4232 Opunta.
