2784 4944
324 453 384 522 ιρι
626 435 871 498 tonronn
905 439 1065 496 uncte

321 617 456 702 phaone.
502 613 619 678 Brittii
643 613 780 676 occurrit
803 613 839 674 in
865 610 1070 696 inscriptione
1099 614 1182 698 apud
1207 613 1351 679 Guelthe·

321 741 394 782 rum
419 721 472 798 (in
494 714 572 780 thes.
597 717 703 792 Sicil.)
729 715 800 776 Vol.
822 726 856 794 5.
885 735 917 797 p.
939 727 1025 796 874.
1048 729 1081 776 et
1103 729 1187 804 9354.
1231 716 1350 776 Gruter.

322 843 355 904 p.
382 829 486 900 1094,
513 833 546 896 5.
596 815 720 880 Diserte
752 817 850 878 etiem
880 816 1001 900 duplici
1022 829 1043 902 't
1068 815 1265 878 scribendum
1295 815 1350 876 esse

322 923 384 984 hoc
405 939 526 984 nornen
545 931 658 980 monet
671 917 851 979 Enstethiue
867 919 906 978 ad
924 915 1057 996 Dionys.
1078 939 1109 982 v.
1126 919 1209 996 360.
1251 919 1350 1000 Quare

323 1025 420 1086 etiarn
443 1021 568 1083 Bruttii
595 1019 746 1101 probatur
776 1037 794 1080 e
821 1019 898 1079 viris
923 1019 1039 1089 doctis.
1081 1039 1099 1081 e
1132 1019 1249 1100 qnibne
1282 1018 1349 1078 ride

323 1125 524 1192 Manutium.
559 1121 779 1202 Daurqneium
803 1133 838 1181 et
858 1117 1032 1182 Cellarium
1055 1121 1090 1180 in
1112 1119 1350 1204 orthographia,

324 1225 490 1288 Heinsntm
514 1235 547 1285 et
570 1221 735 1284 Drakenb.
759 1222 799 1282 ad
823 1221 879 1284 Sil.
909 1221 977 1284 ltat.
1002 1219 1034 1290 6.
1064 1233 1118 1298 ¹5·
1153 1221 1239 1282 hunc
1262 1222 1350 1284 etiam

324 1325 363 1388 nd
382 1326 468 1386 Livii
488 1325 566 1407 epit.
586 1325 641 1386 lib.
663 1339 716 1386 ιι.
759 1323 908 1387 Cortium
929 1322 968 1383 nd
989 1323 1109 1385 Sallust.
1135 1323 1229 1385 Catii.
1252 1342 1278 1383 c.
1294 1335 1349 1400 4²·

325 1427 535 1507 Oudendorp.
560 1426 598 1486 ad
624 1425 768 1489 Frontin.
795 1439 825 1495 2,
852 1437 884 1505 5,
910 1439 1039 1487 21.-
1064 1422 1173 1486 srustro
1201 1425 1351 1484 renitente

325 1529 479 1592 Cluverio
506 1529 540 1587 in
564 1527 633 1588 ital.
657 1539 721 1588 ant.
744 1537 778 1605 4.
806 1537 860 1604 ι5.
893 1546 926 1608 p.
959 1535 1064 1608 1285.
1099 1545 1138 1587 ex
1171 1527 1352 1596 Britanniae

324 1630 489 1713 scripture.
515 1629 651 1710 quaein
674 1640 807 1710 utraque
828 1627 936 1712 lingua
956 1624 1013 1686 usu
1034 1625 1091 1688 suo
1112 1627 1259 1690 invaluit.

401 1851 423 1892 a
457 1829 587 1911 mari)
644 1829 737 1891 Abest
766 1831 800 1890 in
822 1825 915 1892 Paris.
947 1849 975 1889 ι.
1006 1845 1037 1893 2.
1072 1830 1176 1891 Vatia.
1205 1843 1238 1908 3.
1268 1828 1349 1912 Prag.

324 1931 455 2002 vitiose,
480 1945 517 1992 ut
532 1927 691 2012 sequentia
713 1933 841 1993 docent.
882 1929 954 1992 Post
974 1928 1056 2012 Lips.
1081 1942 1260 2010 patavum,·
1285 1931 1352 1988 Vin·

325 2033 446 2096 dobon.
479 2032 691 2112 paritonium
737 2033 883 2102 identet
909 2031 999 2115 Preg.
1032 2031 1209 2114 Rehdiger.
1245 2032 1351 2092 Arnie-

324 2135 426 2205 nort's,·
466 2131 574 2198 Cibin.
598 2128 713 2206 bonia‚·
754 2133 892 2196 vindob.
917 2131 1090 2217 Rehdiger.
1115 2133 1303 2216 praecedens
1323 2140 1350 2190 at

323 2232 509 2298 omiserunt.

399 2433 542 2516 Capua
567 2456 589 2495 a
618 2425 787 2525 Tuscis)
837 2434 1022 2498 vindobon.
1049 2435 1220 2516 Capuam5
1251 2436 1349 2497 Haut.

322 2535 417 2602 Parit
429 2553 462 2599 2.
481 2535 595 2616 Capua
609 2529 780 2626 Etmsct'a,·
804 2539 901 2600 Vatic.
914 2552 946 2618 5.
966 2537 1058 2620 Prag.
1077 2537 1193 2618 Capua
1209 2529 1348 2628 Etrusca.

322 2639 424 2700 Verba
447 2650 478 2698 et
501 2639 607 2698 Roma
628 2635 742 2698 desunt
762 2641 796 2700 in
819 2640 958 2703 Vindob.
981 2635 1021 2702 τὸ
1043 2653 1075 2700 at
1095 2641 1128 2700 in
1153 2637 1246 2702 Paris.
1267 2661 1293 2699 ι.
1319 2649 1348 2698 et

321 2741 459 2804 Romam
481 2738 577 2801 hebet
601 2737 776 2824 iiehdiger.

396 2963 419 3004 a
448 2938 714 3034 pastoribus)
772 2933 821 3004 Τὸ
846 2963 868 3002 a
899 2942 1048 3026 ignorant
1079 2939 1187 3004 Cibin.
1217 2942 1347 3024 quinque

321 3042 417 3107 MSS.
438 3047 475 3104 d.
492 3043 668 3112 Gronovii‚
695 3061 733 3102 ex
754 3045 833 3104 meis
857 3045 954 3106 Vatic.
978 3067 1006 3108 ι.
1030 3045 1137 3107 Cibin.
1164 3043 1248 3104 Gnd.
1271 3043 1355 3127 Reh-¹

321 3129 436 3228 diger.¹
459 3161 666 3204 rzecnvcrtm
717 3143 909 3226 Praepositio
933 3167 954 3205 a
978 3146 1153 3212 redundat.
1170 3163 1281 3228 ⁸enque
1301 3141 1346 3202 ab·

322 3243 365 3306 est
389 3264 406 3305 n
428 3245 569 3324 quinque
591 3242 682 3304 MSS.
736 3245 814 3304 Vide
837 3243 1103 3328 Oudendorpiurn
1126 3245 1165 3304 ad
1196 3268 1224 3317 ι,
1251 3265 1302 3306 ιι.
1324 3227 1354 3304 ἶ.

322 3363 355 3406 e.
378 3363 582 3406 ononovtve.
634 3343 741 3412 Adde,
766 3363 845 3426 qnae
864 3345 908 3406 ibi
928 3349 1048 3409 notavi.
1088 3348 1207 3408 Durius
1229 3347 1279 3405 hic
1299 3311 1353 3402 als-d

321 3443 381 3504 effe
402 3459 528 3526 putem,
562 3443 614 3504 vel
639 3445 677 3504 ad
701 3459 861 3506 remotum
886 3447 983 3508 nimie
1003 3468 1023 3505 a
1046 3445 1173 3517 referti,
1211 3467 1282 3508 cum
1308 3425 1352 3502 stc*

322 3545 436 3606 melina
464 3545 574 3607 Noster
604 3545 782 3630 distinguat.
832 3549 920 3608 Tum
948 3547 1084 3608 verbra
1113 3539 1239 3638 Tuscis,
1272 3545 1351 3626 qnae*

321 3665 338 3706 a
361 3665 440 3708 voce
461 3647 591 3706 condita
611 3661 779 3730 reguntur,
811 3663 916 3730 aperte
937 3651 1052 3709 docent
1072 3646 1249 3739 pastoribus
1270 3645 1350 3706 abia-i

320 3747 427 3840 tituto
449 3747 526 3820 effe3
563 3761 595 3807 at
618 3749 753 3828 quaead
783 3771 810 3818 r,
835 3770 889 3810 ιι.
914 3751 1130 3830 disputantur,
1165 3751 1205 3808 de
1231 3749 1349 3814 darivon

321 3847 439 3910 Graeca
460 3847 579 3918 forma,
612 3851 706 3910 unice
727 3849 847 3919 valere,
881 3871 960 3930 quae
985 3851 1115 3932 quidem
1139 3849 1261 3911 ratiost
1285 3847 1348 3905 hod

319 3951 594 4017 accommodetur.
633 3948 814 4011 structuram
841 3953 987 4013 disiiciat.
1045 3949 1189 4012 Occurrit
1219 3941 1347 4029 quidems

320 4048 400 4110 infra
426 4065 455 4130 3,
481 4052 513 4119 6,
536 4065 568 4111 α.
601 4051 754 4128 Erythia,
788 4073 883 4131 qnam
907 4053 1046 4134 Geryone
1065 4051 1243 4112 habitatam
1264 4057 1346 4127 acce-p

316 4153 433 4228 pimus.
467 4151 530 4213 Sed
550 4151 909 4236 ibilegendumpotiua
925 4155 1052 4216 videtur
1069 4155 1238 4237 Geryonae.
1273 4141 1341 4210 Post
