<?xml version="1.0" encoding="UTF-8"?>
<!DOCTYPE html PUBLIC "-//W3C//DTD XHTML 1.0 Transitional//EN"
    "http://www.w3.org/TR/xhtml1/DTD/xhtml1-transitional.dtd">
<html xmlns="http://www.w3.org/1999/xhtml" xml:lang="en" lang="en">
 <head>
  <title>
</title>
<meta http-equiv="Content-Type" content="text/html;charset=utf-8" />
  <meta name='ocr-system' content='tesseract 3.04.00' />
  <meta name='ocr-capabilities' content='ocr_page ocr_carea ocr_par ocr_line ocrx_word'/>
</head>
<body>
  <div class='ocr_page' id='page_1' title='image "./pomponiimelaede05melagoog_0833.png"; bbox 0 0 2836 4940; ppageno 0'>
   <div class='ocr_carea' id='block_1_1' title="bbox 382 503 1122 581">
    <p class='ocr_par' dir='ltr' id='par_1_1' title="bbox 382 503 1122 581">
     <span class='ocr_line' id='line_1_1' title="bbox 382 503 1122 581; baseline 0.004 -21"><span class='ocrx_word' id='word_1_1' title='bbox 382 503 471 560; x_wconf 80' lang='lat' dir='ltr'>cic.</span> <span class='ocrx_word' id='word_1_2' title='bbox 500 506 552 558; x_wconf 90' lang='lat' dir='ltr'>in.</span> <span class='ocrx_word' id='word_1_3' title='bbox 596 505 629 561; x_wconf 89' lang='lat' dir='ltr'>c.</span> <span class='ocrx_word' id='word_1_4' title='bbox 651 505 700 563; x_wconf 86' lang='lat' dir='ltr'>vi.</span> <span class='ocrx_word' id='word_1_5' title='bbox 743 504 768 574; x_wconf 73' lang='lat' dir='ltr'>c</span> <span class='ocrx_word' id='word_1_6' title='bbox 792 523 823 580; x_wconf 87' lang='lat'>9.</span> <span class='ocrx_word' id='word_1_7' title='bbox 1061 515 1122 581; x_wconf 74' lang='lat'>205</span> 
     </span>
    </p>
   </div>
   <div class='ocr_carea' id='block_1_2' title="bbox 81 671 1128 4306">
    <p class='ocr_par' dir='ltr' id='par_1_2' title="bbox 81 671 1128 4306">
     <span class='ocr_line' id='line_1_2' title="bbox 81 671 1123 762; baseline 0.004 -24"><span class='ocrx_word' id='word_1_8' title='bbox 81 695 151 739; x_wconf 81' lang='lat' dir='ltr'>nox</span> <span class='ocrx_word' id='word_1_9' title='bbox 165 675 277 738; x_wconf 80' lang='lat' dir='ltr'>achate</span> <span class='ocrx_word' id='word_1_10' title='bbox 296 675 340 736; x_wconf 84' lang='lat' dir='ltr'>ibi</span> <span class='ocrx_word' id='word_1_11' title='bbox 363 671 542 738; x_wconf 78' lang='lat' dir='ltr'>brevissime</span> <span class='ocrx_word' id='word_1_12' title='bbox 561 675 614 738; x_wconf 84' lang='lat' dir='ltr'>est.</span> <span class='ocrx_word' id='word_1_13' title='bbox 666 675 830 740; x_wconf 82' lang='lat' dir='ltr'>Manisehe</span> <span class='ocrx_word' id='word_1_14' title='bbox 852 677 957 760; x_wconf 85' lang='lat' dir='ltr'>itaque</span> <span class='ocrx_word' id='word_1_15' title='bbox 973 681 1123 762; x_wconf 83' lang='lat' dir='ltr'>negativa</span> 
     </span>
     <span class='ocr_line' id='line_1_3' title="bbox 81 777 1121 862; baseline 0.003 -23"><span class='ocrx_word' id='word_1_16' title='bbox 81 781 235 860; x_wconf 83' lang='lat' dir='ltr'>particula</span> <span class='ocrx_word' id='word_1_17' title='bbox 252 779 394 839; x_wconf 82' lang='lat' dir='ltr'>addendo</span> <span class='ocrx_word' id='word_1_18' title='bbox 408 779 461 840; x_wconf 83' lang='lat' dir='ltr'>est.</span> <span class='ocrx_word' id='word_1_19' title='bbox 505 777 603 839; x_wconf 88' lang='lat' dir='ltr'>Porro</span> <span class='ocrx_word' id='word_1_20' title='bbox 620 778 712 840; x_wconf 83' lang='lat' dir='ltr'>valde</span> <span class='ocrx_word' id='word_1_21' title='bbox 731 792 845 850; x_wconf 87' lang='lat' dir='ltr'>errant,</span> <span class='ocrx_word' id='word_1_22' title='bbox 864 783 919 862; x_wconf 91' lang='lat' dir='ltr'>qui</span> <span class='ocrx_word' id='word_1_23' title='bbox 935 781 1121 850; x_wconf 77' lang='lat' dir='ltr'>existimant,</span> 
     </span>
     <span class='ocr_line' id='line_1_4' title="bbox 86 879 1122 962; baseline 0.005 -22"><span class='ocrx_word' id='word_1_24' title='bbox 86 880 206 941; x_wconf 85' lang='lat' dir='ltr'>Melani</span> <span class='ocrx_word' id='word_1_25' title='bbox 227 879 280 938; x_wconf 89' lang='lat' dir='ltr'>liic</span> <span class='ocrx_word' id='word_1_26' title='bbox 304 899 430 960; x_wconf 89' lang='lat' dir='ltr'>peccare</span> <span class='ocrx_word' id='word_1_27' title='bbox 454 881 487 940; x_wconf 93' lang='lat' dir='ltr'>in</span> <span class='ocrx_word' id='word_1_28' title='bbox 510 879 686 940; x_wconf 81' lang='lat' dir='ltr'><strong>doctrinam</strong></span> <span class='ocrx_word' id='word_1_29' title='bbox 710 879 914 962; x_wconf 84' lang='lat' dir='ltr'>sphaericam.</span> <span class='ocrx_word' id='word_1_30' title='bbox 949 897 1002 944; x_wconf 88' lang='lat' dir='ltr'>aut</span> <span class='ocrx_word' id='word_1_31' title='bbox 1025 895 1122 945; x_wconf 79' lang='lat' dir='ltr'>tratis·</span> 
     </span>
     <span class='ocr_line' id='line_1_5' title="bbox 86 979 1121 1066; baseline 0.003 -25"><span class='ocrx_word' id='word_1_32' title='bbox 86 981 234 1064; x_wconf 87' lang='lat' dir='ltr'>ponenda</span> <span class='ocrx_word' id='word_1_33' title='bbox 254 979 313 1040; x_wconf 83' lang='lat' dir='ltr'>eise</span> <span class='ocrx_word' id='word_1_34' title='bbox 335 981 447 1050; x_wconf 89' lang='lat' dir='ltr'>verba,</span> <span class='ocrx_word' id='word_1_35' title='bbox 482 993 516 1040; x_wconf 91' lang='lat' dir='ltr'>ut</span> <span class='ocrx_word' id='word_1_36' title='bbox 539 979 715 1044; x_wconf 82' lang='lat' dir='ltr'>Pintianut.</span> <span class='ocrx_word' id='word_1_37' title='bbox 768 981 858 1042; x_wconf 91' lang='lat' dir='ltr'>Nihil</span> <span class='ocrx_word' id='word_1_38' title='bbox 881 981 932 1042; x_wconf 91' lang='lat' dir='ltr'>hic</span> <span class='ocrx_word' id='word_1_39' title='bbox 950 983 1007 1052; x_wconf 88' lang='lat' dir='ltr'>est,</span> <span class='ocrx_word' id='word_1_40' title='bbox 1034 983 1121 1066; x_wconf 89' lang='lat' dir='ltr'>quod</span> 
     </span>
     <span class='ocr_line' id='line_1_6' title="bbox 87 1081 1121 1164; baseline 0.004 -22"><span class='ocrx_word' id='word_1_41' title='bbox 87 1101 277 1164; x_wconf 90' lang='lat' dir='ltr'>quemquam</span> <span class='ocrx_word' id='word_1_42' title='bbox 298 1081 409 1142; x_wconf 86' lang='lat' dir='ltr'>debeat</span> <span class='ocrx_word' id='word_1_43' title='bbox 431 1081 601 1142; x_wconf 80' lang='lat' dir='ltr'>offendere.</span> <span class='ocrx_word' id='word_1_44' title='bbox 656 1083 743 1142; x_wconf 84' lang='lat' dir='ltr'>Dicit</span> <span class='ocrx_word' id='word_1_45' title='bbox 759 1083 792 1142; x_wconf 90' lang='lat' dir='ltr'>in</span> <span class='ocrx_word' id='word_1_46' title='bbox 811 1083 917 1144; x_wconf 83' lang='lat' dir='ltr'>Thule</span> <span class='ocrx_word' id='word_1_47' title='bbox 938 1083 1036 1146; x_wconf 87' lang='lat' dir='ltr'>insula</span> <span class='ocrx_word' id='word_1_48' title='bbox 1052 1085 1121 1146; x_wconf 85' lang='lat' dir='ltr'>bre·</span> 
     </span>
     <span class='ocr_line' id='line_1_7' title="bbox 85 1178 1122 1270; baseline 0.005 -26"><span class='ocrx_word' id='word_1_49' title='bbox 85 1178 226 1244; x_wconf 85' lang='lat' dir='ltr'>vissimai</span> <span class='ocrx_word' id='word_1_50' title='bbox 243 1181 302 1244; x_wconf 85' lang='lat' dir='ltr'>essu</span> <span class='ocrx_word' id='word_1_51' title='bbox 318 1196 446 1252; x_wconf 81' lang='lat' dir='ltr'>noctes,</span> <span class='ocrx_word' id='word_1_52' title='bbox 477 1203 593 1264; x_wconf 82' lang='lat' dir='ltr'><strong>nempe</strong></span> <span class='ocrx_word' id='word_1_53' title='bbox 613 1201 686 1242; x_wconf 89' lang='lat' dir='ltr'>cum</span> <span class='ocrx_word' id='word_1_54' title='bbox 706 1182 748 1242; x_wconf 86' lang='lat' dir='ltr'>sul</span> <span class='ocrx_word' id='word_1_55' title='bbox 776 1185 807 1244; x_wconf 88' lang='lat' dir='ltr'>in</span> <span class='ocrx_word' id='word_1_56' title='bbox 833 1185 1011 1248; x_wconf 75' lang='lat' dir='ltr'>borealibus</span> <span class='ocrx_word' id='word_1_57' title='bbox 1027 1187 1122 1270; x_wconf 73' lang='lat' dir='ltr'>signis</span> 
     </span>
     <span class='ocr_line' id='line_1_8' title="bbox 85 1282 1122 1368; baseline 0.006 -24"><span class='ocrx_word' id='word_1_58' title='bbox 85 1282 235 1346; x_wconf 82' lang='lat' dir='ltr'>versatur.</span> <span class='ocrx_word' id='word_1_59' title='bbox 288 1283 350 1346; x_wconf 85' lang='lat' dir='ltr'>Sed</span> <span class='ocrx_word' id='word_1_60' title='bbox 371 1304 449 1344; x_wconf 85' lang='lat' dir='ltr'>vero</span> <span class='ocrx_word' id='word_1_61' title='bbox 473 1283 590 1362; x_wconf 82' lang='lat' dir='ltr'>hyeme</span> <span class='ocrx_word' id='word_1_62' title='bbox 612 1301 721 1346; x_wconf 87' lang='lat' dir='ltr'>noctee</span> <span class='ocrx_word' id='word_1_63' title='bbox 743 1283 801 1346; x_wconf 86' lang='lat' dir='ltr'>esse</span> <span class='ocrx_word' id='word_1_64' title='bbox 824 1287 887 1347; x_wconf 82' lang='lat' dir='ltr'>iltic</span> <span class='ocrx_word' id='word_1_65' title='bbox 906 1305 1003 1368; x_wconf 78' lang='lat' dir='ltr'>aeque</span> <span class='ocrx_word' id='word_1_66' title='bbox 1028 1303 1122 1368; x_wconf 84' lang='lat' dir='ltr'>atque</span> 
     </span>
     <span class='ocr_line' id='line_1_9' title="bbox 85 1383 1121 1460; baseline 0.004 -14"><span class='ocrx_word' id='word_1_67' title='bbox 85 1385 160 1446; x_wconf 87' lang='lat' dir='ltr'>alibi</span> <span class='ocrx_word' id='word_1_68' title='bbox 184 1383 338 1446; x_wconf 80' lang='lat' dir='ltr'>obscuras.</span> <span class='ocrx_word' id='word_1_69' title='bbox 405 1385 543 1446; x_wconf 78' lang='lat' dir='ltr'>deditae</span> <span class='ocrx_word' id='word_1_70' title='bbox 568 1397 673 1444; x_wconf 83' lang='lat' dir='ltr'>autem</span> <span class='ocrx_word' id='word_1_71' title='bbox 698 1401 807 1448; x_wconf 81' lang='lat' dir='ltr'>noctes</span> <span class='ocrx_word' id='word_1_72' title='bbox 833 1389 909 1447; x_wconf 90' lang='lat' dir='ltr'>dicit</span> <span class='ocrx_word' id='word_1_73' title='bbox 933 1387 993 1450; x_wconf 89' lang='lat' dir='ltr'>esse</span> <span class='ocrx_word' id='word_1_74' title='bbox 1017 1389 1121 1460; x_wconf 80' lang='lat' dir='ltr'>clarae.</span> 
     </span>
     <span class='ocr_line' id='line_1_10' title="bbox 84 1483 1121 1572; baseline 0.006 -28"><span class='ocrx_word' id='word_1_75' title='bbox 84 1487 158 1568; x_wconf 89' lang='lat' dir='ltr'>quia</span> <span class='ocrx_word' id='word_1_76' title='bbox 176 1485 219 1547; x_wconf 91' lang='lat' dir='ltr'>sol</span> <span class='ocrx_word' id='word_1_77' title='bbox 240 1505 306 1546; x_wconf 90' lang='lat' dir='ltr'>nott</span> <span class='ocrx_word' id='word_1_78' title='bbox 329 1487 467 1546; x_wconf 90' lang='lat' dir='ltr'>multum</span> <span class='ocrx_word' id='word_1_79' title='bbox 490 1483 569 1546; x_wconf 84' lang='lat' dir='ltr'>insta</span> <span class='ocrx_word' id='word_1_80' title='bbox 589 1485 792 1548; x_wconf 78' lang='lat' dir='ltr'><strong>horizontem</strong></span> <span class='ocrx_word' id='word_1_81' title='bbox 813 1487 849 1548; x_wconf 85' lang='lat' dir='ltr'>sit</span> <span class='ocrx_word' id='word_1_82' title='bbox 871 1489 1027 1570; x_wconf 77' lang='lat' dir='ltr'>depressus</span> <span class='ocrx_word' id='word_1_83' title='bbox 1049 1509 1121 1572; x_wconf 90' lang='lat' dir='ltr'>pro·</span> 
     </span>
     <span class='ocr_line' id='line_1_11' title="bbox 84 1587 1121 1669; baseline 0.002 -21"><span class='ocrx_word' id='word_1_84' title='bbox 84 1603 158 1669; x_wconf 86' lang='lat' dir='ltr'>pter</span> <span class='ocrx_word' id='word_1_85' title='bbox 180 1587 402 1668; x_wconf 81' lang='lat' dir='ltr'>obliquitatem</span> <span class='ocrx_word' id='word_1_86' title='bbox 425 1587 578 1668; x_wconf 84' lang='lat' dir='ltr'>sphaerae.</span> <span class='ocrx_word' id='word_1_87' title='bbox 631 1587 771 1648; x_wconf 72' lang='lat' dir='ltr'>solstitio</span> <span class='ocrx_word' id='word_1_88' title='bbox 789 1609 866 1650; x_wconf 84' lang='lat' dir='ltr'>reru</span> <span class='ocrx_word' id='word_1_89' title='bbox 884 1589 1001 1650; x_wconf 87' lang='lat' dir='ltr'>nullam</span> <span class='ocrx_word' id='word_1_90' title='bbox 1018 1593 1121 1652; x_wconf 92' lang='lat' dir='ltr'>omni·</span> 
     </span>
     <span class='ocr_line' id='line_1_12' title="bbox 84 1671 1120 1770; baseline 0.002 -20"><span class='ocrx_word' id='word_1_91' title='bbox 84 1709 130 1750; x_wconf 90' lang='lat' dir='ltr'>iio</span> <span class='ocrx_word' id='word_1_92' title='bbox 145 1688 205 1750; x_wconf 86' lang='lat' dir='ltr'>esse</span> <span class='ocrx_word' id='word_1_93' title='bbox 221 1701 366 1758; x_wconf 86' lang='lat' dir='ltr'>noctem,</span> <span class='ocrx_word' id='word_1_94' title='bbox 393 1691 465 1769; x_wconf 85' lang='lat' dir='ltr'>quia</span> <span class='ocrx_word' id='word_1_95' title='bbox 483 1687 526 1750; x_wconf 93' lang='lat' dir='ltr'>sol</span> <span class='ocrx_word' id='word_1_96' title='bbox 543 1707 609 1748; x_wconf 91' lang='lat' dir='ltr'>non</span> <span class='ocrx_word' id='word_1_97' title='bbox 626 1689 756 1758; x_wconf 87' lang='lat' dir='ltr'>occidit,</span> <span class='ocrx_word' id='word_1_98' title='bbox 782 1671 840 1750; x_wconf 83' lang='lat' dir='ltr'>seis</span> <span class='ocrx_word' id='word_1_99' title='bbox 851 1689 978 1770; x_wconf 83' lang='lat' dir='ltr'>oblique</span> <span class='ocrx_word' id='word_1_100' title='bbox 996 1689 1120 1753; x_wconf 86' lang='lat' dir='ltr'>descen·</span> 
     </span>
     <span class='ocr_line' id='line_1_13' title="bbox 84 1787 1120 1870; baseline 0.007 -20"><span class='ocrx_word' id='word_1_101' title='bbox 84 1791 167 1850; x_wconf 80' lang='lat' dir='ltr'>deris</span> <span class='ocrx_word' id='word_1_102' title='bbox 197 1791 333 1850; x_wconf 86' lang='lat' dir='ltr'>maxima</span> <span class='ocrx_word' id='word_1_103' title='bbox 357 1804 463 1851; x_wconf 90' lang='lat' dir='ltr'>tamen</span> <span class='ocrx_word' id='word_1_104' title='bbox 491 1789 535 1850; x_wconf 91' lang='lat' dir='ltr'>sui</span> <span class='ocrx_word' id='word_1_105' title='bbox 561 1803 648 1870; x_wconf 88' lang='lat' dir='ltr'>parte</span> <span class='ocrx_word' id='word_1_106' title='bbox 674 1787 761 1870; x_wconf 87' lang='lat' dir='ltr'>supra</span> <span class='ocrx_word' id='word_1_107' title='bbox 786 1791 988 1854; x_wconf 83' lang='lat' dir='ltr'>horizontem</span> <span class='ocrx_word' id='word_1_108' title='bbox 1012 1791 1120 1857; x_wconf 85' lang='lat' dir='ltr'>exstet.</span> 
     </span>
     <span class='ocr_line' id='line_1_14' title="bbox 88 1889 1119 1974; baseline 0.003 -23"><span class='ocrx_word' id='word_1_109' title='bbox 88 1891 180 1952; x_wconf 90' lang='lat' dir='ltr'>Nihil</span> <span class='ocrx_word' id='word_1_110' title='bbox 203 1892 318 1951; x_wconf 85' lang='lat' dir='ltr'>verine.</span> <span class='ocrx_word' id='word_1_111' title='bbox 372 1891 421 1950; x_wconf 86' lang='lat' dir='ltr'>Ex</span> <span class='ocrx_word' id='word_1_112' title='bbox 448 1891 505 1952; x_wconf 82' lang='lat' dir='ltr'>hac</span> <span class='ocrx_word' id='word_1_113' title='bbox 531 1909 625 1972; x_wconf 89' lang='lat' dir='ltr'>porro</span> <span class='ocrx_word' id='word_1_114' title='bbox 651 1889 860 1974; x_wconf 84' lang='lat' dir='ltr'>descriptione</span> <span class='ocrx_word' id='word_1_115' title='bbox 887 1891 956 1954; x_wconf 81' lang='lat' dir='ltr'>satis</span> <span class='ocrx_word' id='word_1_116' title='bbox 983 1907 1119 1974; x_wconf 82' lang='lat' dir='ltr'>apparet.</span> 
     </span>
     <span class='ocr_line' id='line_1_15' title="bbox 87 1989 1122 2078; baseline 0.004 -26"><span class='ocrx_word' id='word_1_117' title='bbox 87 1996 175 2052; x_wconf 83' lang='lat' dir='ltr'>iuxta</span> <span class='ocrx_word' id='word_1_118' title='bbox 199 1989 387 2072; x_wconf 82' lang='lat' dir='ltr'>hypothesin</span> <span class='ocrx_word' id='word_1_119' title='bbox 407 1991 508 2052; x_wconf 85' lang='lat' dir='ltr'>Melae</span> <span class='ocrx_word' id='word_1_120' title='bbox 530 1991 660 2052; x_wconf 86' lang='lat' dir='ltr'>Thulen</span> <span class='ocrx_word' id='word_1_121' title='bbox 683 1989 769 2052; x_wconf 89' lang='lat' dir='ltr'>sitam</span> <span class='ocrx_word' id='word_1_122' title='bbox 791 1990 879 2054; x_wconf 92' lang='lat' dir='ltr'>suisse</span> <span class='ocrx_word' id='word_1_123' title='bbox 901 1993 956 2054; x_wconf 90' lang='lat' dir='ltr'>suh</span> <span class='ocrx_word' id='word_1_124' title='bbox 978 1991 1122 2078; x_wconf 84' lang='lat' dir='ltr'>sexagesi-</span> 
     </span>
     <span class='ocr_line' id='line_1_16' title="bbox 87 2091 1121 2176; baseline 0.002 -22"><span class='ocrx_word' id='word_1_125' title='bbox 87 2113 144 2156; x_wconf 87' lang='lat' dir='ltr'>mo</span> <span class='ocrx_word' id='word_1_126' title='bbox 162 2091 295 2173; x_wconf 90' lang='lat' dir='ltr'>septimo</span> <span class='ocrx_word' id='word_1_127' title='bbox 319 2093 496 2154; x_wconf 75' lang='lat' dir='ltr'>latitudinis</span> <span class='ocrx_word' id='word_1_128' title='bbox 517 2094 626 2176; x_wconf 83' lang='lat' dir='ltr'>gradu.</span> <span class='ocrx_word' id='word_1_129' title='bbox 662 2111 801 2156; x_wconf 80' lang='lat' dir='ltr'>voierve.</span> <span class='ocrx_word' id='word_1_130' title='bbox 855 2094 967 2158; x_wconf 83' lang='lat' dir='ltr'>Miror.</span> <span class='ocrx_word' id='word_1_131' title='bbox 1005 2095 1121 2156; x_wconf 88' lang='lat' dir='ltr'>Vtrum</span> 
     </span>
     <span class='ocr_line' id='line_1_17' title="bbox 88 2187 1121 2277; baseline 0.002 -23"><span class='ocrx_word' id='word_1_132' title='bbox 88 2199 122 2255; x_wconf 90' lang='lat' dir='ltr'>iii</span> <span class='ocrx_word' id='word_1_133' title='bbox 141 2195 232 2256; x_wconf 81' lang='lat' dir='ltr'><strong>MSS.</strong></span> <span class='ocrx_word' id='word_1_134' title='bbox 249 2199 266 2250; x_wconf 83' lang='grc' dir='ltr'><em>ὁ</em></span> <span class='ocrx_word' id='word_1_135' title='bbox 289 2192 331 2254; x_wconf 84' lang='lat' dir='ltr'>esi</span> <span class='ocrx_word' id='word_1_136' title='bbox 347 2193 442 2262; x_wconf 82' lang='lat' dir='ltr'>hored,</span> <span class='ocrx_word' id='word_1_137' title='bbox 467 2213 506 2254; x_wconf 88' lang='lat' dir='ltr'>aii</span> <span class='ocrx_word' id='word_1_138' title='bbox 528 2211 604 2254; x_wconf 84' lang='lat' dir='ltr'>vero</span> <span class='ocrx_word' id='word_1_139' title='bbox 620 2193 706 2254; x_wconf 79' lang='lat' dir='ltr'>noris</span> <span class='ocrx_word' id='word_1_140' title='bbox 742 2187 789 2258; x_wconf 80' lang='lat' dir='ltr'>Tb</span> <span class='ocrx_word' id='word_1_141' title='bbox 811 2193 902 2276; x_wconf 80' lang='lat' dir='ltr'>louge</span> <span class='ocrx_word' id='word_1_142' title='bbox 919 2197 1005 2277; x_wconf 88' lang='lat' dir='ltr'>quod</span> <span class='ocrx_word' id='word_1_143' title='bbox 1024 2195 1121 2277; x_wconf 85' lang='lat' dir='ltr'>sequi·</span> 
     </span>
     <span class='ocr_line' id='line_1_18' title="bbox 89 2291 1122 2380; baseline 0 -23"><span class='ocrx_word' id='word_1_144' title='bbox 89 2311 151 2364; x_wconf 83' lang='lat' dir='ltr'>tur.</span> <span class='ocrx_word' id='word_1_145' title='bbox 175 2295 299 2355; x_wconf 84' lang='lat' dir='ltr'>inducit</span> <span class='ocrx_word' id='word_1_146' title='bbox 317 2295 354 2354; x_wconf 90' lang='lat' dir='ltr'>ad</span> <span class='ocrx_word' id='word_1_147' title='bbox 372 2295 577 2364; x_wconf 88' lang='lat' dir='ltr'>credendum,</span> <span class='ocrx_word' id='word_1_148' title='bbox 603 2291 746 2356; x_wconf 86' lang='lat' dir='ltr'>excidisse</span> <span class='ocrx_word' id='word_1_149' title='bbox 764 2297 907 2358; x_wconf 85' lang='lat' dir='ltr'>voculam</span> <span class='ocrx_word' id='word_1_150' title='bbox 930 2317 1004 2360; x_wconf 87' lang='lat' dir='ltr'>einer.</span> <span class='ocrx_word' id='word_1_151' title='bbox 1043 2297 1122 2380; x_wconf 84' lang='lat' dir='ltr'>Legi</span> 
     </span>
     <span class='ocr_line' id='line_1_19' title="bbox 88 2387 1122 2485; baseline 0.002 -27"><span class='ocrx_word' id='word_1_152' title='bbox 88 2399 186 2482; x_wconf 83' lang='lat' dir='ltr'>igitur</span> <span class='ocrx_word' id='word_1_153' title='bbox 207 2395 318 2458; x_wconf 85' lang='lat' dir='ltr'>debuit</span> <span class='ocrx_word' id='word_1_154' title='bbox 337 2387 393 2485; x_wconf 80' lang='lat' dir='ltr'>sos</span> <span class='ocrx_word' id='word_1_155' title='bbox 415 2417 477 2454; x_wconf 85' lang='lat' dir='ltr'>ituri</span> <span class='ocrx_word' id='word_1_156' title='bbox 503 2395 603 2476; x_wconf 81' lang='lat' dir='ltr'>louge.</span> <span class='ocrx_word' id='word_1_157' title='bbox 642 2413 666 2456; x_wconf 88' lang='lat'>1.</span> <span class='ocrx_word' id='word_1_158' title='bbox 695 2413 904 2460; x_wconf 81' lang='lat' dir='ltr'>onortovrve.</span> <span class='ocrx_word' id='word_1_159' title='bbox 969 2397 1017 2460; x_wconf 79' lang='lat' dir='ltr'>ad</span> <span class='ocrx_word' id='word_1_160' title='bbox 1044 2397 1122 2460; x_wconf 87' lang='lat' dir='ltr'>haec</span> 
     </span>
     <span class='ocr_line' id='line_1_20' title="bbox 89 2493 1122 2578; baseline -0.001 -19"><span class='ocrx_word' id='word_1_161' title='bbox 89 2499 190 2568; x_wconf 82' lang='lat' dir='ltr'>aliud.</span> <span class='ocrx_word' id='word_1_162' title='bbox 216 2499 300 2578; x_wconf 90' lang='lat' dir='ltr'>quod</span> <span class='ocrx_word' id='word_1_163' title='bbox 315 2515 476 2578; x_wconf 86' lang='lat' dir='ltr'>reponam,</span> <span class='ocrx_word' id='word_1_164' title='bbox 503 2517 568 2558; x_wconf 91' lang='lat' dir='ltr'>nori</span> <span class='ocrx_word' id='word_1_165' title='bbox 585 2493 697 2562; x_wconf 85' lang='lat' dir='ltr'>habeo,</span> <span class='ocrx_word' id='word_1_166' title='bbox 725 2497 781 2556; x_wconf 91' lang='lat' dir='ltr'>nisi</span> <span class='ocrx_word' id='word_1_167' title='bbox 800 2499 832 2557; x_wconf 91' lang='lat' dir='ltr'>id</span> <span class='ocrx_word' id='word_1_168' title='bbox 857 2497 976 2570; x_wconf 87' lang='lat' dir='ltr'>sclum;</span> <span class='ocrx_word' id='word_1_169' title='bbox 1011 2497 1122 2560; x_wconf 88' lang='lat' dir='ltr'>sinon</span> 
     </span>
     <span class='ocr_line' id='line_1_21' title="bbox 89 2595 1121 2670; baseline 0 -10"><span class='ocrx_word' id='word_1_170' title='bbox 89 2601 183 2660; x_wconf 84' lang='lat' dir='ltr'>asiam</span> <span class='ocrx_word' id='word_1_171' title='bbox 208 2598 352 2660; x_wconf 88' lang='lat' dir='ltr'>laborum</span> <span class='ocrx_word' id='word_1_172' title='bbox 386 2595 511 2657; x_wconf 85' lang='lat' dir='ltr'>suornm</span> <span class='ocrx_word' id='word_1_173' title='bbox 546 2597 671 2658; x_wconf 82' lang='lat' dir='ltr'>iuvenis</span> <span class='ocrx_word' id='word_1_174' title='bbox 705 2595 759 2658; x_wconf 84' lang='lat' dir='ltr'>isse</span> <span class='ocrx_word' id='word_1_175' title='bbox 791 2595 903 2660; x_wconf 86' lang='lat' dir='ltr'>reserat</span> <span class='ocrx_word' id='word_1_176' title='bbox 931 2599 1121 2670; x_wconf 84' lang='lat' dir='ltr'>mercedem.</span> 
     </span>
     <span class='ocr_line' id='line_1_22' title="bbox 90 2695 1123 2779; baseline -0.001 -18"><span class='ocrx_word' id='word_1_177' title='bbox 90 2703 170 2762; x_wconf 78' lang='lat' dir='ltr'>tanti</span> <span class='ocrx_word' id='word_1_178' title='bbox 205 2719 269 2761; x_wconf 91' lang='lat' dir='ltr'>nort</span> <span class='ocrx_word' id='word_1_179' title='bbox 300 2695 360 2759; x_wconf 89' lang='lat' dir='ltr'>esse</span> <span class='ocrx_word' id='word_1_180' title='bbox 390 2697 529 2758; x_wconf 86' lang='lat' dir='ltr'>didicisse</span> <span class='ocrx_word' id='word_1_181' title='bbox 553 2699 668 2759; x_wconf 83' lang='lat' dir='ltr'>literae.</span> <span class='ocrx_word' id='word_1_182' title='bbox 721 2717 851 2760; x_wconf 82' lang='lat' dir='ltr'>roseive</span> <span class='ocrx_word' id='word_1_183' title='bbox 885 2700 918 2759; x_wconf 88' lang='lat' dir='ltr'>in</span> <span class='ocrx_word' id='word_1_184' title='bbox 950 2697 1123 2779; x_wconf 78' lang='lat' dir='ltr'>appendice</span> 
     </span>
     <span class='ocr_line' id='line_1_23' title="bbox 90 2795 1123 2880; baseline -0.001 -19"><span class='ocrx_word' id='word_1_185' title='bbox 90 2801 137 2862; x_wconf 83' lang='lat' dir='ltr'>ed</span> <span class='ocrx_word' id='word_1_186' title='bbox 159 2803 191 2864; x_wconf 79' lang='lat' dir='ltr'>li.</span> <span class='ocrx_word' id='word_1_187' title='bbox 215 2800 237 2862; x_wconf 86' lang='lat' dir='ltr'>s.</span> <span class='ocrx_word' id='word_1_188' title='bbox 289 2799 368 2860; x_wconf 86' lang='lat' dir='ltr'>Eant</span> <span class='ocrx_word' id='word_1_189' title='bbox 385 2799 459 2860; x_wconf 88' lang='lat' dir='ltr'>hinc</span> <span class='ocrx_word' id='word_1_190' title='bbox 476 2800 654 2860; x_wconf 69' lang='lat' dir='ltr'>intercedent</span> <span class='ocrx_word' id='word_1_191' title='bbox 678 2795 790 2869; x_wconf 85' lang='lat' dir='ltr'>resero,</span> <span class='ocrx_word' id='word_1_192' title='bbox 819 2819 914 2880; x_wconf 90' lang='lat' dir='ltr'>quam</span> <span class='ocrx_word' id='word_1_193' title='bbox 931 2801 1068 2860; x_wconf 84' lang='lat' dir='ltr'>Pichena</span> <span class='ocrx_word' id='word_1_194' title='bbox 1084 2801 1123 2860; x_wconf 92' lang='lat' dir='ltr'>ad</span> 
     </span>
     <span class='ocr_line' id='line_1_24' title="bbox 89 2897 1125 2982; baseline -0.004 -18"><span class='ocrx_word' id='word_1_195' title='bbox 89 2903 148 2966; x_wconf 91' lang='lat' dir='ltr'>lib.</span> <span class='ocrx_word' id='word_1_196' title='bbox 165 2905 198 2966; x_wconf 83' lang='lat'>6.</span> <span class='ocrx_word' id='word_1_197' title='bbox 227 2901 337 2962; x_wconf 78' lang='lat' dir='ltr'>Annal.</span> <span class='ocrx_word' id='word_1_198' title='bbox 356 2901 457 2960; x_wconf 81' lang='lat' dir='ltr'>Taciti</span> <span class='ocrx_word' id='word_1_199' title='bbox 479 2919 545 2980; x_wconf 82' lang='lat' dir='ltr'>cup.</span> <span class='ocrx_word' id='word_1_200' title='bbox 562 2911 623 2982; x_wconf 70' lang='lat'>43.</span> <span class='ocrx_word' id='word_1_201' title='bbox 656 2897 822 2959; x_wconf 82' lang='lat' dir='ltr'>Deiectum</span> <span class='ocrx_word' id='word_1_202' title='bbox 844 2899 995 2979; x_wconf 81' lang='lat' dir='ltr'>capiendo</span> <span class='ocrx_word' id='word_1_203' title='bbox 1017 2900 1125 2960; x_wconf 80' lang='lat' dir='ltr'>diade·</span> 
     </span>
     <span class='ocr_line' id='line_1_25' title="bbox 91 2998 1125 3084; baseline -0.004 -18"><span class='ocrx_word' id='word_1_204' title='bbox 91 3007 176 3066; x_wconf 83' lang='lat' dir='ltr'>mati</span> <span class='ocrx_word' id='word_1_205' title='bbox 192 3001 272 3062; x_wconf 86' lang='lat' dir='ltr'>diem</span> <span class='ocrx_word' id='word_1_206' title='bbox 291 3000 380 3062; x_wconf 82' lang='lat' dir='ltr'>lintid</span> <span class='ocrx_word' id='word_1_207' title='bbox 401 2998 701 3068; x_wconf 80' lang='lat' dir='ltr'>concelebraverant,</span> <span class='ocrx_word' id='word_1_208' title='bbox 724 2999 779 3060; x_wconf 90' lang='lat' dir='ltr'>ubi</span> <span class='ocrx_word' id='word_1_209' title='bbox 797 3001 892 3084; x_wconf 82' lang='lat' dir='ltr'>vulgo</span> <span class='ocrx_word' id='word_1_210' title='bbox 909 2999 1024 3062; x_wconf 86' lang='lat' dir='ltr'>dabant</span> <span class='ocrx_word' id='word_1_211' title='bbox 1042 3023 1125 3073; x_wconf 71' lang='lat' dir='ltr'>eruite</span> 
     </span>
     <span class='ocr_line' id='line_1_26' title="bbox 90 3096 1125 3188; baseline 0 -26"><span class='ocrx_word' id='word_1_212' title='bbox 90 3125 186 3188; x_wconf 87' lang='lat' dir='ltr'>quarn</span> <span class='ocrx_word' id='word_1_213' title='bbox 202 3103 406 3164; x_wconf 81' lang='lat' dir='ltr'>Thoinardoe</span> <span class='ocrx_word' id='word_1_214' title='bbox 427 3096 648 3188; x_wconf 82' lang='lat' dir='ltr'>[Toinardue]</span> <span class='ocrx_word' id='word_1_215' title='bbox 668 3101 700 3160; x_wconf 89' lang='lat' dir='ltr'>in</span> <span class='ocrx_word' id='word_1_216' title='bbox 722 3102 792 3164; x_wconf 87' lang='lat' dir='ltr'>luco</span> <span class='ocrx_word' id='word_1_217' title='bbox 815 3102 967 3162; x_wconf 84' lang='lat' dir='ltr'>Lactrintii</span> <span class='ocrx_word' id='word_1_218' title='bbox 986 3103 1024 3164; x_wconf 90' lang='lat' dir='ltr'>de</span> <span class='ocrx_word' id='word_1_219' title='bbox 1040 3121 1125 3165; x_wconf 91' lang='lat' dir='ltr'>mor·</span> 
     </span>
     <span class='ocr_line' id='line_1_27' title="bbox 90 3201 1126 3286; baseline -0.004 -18"><span class='ocrx_word' id='word_1_220' title='bbox 90 3209 179 3268; x_wconf 81' lang='lat' dir='ltr'>tibus</span> <span class='ocrx_word' id='word_1_221' title='bbox 202 3203 435 3286; x_wconf 82' lang='lat' dir='ltr'>persecutorum</span> <span class='ocrx_word' id='word_1_222' title='bbox 456 3222 522 3284; x_wconf 89' lang='lat' dir='ltr'>cap.</span> <span class='ocrx_word' id='word_1_223' title='bbox 542 3213 597 3280; x_wconf 77' lang='lat'>18.</span> <span class='ocrx_word' id='word_1_224' title='bbox 624 3201 680 3260; x_wconf 89' lang='lat' dir='ltr'>uhi</span> <span class='ocrx_word' id='word_1_225' title='bbox 698 3203 735 3263; x_wconf 90' lang='lat' dir='ltr'>ad</span> <span class='ocrx_word' id='word_1_226' title='bbox 758 3203 853 3264; x_wconf 85' lang='lat' dir='ltr'>verba</span> <span class='ocrx_word' id='word_1_227' title='bbox 876 3203 938 3272; x_wconf 85' lang='lat' dir='ltr'>ista,</span> <span class='ocrx_word' id='word_1_228' title='bbox 964 3225 1033 3264; x_wconf 87' lang='lat' dir='ltr'>cunt</span> <span class='ocrx_word' id='word_1_229' title='bbox 1054 3203 1126 3265; x_wconf 87' lang='lat' dir='ltr'>iude</span> 
     </span>
     <span class='ocr_line' id='line_1_28' title="bbox 82 3301 1125 3402; baseline -0.003 -35"><span class='ocrx_word' id='word_1_230' title='bbox 82 3305 153 3402; x_wconf 80' lang='lat' dir='ltr'>fibi</span> <span class='ocrx_word' id='word_1_231' title='bbox 173 3317 232 3366; x_wconf 78' lang='lat' dir='ltr'>auc</span> <span class='ocrx_word' id='word_1_232' title='bbox 247 3305 326 3366; x_wconf 80' lang='lat' dir='ltr'>tristis</span> <span class='ocrx_word' id='word_1_233' title='bbox 344 3315 469 3384; x_wconf 81' lang='lat' dir='ltr'>praeter</span> <span class='ocrx_word' id='word_1_234' title='bbox 484 3325 594 3364; x_wconf 84' lang='lat' dir='ltr'>eroneeei</span> <span class='ocrx_word' id='word_1_235' title='bbox 610 3315 667 3364; x_wconf 81' lang='lat' dir='ltr'>ruit</span> <span class='ocrx_word' id='word_1_236' title='bbox 686 3303 815 3364; x_wconf 81' lang='lat' dir='ltr'>etruscum</span> <span class='ocrx_word' id='word_1_237' title='bbox 832 3301 961 3365; x_wconf 80' lang='lat' dir='ltr'>videbat</span> <span class='ocrx_word' id='word_1_238' title='bbox 983 3303 1125 3366; x_wconf 82' lang='lat' dir='ltr'>accedere</span> 
     </span>
     <span class='ocr_line' id='line_1_29' title="bbox 93 3403 1125 3496; baseline -0.005 -26"><span class='ocrx_word' id='word_1_239' title='bbox 93 3409 217 3471; x_wconf 88' lang='lat' dir='ltr'>scribit:</span> <span class='ocrx_word' id='word_1_240' title='bbox 259 3405 403 3496; x_wconf 70' lang='lat' dir='ltr'>„Addidi</span> <span class='ocrx_word' id='word_1_241' title='bbox 428 3403 515 3464; x_wconf 79' lang='lat' dir='ltr'>hored</span> <span class='ocrx_word' id='word_1_242' title='bbox 541 3419 614 3464; x_wconf 89' lang='lat' dir='ltr'>ante</span> <span class='ocrx_word' id='word_1_243' title='bbox 646 3403 776 3464; x_wconf 79' lang='lat' dir='ltr'>terrestrem</span> <span class='ocrx_word' id='word_1_244' title='bbox 804 3417 962 3485; x_wconf 90' lang='lat' dir='ltr'>tamquam</span> <span class='ocrx_word' id='word_1_245' title='bbox 995 3405 1125 3466; x_wconf 84' lang='lat' dir='ltr'>necessa·</span> 
     </span>
     <span class='ocr_line' id='line_1_30' title="bbox 91 3503 1125 3586; baseline -0.007 -14"><span class='ocrx_word' id='word_1_246' title='bbox 91 3513 196 3576; x_wconf 85' lang='lat' dir='ltr'>rium.</span> <span class='ocrx_word' id='word_1_247' title='bbox 221 3527 288 3569; x_wconf 90' lang='lat' dir='ltr'>nori</span> <span class='ocrx_word' id='word_1_248' title='bbox 303 3521 409 3568; x_wconf 87' lang='lat' dir='ltr'>autem</span> <span class='ocrx_word' id='word_1_249' title='bbox 429 3526 513 3576; x_wconf 82' lang='lat' dir='ltr'>riori,-</span> <span class='ocrx_word' id='word_1_250' title='bbox 542 3506 692 3585; x_wconf 84' lang='lat' dir='ltr'>quoniam</span> <span class='ocrx_word' id='word_1_251' title='bbox 710 3503 799 3566; x_wconf 85' lang='lat' dir='ltr'>stated</span> <span class='ocrx_word' id='word_1_252' title='bbox 818 3507 926 3586; x_wconf 86' lang='lat' dir='ltr'>potitur</span> <span class='ocrx_word' id='word_1_253' title='bbox 944 3503 1125 3586; x_wconf 86' lang='lat' dir='ltr'>absorptum</span> 
     </span>
     <span class='ocr_line' id='line_1_31' title="bbox 92 3605 1126 3686; baseline -0.006 -14"><span class='ocrx_word' id='word_1_254' title='bbox 92 3611 182 3674; x_wconf 81' lang='lat' dir='ltr'>fuisse</span> <span class='ocrx_word' id='word_1_255' title='bbox 205 3609 331 3670; x_wconf 85' lang='lat' dir='ltr'>videtur</span> <span class='ocrx_word' id='word_1_256' title='bbox 353 3609 388 3668; x_wconf 90' lang='lat' dir='ltr'>in</span> <span class='ocrx_word' id='word_1_257' title='bbox 410 3606 616 3686; x_wconf 79' lang='lat' dir='ltr'>praecedente</span> <span class='ocrx_word' id='word_1_258' title='bbox 637 3605 789 3668; x_wconf 87' lang='lat' dir='ltr'>vocabulo</span> <span class='ocrx_word' id='word_1_259' title='bbox 812 3605 907 3668; x_wconf 81' lang='lat' dir='ltr'>erut.“</span> <span class='ocrx_word' id='word_1_260' title='bbox 946 3607 1063 3666; x_wconf 90' lang='lat' dir='ltr'>-lnimii</span> <span class='ocrx_word' id='word_1_261' title='bbox 1085 3625 1126 3666; x_wconf 84' lang='lat' dir='ltr'>an</span> 
     </span>
     <span class='ocr_line' id='line_1_32' title="bbox 94 3705 1126 3790; baseline -0.009 -15"><span class='ocrx_word' id='word_1_262' title='bbox 94 3709 220 3774; x_wconf 75' lang='lat' dir='ltr'>Vossius</span> <span class='ocrx_word' id='word_1_263' title='bbox 244 3713 286 3770; x_wconf 85' lang='lat' dir='ltr'>ita</span> <span class='ocrx_word' id='word_1_264' title='bbox 307 3705 461 3770; x_wconf 88' lang='lat' dir='ltr'>iudicabit</span> <span class='ocrx_word' id='word_1_265' title='bbox 484 3709 518 3767; x_wconf 89' lang='lat' dir='ltr'>in</span> <span class='ocrx_word' id='word_1_266' title='bbox 547 3707 604 3770; x_wconf 87' lang='lat' dir='ltr'>hac</span> <span class='ocrx_word' id='word_1_267' title='bbox 626 3725 697 3768; x_wconf 90' lang='lat' dir='ltr'>cura</span> <span class='ocrx_word' id='word_1_268' title='bbox 720 3727 789 3768; x_wconf 88' lang='lat' dir='ltr'>mea</span> <span class='ocrx_word' id='word_1_269' title='bbox 813 3726 885 3790; x_wconf 86' lang='lat' dir='ltr'>erga</span> <span class='ocrx_word' id='word_1_270' title='bbox 907 3705 1126 3787; x_wconf 86' lang='lat' dir='ltr'>Pomponium</span> 
     </span>
     <span class='ocr_line' id='line_1_33' title="bbox 94 3805 1127 3888; baseline -0.01 -12"><span class='ocrx_word' id='word_1_271' title='bbox 94 3811 240 3876; x_wconf 77' lang='lat' dir='ltr'>Melam?</span> <span class='ocrx_word' id='word_1_272' title='bbox 292 3811 411 3872; x_wconf 89' lang='lat' dir='ltr'>Nonne</span> <span class='ocrx_word' id='word_1_273' title='bbox 434 3805 497 3888; x_wconf 91' lang='lat' dir='ltr'>ipse</span> <span class='ocrx_word' id='word_1_274' title='bbox 519 3821 582 3870; x_wconf 81' lang='lat' dir='ltr'>tani</span> <span class='ocrx_word' id='word_1_275' title='bbox 604 3811 706 3871; x_wconf 86' lang='lat' dir='ltr'>Senex</span> <span class='ocrx_word' id='word_1_276' title='bbox 728 3809 765 3868; x_wconf 92' lang='lat' dir='ltr'>ad</span> <span class='ocrx_word' id='word_1_277' title='bbox 784 3807 877 3868; x_wconf 89' lang='lat' dir='ltr'>verba</span> <span class='ocrx_word' id='word_1_278' title='bbox 898 3805 950 3867; x_wconf 79' lang='lat' dir='ltr'>isia</span> <span class='ocrx_word' id='word_1_279' title='bbox 971 3807 1127 3868; x_wconf 83' lang='lat' dir='ltr'>Lactantii</span> 
     </span>
     <span class='ocr_line' id='line_1_34' title="bbox 93 3906 1126 3994; baseline -0.01 -16"><span class='ocrx_word' id='word_1_280' title='bbox 93 3917 137 3978; x_wconf 91' lang='lat' dir='ltr'>ob</span> <span class='ocrx_word' id='word_1_281' title='bbox 168 3915 249 3976; x_wconf 89' lang='lat' dir='ltr'>banc</span> <span class='ocrx_word' id='word_1_282' title='bbox 276 3911 373 3994; x_wconf 81' lang='lat' dir='ltr'>ipsam</span> <span class='ocrx_word' id='word_1_283' title='bbox 401 3909 549 3972; x_wconf 81' lang='lat' dir='ltr'>voculam</span> <span class='ocrx_word' id='word_1_284' title='bbox 580 3909 716 3970; x_wconf 82' lang='lat' dir='ltr'>adhaesit</span> <span class='ocrx_word' id='word_1_285' title='bbox 744 3909 894 3992; x_wconf 83' lang='lat' dir='ltr'>vulgante</span> <span class='ocrx_word' id='word_1_286' title='bbox 920 3906 1126 3970; x_wconf 77' lang='lat' dir='ltr'>Columestos</span> 
     </span>
     <span class='ocr_line' id='line_1_35' title="bbox 93 4003 1127 4092; baseline -0.013 -11"><span class='ocrx_word' id='word_1_287' title='bbox 93 4015 244 4081; x_wconf 85' lang='lat' dir='ltr'>Didicisse</span> <span class='ocrx_word' id='word_1_288' title='bbox 260 4015 362 4074; x_wconf 82' lang='lat' dir='ltr'>literae</span> <span class='ocrx_word' id='word_1_289' title='bbox 380 4011 457 4092; x_wconf 90' lang='lat' dir='ltr'>quid</span> <span class='ocrx_word' id='word_1_290' title='bbox 472 4010 524 4082; x_wconf 87' lang='lat' dir='ltr'>sit,</span> <span class='ocrx_word' id='word_1_291' title='bbox 548 4011 640 4092; x_wconf 88' lang='lat' dir='ltr'>plane</span> <span class='ocrx_word' id='word_1_292' title='bbox 655 4030 721 4072; x_wconf 91' lang='lat' dir='ltr'>nou</span> <span class='ocrx_word' id='word_1_293' title='bbox 739 4029 756 4072; x_wconf 86' lang='lat' dir='ltr'>a</span> <span class='ocrx_word' id='word_1_294' title='bbox 774 4003 879 4070; x_wconf 81' lang='lat' dir='ltr'>Vossio</span> <span class='ocrx_word' id='word_1_295' title='bbox 897 4007 1127 4070; x_wconf 81' lang='lat' dir='ltr'>aestimandum</span> 
     </span>
     <span class='ocr_line' id='line_1_36' title="bbox 94 4109 1127 4196; baseline -0.008 -17"><span class='ocrx_word' id='word_1_296' title='bbox 94 4117 223 4186; x_wconf 80' lang='lat' dir='ltr'>censeo,</span> <span class='ocrx_word' id='word_1_297' title='bbox 254 4113 375 4176; x_wconf 89' lang='lat' dir='ltr'>nedum</span> <span class='ocrx_word' id='word_1_298' title='bbox 397 4131 476 4196; x_wconf 80' lang='lat' dir='ltr'>quae</span> <span class='ocrx_word' id='word_1_299' title='bbox 500 4131 620 4176; x_wconf 79' lang='lat' dir='ltr'>mercer</span> <span class='ocrx_word' id='word_1_300' title='bbox 643 4112 718 4173; x_wconf 88' lang='lat' dir='ltr'>inde</span> <span class='ocrx_word' id='word_1_301' title='bbox 742 4109 955 4193; x_wconf 81' lang='lat' dir='ltr'>exspectanda.</span> <span class='ocrx_word' id='word_1_302' title='bbox 996 4129 1020 4171; x_wconf 91' lang='lat' dir='ltr'>r.</span> <span class='ocrx_word' id='word_1_303' title='bbox 1046 4127 1127 4171; x_wconf 86' lang='lat' dir='ltr'>nno·</span> 
     </span>
     <span class='ocr_line' id='line_1_37' title="bbox 95 4211 1128 4306; baseline -0.014 -21"><span class='ocrx_word' id='word_1_304' title='bbox 95 4239 222 4285; x_wconf 82' lang='lat' dir='ltr'>rovira</span> <span class='ocrx_word' id='word_1_305' title='bbox 247 4219 280 4278; x_wconf 87' lang='lat' dir='ltr'>iet</span> <span class='ocrx_word' id='word_1_306' title='bbox 310 4229 390 4279; x_wconf 81' lang='lat' dir='ltr'>nota</span> <span class='ocrx_word' id='word_1_307' title='bbox 416 4211 594 4306; x_wconf 77' lang='lat' dir='ltr'>prfieeiore.</span> <span class='ocrx_word' id='word_1_308' title='bbox 669 4213 780 4276; x_wconf 80' lang='lat' dir='ltr'>Primo</span> <span class='ocrx_word' id='word_1_309' title='bbox 812 4213 935 4274; x_wconf 85' lang='lat' dir='ltr'>intuitu</span> <span class='ocrx_word' id='word_1_310' title='bbox 966 4213 1048 4274; x_wconf 87' lang='lat' dir='ltr'>mire</span> <span class='ocrx_word' id='word_1_311' title='bbox 1075 4211 1128 4274; x_wconf 85' lang='lat' dir='ltr'>trel</span> 
     </span>
    </p>
   </div>
   <div class='ocr_carea' id='block_1_3' title="bbox 0 0 1432 4940">
    <p class='ocr_par' dir='ltr' id='par_1_3' title="bbox 0 0 1432 4940">
     <span class='ocr_line' id='line_1_38' title="bbox 0 0 1432 4940; baseline 0 0"><span class='ocrx_word' id='word_1_312' title='bbox 0 0 1432 4940; x_wconf 95' lang='lat' dir='ltr'> </span> 
     </span>
    </p>
   </div>
  </div>
 </body>
</html>
