2848 4942
337 455 378 516 7⁰
641 429 881 491 eomeourr
918 429 1080 488 uncae

340 609 492 690 [Phorm.
518 615 552 684 5!
577 621 611 683 7,
634 605 718 685 71·]
757 604 973 688 gladiatorius
999 605 1135 667 animm.
1187 603 1368 689 Quaerere

339 711 492 774 cinctoria
514 723 606 771 vocat
621 707 716 778 Meir,
743 729 779 770 ea
805 705 966 782 ἁκίνακας
988 719 1083 770 vocat
1098 705 1293 771 Herodotue.
1320 703 1367 794 [4.

342 811 422 900 δι]
457 813 644 874 Ammianus
656 811 861 874 Marcellinus
876 809 1028 886 librogt.
1053 804 1101 897 [c.
1122 824 1154 870 u.
1167 801 1210 894 fi]
1238 809 1368 894 gladium

340 915 522 997 [impliciter
543 913 701 974 nominat.
726 926 731 939 ’
762 911 895 975 Gladius
921 909 1086 972 barbarico
1111 912 1176 972 ritu
1200 911 1286 972 humi
1301 908 1368 1002 figi·

340 1029 396 1080 tur
417 1013 539 1086 nudus,
572 1035 699 1097 eumque
721 1025 758 1074 ut
781 1014 920 1076 Martem
947 1015 1121 1094 regionum,
1147 1033 1229 1096 quas
1252 1013 1368 1072 circnm-

341 1119 474 1186 circant,
503 1107 675 1206 praesulem
699 1115 905 1176 verecundius
925 1115 1044 1177 colrmt.
1095 1115 1148 1178 Sic
1166 1115 1236 1198 lege
1256 1133 1294 1176 ex
1314 1113 1368 1176 Co·

342 1219 412 1280 dice
433 1219 595 1280 Vaticano,
646 1217 745 1279 Porro
763 1235 829 1278 non
849 1229 971 1278 tuntum
988 1237 1083 1286 arma,
1110 1216 1227 1298 quibue
1248 1217 1368 1298 accingi·

340 1341 426 1390 mur,
446 1319 674 1380 verumetiam
692 1339 762 1402 pere
774 1320 829 1396 ,iila
845 1323 994 1402 corporis,
1017 1339 1077 1400 que
1094 1319 1264 1402 cingimur,
1284 1317 1368 1376 Marti

343 1423 423 1486 olim
445 1420 656 1483 dedicabatur.
709 1421 836 1503 Nempe
853 1435 889 1482 ut
907 1433 1001 1504 caput
1017 1422 1099 1490 lovi,
1125 1435 1238 1501 pectus
1257 1417 1368 1500 Neptu·

342 1545 396 1594 no,
423 1525 491 1584 aliIs
507 1543 585 1584 vero
609 1525 678 1585 Diie
693 1523 769 1584 aliae
786 1525 927 1606 corporis
947 1536 1051 1604 partes
1065 1519 1153 1584 fuere
1174 1518 1368 1591 consecratae,

343 1625 383 1686 fic
400 1627 494 1686 Mani
514 1619 616 1711 ζώνη,
645 1645 714 1706 pare
732 1625 794 1694 ilia,
818 1645 879 1706 qna
894 1627 1064 1708 cingimur.
1117 1623 1196 1684 Noti
1218 1621 1290 1683 sunt
1310 1641 1368 1682 ver·

343 1725 394 1788 sue
408 1727 453 1786 iili
471 1727 633 1788 Homerici
646 1727 938 1808 dedgamernnone
961 1723 1019 1814 [ΙΙ.
1039 1743 1070 1794 2,
1088 1719 1195 1812 47ss.]
1215 1715 1368 1810 Ὀμματα

344 1821 398 1890 καὶ
420 1821 572 1912 κεφαλὴν
598 1821 705 1902 ἴκελος
726 1827 784 1889 Διΐ
801 1817 1054 1916 τερπικεραύνῳ,
1084 1819 1181 1914 Ἀρεῖ
1203 1848 1241 1890 τε
1267 1821 1368 1912 ζώνην,

344 1926 472 2016 στέρνον
489 1925 522 1990 δὲ
539 1923 749 1994 Ποσειδάωνι.
777 1949 920 1992 vosmve.
964 1929 1130 1993 Salmafiue
1145 1929 1183 1990 ad
1197 1929 1298 1992 Solin.
1313 1947 1337 1988 c.
1351 1927 1368 1988 1.

343 2031 399 2091 ubi
416 2031 455 2092 de
474 2031 569 2092 huius
589 2031 652 2092 loci
668 2031 805 2093 lectione
826 2031 971 2113 pluribus
987 2029 1142 2101 disseruit,
1164 2030 1368 2092 interemoto

344 2133 394 2192 ria
427 2147 460 2193 et
491 2134 646 2194 cinctoria
679 2133 866 2204 fluctuatur,
909 2133 1102 2214 tandemque
1136 2133 1200 2194 hoc
1232 2128 1368 2214 praefert.

343 2233 471 2316 Nempe
488 2255 506 2292 c
527 2248 560 2293 et
580 2245 595 2296 t
615 2233 704 2316 saepe
720 2235 910 2296 commutari
927 2235 1054 2306 constat,
1080 2234 1167 2316 quod
1185 2234 1218 2292 in
1235 2233 1299 2294 hoc
1314 2229 1368 2312 ipio

343 2334 443 2396 verbo
464 2335 600 2396 evenisse
621 2337 704 2418 apud
722 2337 877 2399 isidorum
896 2339 931 2397 in
953 2334 1060 2422 gloffie
1083 2335 1161 2398 ordo
1180 2333 1368 2396 elementaria

343 2439 475 2498 evincit.
529 2438 599 2498 vid.
617 2437 783 2502 Drakenb.
809 2439 846 2499 ad
866 2439 922 2501 Sil.
940 2441 1009 2502 liei.
1034 2447 1089 2517 14,
1114 2439 1147 2500 6.
1172 2449 1205 2499 et
1221 2455 1301 2518 quoe
1318 2435 1367 2494 iau·

344 2539 413 2608 dat,
437 2552 471 2600 et
486 2537 683 2602 Wernedorf.
708 2541 741 2600 in
763 2539 893 2600 excursu
915 2555 947 2615 7.
969 2541 1007 2600 ed
1023 2541 1121 2602 Tom.
1142 2553 1175 2619 5.
1198 2538 1292 2602 Poet.
1311 2537 1367 2596 Lat.

344 2643 463 2702 minor.
480 2659 513 2720 p.
530 2651 615 2721 5¹4·
653 2642 706 2703 sic
721 2658 754 2711 2,
772 2643 804 2712 6,
820 2661 855 2721 9.
878 2643 1024 2722 cingente
1038 2655 1070 2702 et
1092 2643 1243 2721 tingente.
1281 2641 1331 2703 sic
1347 2658 1367 2706 ¹1

351 2759 404 2824 17,
428 2757 461 2820 3.
486 2743 518 2802 in
542 2743 629 2803 libris
647 2743 727 2806 Ceos
742 2763 800 2826 pro
822 2743 910 2806 Teos.
955 2745 1004 2804 Ex
1020 2743 1088 2804 aliis
1109 2741 1301 2812 auctoribus,
1326 2738 1367 2819 qm*

345 2844 434 2906 hunc
454 2863 578 2905 morem
602 2845 802 2929 adtigerunt,
829 2845 911 2906 nihil
929 2845 969 2906 ad
991 2863 1100 2906 veram
1120 2845 1295 2906 lectionem
1317 2837 1367 2902 eiii

345 2946 417 3007 ciae.
470 2945 597 3028 Nempe
618 2947 803 3009 Herodotus
822 2957 857 3026 4,
877 2945 935 3011 62.
959 2961 1085 3008 tantum
1106 2945 1202 3006 babet
1224 2936 1366 3026 ἁκινάκρτ

345 3042 504 3132 σιδήρεον,
529 3049 584 3128 qui
606 3049 643 3108 fit
660 3049 770 3110 Martie
788 3049 998 3112 simulacnrm.
1037 3049 1079 3108 Et
1097 3047 1135 3108 fic
1149 3046 1250 3109 Solio.
1276 3068 1302 3108 c.
1320 3060 1366 3106 20.

346 3145 367 3208 f.
393 3159 445 3224 ¹5·
475 3163 601 3208 tantum
619 3141 704 3239 cosm
726 3163 969 3213 commemoret.
1022 3149 1223 3212 Confirmant
1244 3149 1330 3208 idem
1345 3153 1366 3203 ei

344 3248 397 3308 alii
412 3251 493 3330 apud
512 3249 787 3334 Lindenbrogium
802 3253 840 3312 ad
856 3253 1061 3314 Ammianum
1076 3273 1103 3313 c.
1123 3251 1145 3312 1.
1171 3248 1287 3332 quibus
1307 3243 1366 3308 addi

344 3349 447 3432 potest
469 3351 628 3411 Lucienus
650 3353 685 3412 in
710 3355 788 3413 Iove
810 3355 978 3438 Tragoedo
1002 3373 1069 3434 cap.
1096 3361 1156 3434 42.
1189 3351 1245 3412 ubi
1267 3359 1365 3416 narrat,

345 3445 484 3534 denudem
508 3449 698 3523 sacrificalie,
741 3455 941 3536 omninoque
971 3453 1128 3516 acinacem
1154 3451 1280 3514 coluiiie
1304 3465 1365 3511 tam-

345 3573 439 3633 qnam
472 3555 600 3625 Deum,
641 3575 738 3636 quem
777 3569 809 3618 et
849 3555 957 3616 iurelie
996 3557 1123 3637 adparet
1157 3575 1196 3616 ex
1234 3553 1365 3615 eiusdem

345 3655 462 3714 'l'oxari
478 3674 543 3736 cap.
562 3669 620 3735 39.
654 3657 727 3719 Vid.
749 3677 828 3738 quos
846 3657 890 3717 ibi
908 3657 1029 3742 adlegat
1044 3657 1198 3719 Reitziue.
1242 3651 1365 3718 Aliunde

344 3756 444 3838 igitur
459 3755 543 3816 Mela
565 3777 634 3818 eam
657 3777 772 3819 vocem
793 3758 943 3820 eddidiiie
967 3759 1019 3820 vei
1042 3777 1082 3820 ex
1102 3755 1159 3818 suo
1182 3747 1364 3839 depromsdit

345 3858 484 3919 videtur.
537 3859 604 3919 iarn
621 3879 697 3920 vero
714 3861 736 3920 fi
752 3861 910 3922 delectum
926 3859 1086 3930 instituas,
1112 3859 1261 3920 tinctorio
1277 3869 1364 3919 remo⁴

345 3972 417 4020 tum
439 3958 480 4020 est
496 3973 527 4019 et
543 3958 631 4022 sensu
648 3960 774 4024 insolito
795 3963 859 4024 huc
874 3959 1043 4034 referatur;
1076 3962 1212 4023 tentoria
1228 3979 1295 4022 non
1311 3971 1364 4016 tam

345 4075 411 4122 arte
427 4081 500 4122 curn
515 4061 638 4124 ensibus
656 4063 835 4135 cohaerent,
861 4077 893 4124 et
908 4078 977 4124 tum
994 4063 1102 4145 potiue
1118 4083 1202 4124 arma
1222 4064 1275 4124 vel
1289 4057 1364 4124 castrt

346 4163 488 4238 dixiffet3
518 4163 610 4235 restat
631 4166 793 4240 cinctoria,
819 4167 907 4250 quod
928 4163 1065 4232 verbum
1080 4165 1119 4228 ed
1134 4163 1221 4230 eniee
1237 4163 1363 4250 proximi
