2836 4940
319 355 381 422 ²58
624 343 867 404 eomeoutt
902 345 1063 402 mem

319 521 445 582 thicum
467 520 739 602 promuntorium.
777 519 805 582 Δ
824 539 889 602 quo
903 517 1007 582 rusius
1023 519 1137 601 incipit
1153 519 1228 582 letus
1242 519 1318 580 orien

321 623 401 694 ule,
436 634 468 684 et
492 621 601 682 finitur
628 618 706 682 Tubi
729 623 964 704 promuntorio.
1016 621 1100 684 Tabi
1121 640 1194 682 reso
1215 621 1319 682 excurrit

320 725 402 786 letus
437 723 649 784 meridianum
684 743 784 804 usque
817 724 855 786 ed
889 725 1148 804 promuntorium
1177 713 1318 812 Hesperien

325 827 439 893 Ceras,
472 845 488 886 u
511 843 574 904 quo
595 823 707 904 occipit
726 825 853 884 initium
873 825 952 886 latus
974 827 1144 887 occiduum
1159 839 1189 886 et
1206 824 1318 884 tenuius

321 939 374 988 tur
394 938 467 986 ente
485 925 571 986 dicto
588 923 754 1006 Hispaniae
775 926 1001 1008 promuntorio
1025 927 1157 990 Celtico.
1207 926 1318 1006 Quuuor

319 1029 427 1110 itaque
451 1023 522 1086 lum
541 1030 759 1108 promunturia
776 1029 909 1090 totidem
926 1030 1028 1090 totius
1045 1027 1215 1090 habitabilis
1232 1025 1317 1110 auguli
1358 1051 1359 1066 ¹

324 1130 490 1198 Celticum,
520 1127 710 1209 Scyllusum,
742 1126 847 1199 Telis,
873 1121 1054 1220 Hesperien
1079 1129 1189 1199 Geras3
1218 1142 1317 1208 quatuor

320 1233 416 1294 lutera
464 1230 606 1292 eiusdem
656 1228 834 1292 habitabilis
882 1231 1094 1293 includentis.
1159 1246 1317 1292 eruturus

323 1333 473 1402 Ostendi,
506 1331 677 1414 legendum
707 1332 766 1393 elie
792 1329 903 1402 Talis,
937 1353 1005 1394 non
1035 1333 1166 1404 Tamum
1200 1331 1318 1390 dosuiex

321 1434 430 1498 Plinio
462 1431 521 1494 effe
553 1433 667 1516 iugum
701 1434 889 1496 incumbens
922 1435 1019 1503 mari,
1066 1431 1213 1518 pudendo
1245 1448 1318 1491 errore
1358 1441 1359 1504 i

321 1537 443 1607 Soliui,
468 1531 515 1620 [e.
537 1551 592 1595 eo.
608 1531 629 1594 s.
652 1545 706 1610 15.
736 1531 786 1595 sed
808 1548 891 1596 recte
910 1555 976 1616 cap.
994 1550 1058 1615 53.
1075 1535 1095 1598 i.
1113 1529 1189 1619 fio]
1212 1534 1257 1613 qui
1273 1549 1320 1589 non
1358 1577 1359 1588 ,

322 1639 479 1722 perceptis
501 1635 598 1696 Plinii
621 1635 743 1704 uerbis,
779 1656 881 1716 neque
909 1637 996 1698 aluo
1020 1637 1218 1718 Pomponio.
1248 1629 1318 1691 ‘iulis
1358 1645 1359 1684 l

321 1734 647 1806 uomeueffemuris,
672 1757 739 1798 nou
761 1735 1113 1818 promontoriilcribit.
1149 1757 1238 1798 sueu.
1277 1731 1320 1790 ΙἯ·
1358 1727 1359 1744 ’

320 1841 394 1906 niue
417 1841 449 1909 6,
479 1851 532 1909 ¹7·
561 1833 603 1924 [f.
623 1832 703 1924 eu]
738 1841 878 1899 Primum
906 1859 1009 1898 eorum
1040 1837 1187 1924 (Serum)
1215 1825 1320 1924 uescitur

313 1936 437 2029 fluisseu
463 1933 626 2029 Pfitams,
658 1941 836 2018 proximum
864 1938 1002 2012 Catali,
1031 1943 1161 2002 tertium
1186 1939 1320 2004 Derisus
1358 1955 1359 2038 p

320 2063 382 2126 quo
403 2041 661 2120 prousoutorium.
701 2041 772 2101 Hoc
788 2059 865 2123 ergo
884 2043 1159 2121 promontorium,
1174 2040 1248 2123 quod
1261 2033 1319 2096 ilslt
1358 2051 1359 2112 i

319 2141 425 2212 refert,
449 2139 492 2202 est
513 2141 680 2210 incertum.
706 2161 744 2200 an
763 2143 845 2224 apud
862 2143 1007 2202 Plinium
1023 2144 1139 2204 Lanos
1156 2155 1276 2206 vocetur,
1295 2147 1321 2190 ut
1358 2165 1359 2172 ¹

319 2245 452 2308 flumen.
489 2243 639 2322 Sequitur
658 2241 702 2300 ibi
721 2241 821 2302 statim
840 2237 959 2334 Chryse
972 2240 1080 2332 finus,
1106 2265 1196 2326 quam
1214 2227 1319 2327 Closer
1358 2229 1359 2274 l

320 2343 454 2408 inlulam
469 2355 562 2404 voest
579 2343 681 2414 Mela,
707 2358 739 2403 et
758 2346 796 2404 sd
814 2345 954 2406 Taurum
970 2348 1013 2406 ait
1027 2347 1141 2409 iacere.
1190 2343 1244 2406 Sed
1259 2343 1319 2400 ileu

320 2447 443 2512 Plinius
464 2445 558 2526 paulo
582 2447 668 2530 poll:
705 2443 837 2516 Gentes,
860 2467 943 2528 qssas
961 2469 1136 2507 memorare
1154 2467 1212 2506 usu
1233 2445 1317 2524 pigeas,

321 2572 343 2612 a
359 2545 518 2610 montibus
532 2546 680 2617 Emodis,
710 2567 839 2630 quorruu
860 2550 1111 2626 proumulorium
1131 2549 1235 2608 Iussus
1252 2558 1318 2602 voca·
1358 2527 1359 2610 i

323 2664 392 2722 tur,
419 2649 592 2710 incolarum
616 2649 725 2728 lingua
748 2641 891 2738 rsiuosuus
904 2645 1131 2738 significante,
1161 2639 1251 2738 isari,
1277 2641 1318 2702 Co·

322 2753 390 2834 eyri
410 2765 472 2814 etc.
523 2750 604 2810 Ecce
625 2752 884 2831 promontorium
908 2753 1033 2810 lmaum
1057 2749 1241 2818 voesriai13
1267 2759 1319 2804 nau

322 2855 418 2916 Tsmi
438 2871 591 2932 nusquam
610 2851 768 2914 meminit.
822 2852 1001 2912 Videndum
1019 2855 1127 2922 eriam,
1153 2871 1190 2912 un
1206 2849 1260 2909 hus
1272 2859 1320 2904 uss

322 2955 479 3036 pertineat
504 2953 672 3022 Tamarus,
701 2955 792 3013 cuius
816 2955 965 3014 meminit
987 2954 1100 3015 Strabo
1125 2953 1179 3013 lib.
1208 2971 1254 3010 ιι.
1282 2938 1320 3028 [Ρ.

323 3047 571 3138 553.s.519.]
608 3072 818 3115 crisconius.
870 3057 904 3116 Si
928 3055 1041 3115 lineera
1063 3055 1107 3116 est
1130 3053 1218 3116 Plinii
1240 3048 1320 3110 lectio

320 3156 483 3216 videretur
502 3153 557 3216 hic
578 3153 694 3215 Tamus
712 3157 746 3214 in
764 3157 872 3216 Iusmss
891 3157 1093 3218 mutandum.
1131 3154 1236 3218 Scribit
1253 3147 1319 3210 eslim

321 3259 349 3320 is
369 3255 425 3318 lib.
443 3257 476 3318 6.
496 3275 523 3317 c.
547 3271 601 3331 17.
627 3269 805 3318 extremum
822 3259 1080 3335 promuntorium
1096 3255 1208 3318 Emodi
1223 3249 1320 3312 montis

321 3358 468 3442 appellari
491 3358 632 3427 imaum,
658 3359 744 3439 quod
765 3356 911 3418 nivosum
933 3359 1109 3420 incolarum
1132 3359 1229 3439 lingua
1250 3347 1319 3432 figni-

320 3463 403 3524 ficet.
445 3459 587 3520 Eandem
606 3459 778 3520 lectionem
795 3461 957 3522 confirmat
971 3459 1083 3521 Strabo
1099 3459 1153 3519 lib.
1175 3477 1223 3516 ιι.
1243 3453 1278 3528 [c.
1291 3445 1317 3524 l·]
1358 3439 1359 3488 l

321 3583 394 3624 eum
429 3563 529 3621 Tauri
560 3562 680 3620 montis
712 3573 908 3641 extremum,
944 3563 1070 3622 Imaum
1103 3561 1202 3622 vocari
1225 3551 1316 3614 scribit.

320 3663 410 3726 Islem
432 3674 539 3723 tamen
561 3655 886 3748 To'pupouappellare
905 3663 1033 3724 videtur
1054 3663 1145 3744 paulo
1165 3659 1234 3743 post.
1266 3651 1317 3712 Nee

320 3762 546 3826 sollicitandam
580 3761 639 3824 elie
672 3763 752 3823 hanc
778 3763 950 3824 lectionem
976 3764 1050 3851 ideo
1082 3763 1229 3826 existimo,
1260 3753 1315 3832 quis

321 3864 451 3928 Osolius
470 3857 525 3948 [s,
543 3856 599 3949 m]
621 3876 652 3924 et
666 3884 705 3926 ex
720 3883 770 3932 eo,
797 3851 1001 3944 nescio'quis,
1025 3865 1170 3924 Aetlricus
1190 3853 1237 3944 [p.
1249 3860 1313 3928 724·

320 3969 372 4030 etl.
395 3967 494 4028 Grou.
517 3987 569 4028 en.
597 3958 722 4050 1722.]
748 3966 913 4026 Seumrum
940 3979 1029 4026 voest
1052 3979 1219 4024 extremum
1238 3949 1312 4014 Tauri

320 4069 592 4152 promuntorium.
644 4067 755 4148 ltaque
780 4067 820 4126 lic
842 4063 968 4136 censeo,
1003 4067 1124 4126 lmsuru
1142 4064 1255 4142 quidem
1274 4069 1312 4111 es·
1358 4145 1359 4174 1
