2788 4942
356 428 445 486 LIB.
476 431 526 484 ΠΙ.
569 427 601 484 c.
624 431 661 482 Π.
704 425 781 496 Μ.
1045 431 1087 500 79

71 617 120 682 que
136 601 254 686 exegit,
288 613 322 662 et
341 601 374 662 in
396 621 463 666 uno
485 599 616 664 substitit
638 600 729 670 aliis,
755 599 802 660 uti
824 597 967 661 iecerunt
989 595 1087 658 etiem

72 702 183 783 reliqui.
209 721 413 765 uzecrevcn.
464 701 652 766 Perizonius
666 703 801 786 margini
821 701 972 762 editionis
988 711 1089 780 peter·

72 823 122 864 nae
134 801 326 886 adscripscrat
345 804 444 887 „aliis
462 797 596 888 aliisque
613 805 750 884 populis.
802 803 873 864 Hoc
891 801 1021 882 aliisque
1035 817 1087 861 ex·

74 904 140 964 cidit
157 925 192 966 ex
210 899 354 966 Voffiana
374 907 531 977 editione,
558 903 609 968 led
627 907 660 966 in
680 907 747 968 aliie
762 895 934 966 occurrit.“
981 905 1087 962 lmrno

73 1023 138 1068 rero
162 1003 284 1070 Voffiue
306 1002 348 1070 rc*
369 1007 500 1092 aliisque
527 1009 681 1090 expunxit
710 1005 789 1067 iuffn
820 1006 967 1066 codicum
995 1001 1086 1064 MSS.

72 1089 193 1186 quoium
209 1109 350 1190 plerique
371 1109 489 1170 babent
503 1109 581 1170 altis
598 1107 734 1188 populis.
780 1102 830 1170 To*
844 1106 974 1186 aliisque
990 1105 1088 1164 etiam

71 1207 142 1269 abeil
157 1207 193 1270 ab
208 1211 350 1272 editione
364 1205 550 1298 Exonieufi.
587 1229 618 1270 n.
638 1227 845 1270 ououorrve.
899 1205 1022 1266 Mirum
1040 1207 1088 1266 vi·

72 1309 182 1378 dentur,
211 1315 266 1392 qui
289 1311 323 1371 in
341 1325 405 1372 tem
423 1325 499 1373 note
520 1331 600 1374 voce
615 1310 755 1372 aberrare
775 1311 940 1392 potuerint
961 1306 1088 1376 librarii,

69 1411 117 1472 nili
130 1411 258 1494 stuporie
271 1431 384 1472 eorum
402 1405 535 1495 plurime
549 1413 602 1474 vel
619 1415 652 1473 in
668 1412 773 1474 nostro
789 1411 902 1474 exitere
918 1408 1090 1469 voluillent

70 1514 212 1596 exempla,
240 1527 273 1574 et
287 1512 398 1574 fimilia
414 1516 509 1576 etiem
528 1515 624 1576 huiue
641 1513 903 1574 commutationis
918 1509 1089 1592 specimine

68 1613 283 1696 proposuillent
316 1615 379 1674 uiri
413 1617 508 1678 docti.
560 1617 632 1678 Vid.
660 1614 830 1684 ‚Drakenb.
858 1613 896 1674 ad
930 1612 1001 1672 Lic.
1029 1625 1087 1690 37,

73 1717 120 1786 16.
137 1731 168 1790 7.
195 1729 229 1778 et
248 1733 328 1798 quoe
351 1731 517 1780 memorat.
559 1719 645 1778 Tum
668 1715 880 1800 negligentiae
900 1713 1017 1774 vitium
1040 1732 1087 1774 ac·

69 1815 168 1878 ceffille
189 1817 328 1887 videtur,
356 1817 442 1898 quod
463 1820 596 1879 eltemm
618 1817 748 1900 aliisque
765 1815 948 1878 omiserunt.
1001 1813 1087 1876 Cum

69 1921 143 1978 euim
159 1919 246 1980 Mela
265 1918 400 1982 hicnon
422 1921 480 1982 nisi
497 1921 632 1982 Gallicae
653 1921 757 2002 gentle
778 1917 913 2000 populun
927 1913 1086 1978 recensere

68 2015 158 2097 poffit,
184 2021 328 2082 alienum
344 2019 383 2082 ab
399 2019 456 2082 hec
472 2023 649 2082 narratione
665 2017 787 2082 sensum
806 2017 919 2082 inierat
932 2037 996 2080 vox
1017 2015 1089 2078 aliis

69 2115 151 2182 semel
173 2121 283 2204 polita,
309 2136 363 2182 aut
385 2121 407 2182 st
428 2125 530 2192 tacite.
562 2137 599 2182 ut
615 2121 733 2183 corillet
747 2123 826 2182 ratio
848 2133 881 2182 et
899 2118 983 2188 uiue.
1010 2115 1089 2180 lacte

68 2223 247 2302 repetitione
280 2219 424 2306 subplere
458 2225 554 2295 velie.
593 2225 709 2284 durum
736 2223 800 2284 hoc
824 2223 860 2284 fit
884 2237 917 2282 et
939 2219 1087 2283 insolens.

69 2319 180 2384 Notum
198 2325 289 2386 enim
309 2324 362 2395 eli,
386 2338 540 2396 auctores,
567 2325 624 2386 ubi
644 2325 788 2386 eiusdem
806 2328 851 2384 rei
871 2323 970 2384 variae
987 2336 1088 2404 partee

67 2422 203 2507 deincepe
218 2438 253 2486 et
268 2428 418 2487 continua
435 2424 509 2488 lerie
528 2427 640 2510 politae
655 2437 925 2494 commemorant,
952 2425 1009 2484 hee
1027 2419 1090 2484 for·

67 2527 140 2588 mola
155 2528 203 2586 uti
219 2524 330 2590 solere.
382 2527 423 2587 Et
441 2527 480 2590 sic
497 2527 560 2610 ipse
581 2527 664 2590 Mela
686 2525 822 2609 supru1‚
846 2543 899 2604 19,
922 2539 976 2601 13.
998 2543 1089 2586 mon·

69 2637 120 2696 tee,
152 2641 189 2688 uc
212 2628 288 2688 aliis
311 2627 423 2688 aliisve
443 2626 586 2718 adprfiti
605 2625 767 2708 gentihus,
801 2629 849 2688 ita
866 2627 939 2687 aliis
956 2625 1088 2708 aliisque

68 2725 136 2788 dicti
148 2725 336 2800 nominihus,
356 2729 411 2788 ubi
427 2732 523 2792 etiem
538 2731 671 2792 alterum
687 2731 810 2789 omittit
823 2727 933 2788 codex.
964 2727 1090 2786 Eodem

68 2831 153 2891 ruodo
177 2843 342 2912 peccatum
366 2829 408 2892 elt
430 2852 457 2901 t,
474 2850 507 2912 9,
527 2849 558 2896 n.
585 2830 643 2890 ubi
662 2843 785 2891 tacitum
806 2849 872 2891 non
889 2829 921 2890 in
938 2827 1090 2889 omnibus

67 2947 115 3008 pro
135 2933 248 2992 itemm
274 2933 459 3014 iterumque,
494 2934 579 3014 quod
611 2947 694 2994 recte
724 2943 911 3013 receperunt
941 2931 1089 3000 editores,

67 3025 151 3093 lemel
171 3018 291 3117 legitur
307 3035 429 3096 iterum.
482 3035 542 3095 Vix
563 3035 661 3118 igitur
677 3051 807 3092 manum
825 3031 986 3100 contineo,
1009 3033 1091 3110 quin
1178 3055 1188 3073 ·

66 3149 207 3214 reponam
228 3133 401 3195 lectionem
417 3135 560 3198 Vediani.
612 3135 694 3218 Quie
713 3133 801 3195 enim
821 3133 975 3194 librorum
992 3133 1025 3191 in
1040 3129 1090 3194 hie

65 3231 296 3297 inconstantiam
311 3254 378 3296 non
392 3237 510 3299 novit?
554 3237 606 3299 Sic
625 3255 655 3306 t,
673 3249 705 3310 7.
726 3247 759 3314 3.
784 3235 964 3296 obtrudunt
979 3233 1090 3313 magis,

13 3375 14 3380 κ
66 3339 142 3414 quod
162 3349 273 3398 contra
299 3355 328 3406 ι,
352 3335 385 3406 6.
413 3354 443 3399 2.
470 3339 504 3398 in
525 3337 623 3400 altero
645 3339 716 3398 loco
733 3339 901 3400 omittunt.
944 3335 1090 3396 Eandem

66 3439 284 3522 negligentiam
310 3439 396 3498 Livii
415 3439 523 3500 locum
548 3449 606 3522 24.
632 3455 689 3508 cto,
714 3457 749 3518 9.
773 3439 805 3498 in
823 3457 902 3498 voce
926 3437 1007 3498 alins
1024 3453 1091 3497 cor·

65 3539 183 3618 rupille,
217 3536 384 3620 inspicatur
414 3541 439 3602 l.
466 3541 658 3602 Gronovius.
714 3537 869 3603 Ceterum
893 3537 928 3600 in
950 3535 1089 3602 Vindob.

66 3636 168 3702 absunt
186 3641 285 3703 verba
306 3641 379 3702 aliie
397 3675 448 3688 -·
470 3639 703 3706 habitantibus.

132 3843 361 3926 Santonis)
412 3845 458 3908 lta
472 3865 585 3908 omnee
603 3846 739 3916 codices,
764 3859 891 3909 tentum
906 3841 1092 3906 vindobon.

67 3946 261 4038 mrfionicc
295 3945 378 4030 Lipl.
403 3945 625 4010 Sarretonibns.
683 3949 765 4012 Edd.
791 3963 914 4012 veteree
941 3943 1094 4008 Santonis

66 4045 97 4104 ed
118 4049 311 4120 vedianum,
338 4050 392 4131 qui
416 4051 565 4132 praetulit
583 4048 774 4112 Sarrtonr'dns
793 4063 825 4114 et
845 4049 884 4112 fic
905 4049 982 4111 inde
1000 4067 1017 4108 a
1040 4041 1092 4110 16.

65 4161 174 4225 praeter
200 4163 257 4228 15.
285 4165 342 4230 17.
364 4167 420 4218 20.
444 4165 500 4232 23.
526 4153 665 4234 reliquae
685 4153 725 4216 ad
746 4149 905 4226 Ventum,
933 4155 988 4238 qui
1009 4151 1093 4236 pric-
