2880 4940
391 381 482 440 Lm.
515 381 566 438 sss.
612 381 645 440 C.
674 383 725 438 1x.
768 381 794 452 s.
818 379 847 440 6.
1077 389 1152 458 545.

96 571 211 620 cutum
241 553 332 620 inisse
359 569 451 618 noem
480 557 707 628 Perizoniom,
741 570 774 620 et
798 557 902 620 Curtii
926 557 999 618 loco
1022 563 1055 637 4.
1083 575 1139 622 12.

95 660 252 730 inlustrat,
277 659 335 720 ubi
358 659 452 720 hoec:
488 658 550 719 sed
570 659 685 739 caligo,
711 681 807 742 quom
824 661 907 719 circa
927 659 1049 722 torridi
1063 655 1141 748 cffu-

97 763 215 824 derunt
241 775 380 831 montes,
413 751 590 849 urriuersom
616 760 739 844 quidem
765 761 809 822 rei
822 751 950 850 faciem
975 781 1039 823 non
1072 759 1142 822 obs·

98 865 197 936 tulit‚·
222 877 356 923 ceterum
376 863 538 942 agminum
558 861 743 923 discrimino
760 874 857 946 atqrte
876 863 1015 924 ordinem
1035 864 1143 945 prosei-

99 965 171 1026 dnit
191 955 337 1055 perspici.
390 965 474 1026 Addi
490 963 595 1046 potesl'
612 964 725 1026 Liriue
741 982 775 1044 9,
798 983 852 1032 ro,
872 979 904 1040 7.
929 977 962 1027 et
980 980 1039 1036 22,
1057 963 1090 1034 6,
1107 977 1142 1044 8.

99 1068 158 1128 ubi
179 1057 353 1156 perspicere
375 1067 472 1128 etiem
495 1067 533 1126 ed
556 1067 723 1150 caliginem
742 1063 895 1136 refertur,
931 1065 987 1128 ubi
1010 1069 1143 1149 quidem
1262 1077 1266 1086 '

98 1169 234 1230 retinuit
252 1165 545 1237 Drakenborchiue,
571 1165 623 1229 sed
640 1168 673 1228 in
690 1180 766 1228 noto
782 1169 926 1236 monuit,
950 1169 1037 1249 quod
1053 1169 1143 1230 locue

100 1273 185 1332 eltue
200 1269 291 1330 fimus
309 1283 592 1340 commemoretur,
615 1271 718 1351 eptiue
734 1269 837 1332 uideri
858 1259 1044 1359 prospicere,
1069 1289 1145 1331 cum

99 1391 168 1454 quo
192 1371 292 1434 verbo
312 1389 381 1432 non
404 1369 450 1432 ibi
477 1367 580 1431 solum
606 1385 840 1441 commutetur,
875 1367 926 1430 sed
950 1384 983 1432 et
1008 1372 1041 1431 in
1065 1373 1145 1443 aliie,

102 1474 207 1535 veluti
231 1473 389 1534 Frontino
415 1493 444 1544 ι,
466 1489 498 1535 e.
515 1474 561 1534 in.
589 1471 644 1532 ubi
668 1473 834 1556 dieputent
856 1473 918 1532 viri
941 1474 1040 1538 docti.
1092 1469 1145 1537 Cf.

102 1573 318 1656 Oudendorp.
333 1575 371 1634 ad
386 1575 504 1636 Lucan.
522 1589 555 1648 7,
578 1591 658 1653 ¹99·
686 1589 720 1636 et
738 1575 778 1635 de
793 1571 1035 1656 frequentativie
1056 1575 1093 1635 ed
1112 1589 1146 1649 7,

105 1679 193 1760 699.
233 1675 312 1736 Tele
327 1675 443 1757 aliquid
464 1689 555 1736 antee
576 1673 679 1736 adsuit
700 1677 733 1736 in
752 1675 920 1756 pervectis.
961 1677 1023 1736 Hic
1041 1674 1147 1758 placet

105 1797 182 1840 cum
209 1776 379 1839 Gronovio
408 1767 562 1868 perspici,
597 1779 670 1858 quie
699 1777 737 1839 src
766 1779 868 1862 magle
894 1789 1029 1860 angetur
1054 1778 1147 1838 notio

104 1897 293 1962 camporum
315 1879 495 1961 patentium
514 1877 657 1960 respectu
675 1877 780 1948 cussie,
806 1899 845 1941 ex
865 1895 929 1958 quo
950 1876 1148 1961 prospectare

11 2043 12 2048 ,
103 1982 184 2042 licet
205 1999 351 2063 cempoe,
383 1981 519 2041 minime
542 1994 649 2041 temen
672 1992 803 2063 propter
826 1979 983 2042 ambitum
1004 1979 1150 2042 recessue·

11 2143 13 2178 e
103 2103 169 2166 que
190 2083 305 2166 longoe
329 2083 459 2165 penitue
480 2081 681 2167 cognoscere.

181 2283 291 2347 Hinc
315 2266 456 2366 opinio
481 2277 657 2378 consae)
708 2288 754 2346 lte
771 2285 927 2347 exhibent
943 2303 1057 2346 omnes
1075 2283 1149 2348 Abr.

11 2455 12 2462 χ
107 2385 269 2449 Gronovii
283 2388 409 2449 codicee
424 2400 457 2449 et
478 2387 542 2447 mei
561 2407 636 2448 cum
658 2387 854 2448 editionibus
871 2387 1050 2458 veteribue3
1084 2399 1151 2446 tan·

11 2483 13 2488 ¹
108 2503 183 2550 tum
216 2489 309 2572 Preg.
344 2507 417 2550 cum
451 2487 558 2550 Hevn.
590 2487 696 2548 omisit
727 2479 852 2578 consae.
911 2487 1056 2546 Primum
1086 2503 1151 2546 vox

11 2577 12 2590 ¹
107 2581 224 2681 causae
241 2603 362 2650 mutate
384 2591 506 2651 troneiit
523 2593 556 2649 in
578 2611 615 2648 ea
632 2592 664 2648 in
684 2589 735 2653 ed.
753 2601 810 2667 24.
834 2601 866 2648 et
884 2587 960 2648 hinc
977 2591 1019 2648 ita
1036 2589 1153 2673 legitur
1192 2631 1205 2644 .

11 2683 12 2692 ¹
107 2694 144 2754 in
172 2692 324 2752 omnibue
350 2691 558 2759 Olivorianis,
588 2692 719 2759 vineto,
753 2690 909 2758 Schotto,
947 2685 1062 2754 Vollio.
1091 2705 1153 2766 qo.

109 2805 173 2874 41.
193 2805 253 2872 42.
290 2791 363 2854 Poll
385 2813 458 2853 cum
474 2793 647 2854 Reinoldio
664 2793 829 2852 revocavit
845 2781 959 2880 consec
977 2797 1012 2850 ll.
1029 2789 1153 2852 Grono-

108 2897 187 2956 viue
203 2897 235 2954 in
252 2895 301 2955 ed.
313 2905 374 2973 44.
399 2895 485 2956 rende
504 2897 535 2953 in
553 2895 680 2974 reliquie
695 2895 791 2954 etiam
807 2905 931 2973 recepte
949 2909 1012 2951 vox
1027 2891 1151 2954 mansit.

111 3013 320 3058 uzecnvcne.
371 2995 459 3056 Hinc
489 2995 598 3075 opinio
628 3015 666 3054 eo
685 2990 756 3076 —)
821 2993 1009 3056 Permutoto
1040 2993 1153 3054 ordine

111 3099 249 3160 incline:
280 3095 399 3177 Opinio
414 3117 452 3158 ec
469 3097 543 3156 scine
556 3093 658 3187 fidem
678 3096 774 3176 cepit.
809 3113 1010 3165 renerenve.
1062 3095 1155 3154 Prior

110 3199 209 3262 lectio
233 3195 312 3268 suit,
346 3199 421 3258 hinc
449 3197 557 3277 opinio
581 3187 695 3287 caresoe
714 3193 816 3288 fidem
840 3197 941 3274 cepit,
979 3197 1064 3276 qnod
1087 3215 1156 3257 non

111 3313 181 3362 eret
203 3299 407 3362 nectendum.
460 3289 569 3388 Causa
592 3317 650 3380 pro
674 3317 706 3358 re
728 3297 779 3357 hic
796 3298 958 3379 accipitur,
986 3299 1033 3356 uti
1055 3295 1154 3380 saepe.

112 3419 260 3463 voeeive.
313 3399 401 3462 Hinc
416 3413 541 3482 poterat
560 3401 673 3481 ntique
689 3401 846 3481 aptiorem
865 3399 973 3460 locum
992 3400 1024 3457 in
1042 3398 1157 3478 polire·

112 3523 167 3566 me
190 3513 277 3584 parte
297 3499 416 3571 sortiri,
452 3501 525 3583 quie
547 3501 587 3561 lic
608 3503 641 3561 in
666 3497 771 3562 fronte
795 3500 934 3583 positum
958 3497 1158 3562 consecutio·

111 3623 192 3667 nem
222 3605 345 3674 innuit,
379 3623 453 3664 cum
480 3602 726 3683 explicationem
758 3599 936 3686 subiunget.
997 3600 1157 3680 Equidem

112 3707 202 3768 enim
226 3705 333 3764 locum
358 3704 399 3766 fic
423 3703 587 3787 intelligo:
625 3703 746 3786 Opinio
770 3701 789 3764 s.
815 3701 897 3764 seme
927 3705 987 3780 (ut
1012 3699 1098 3783 saepe
1123 3703 1159 3762 in

111 3807 254 3880 lnslino)
279 3805 319 3868 de
334 3803 437 3876 causa,
471 3825 529 3866 cur
549 3805 690 3866 Panibue
712 3805 894 3886 Satyrieque
918 3803 1021 3883 campi
1040 3803 1086 3862 illi
1107 3803 1159 3864 ad·

113 3907 306 3977 tribuentur,
334 3907 409 3968 inde
432 3923 520 3968 nacta
537 3906 580 3968 est
602 3907 709 3976 fidem,
735 3907 822 3986 quod
851 3939 896 3952 -
940 3903 1068 3986 Nempe
1084 3925 1159 3965 cum

115 4012 202 4094 figne
225 4011 385 4078 Deorum,
411 4027 492 4090 quae
509 4005 667 4078 recenset,
691 4019 723 4068 et
739 4019 944 4069 cernerentur
963 4007 995 4067 et
1015 4007 1159 4067 audiren-

113 4125 187 4184 tur,
213 4111 287 4192 quie
303 4111 406 4174 Pence
422 4111 591 4192 Satyrique
609 4129 649 4172 ex
672 4111 838 4172 minorum
856 4109 1001 4174 Deorum
1023 4127 1162 4172 numero
