2826 4936
348 464 409 534 nn
658 455 899 513 ronronrr
936 455 1095 510 matrs

349 629 539 712 opinionem
575 625 604 689 se
638 627 812 688 deductum
840 626 900 688 eise
933 629 977 688 ait
1003 647 1042 687 ex
1068 625 1224 688 Hermolai
1246 623 1353 686 barbari

347 745 441 809 nota,
471 733 502 790 in
521 749 582 811 qna
600 732 641 790 ita
659 731 691 789 in
714 729 904 810 quibusdam
924 728 1087 790 codicibus
1107 729 1166 812 legi
1187 728 1353 788 adfirmatur.

348 831 487 894 Difficile
508 831 550 894 est
573 833 605 890 in
629 832 685 891 hac
706 831 849 892 codicum
870 829 1156 910 sententiarumque
1175 829 1355 909 discrepantia

349 933 502 995 arbitrum
523 953 614 1017 agere
636 933 769 1012 litesque
790 919 997 1014 cotupone're.
1048 931 1267 1014 Corruptionis
1286 925 1355 988 canit

348 1036 527 1116 quaerenda
557 1035 688 1094 videtur
716 1037 750 1094 in
779 1035 880 1115 prima
907 1036 1015 1104 litera,
1053 1053 1132 1114 quae
1161 1035 1194 1093 in
1216 1032 1282 1092 alias
1299 1049 1355 1089 con·
1391 1017 1392 1024 ἵ

350 1135 437 1198 versa
455 1137 539 1196 varia
554 1138 669 1216 reperit
685 1137 827 1196 nomina.
870 1127 964 1198 Forte
986 1135 1145 1196 Gotonnm
1162 1132 1182 1195 s.
1204 1133 1355 1195 Galbanum

350 1237 541 1322 legendum,
567 1237 616 1296 nti
637 1251 729 1298 vocat
752 1239 881 1298 Tacitus
902 1237 1015 1298 rinnai.
1036 1252 1068 1306 o,
1092 1238 1150 1298 oa.
1172 1249 1203 1296 et
1218 1236 1256 1294 de
1271 1233 1355 1292 Germ.

352 1359 378 1400 c.
398 1349 458 1421 45.
509 1339 589 1400 Aliis
617 1339 714 1398 iidem
737 1339 886 1400 dicuntur
914 1339 1011 1399 etiam
1033 1327 1195 1409 Γύθονες.
1229 1335 1356 1395 Guttoner

352 1441 406 1502 vel
432 1439 589 1508 Gotones,
618 1440 657 1500 de
679 1459 742 1521 quo
764 1441 829 1501 vid.
853 1439 983 1502 Cluver.
1005 1440 1038 1499 in
1062 1439 1173 1499 Germ.
1191 1449 1252 1497 ant.
1270 1449 1296 1511 5,
1314 1443 1356 1509 31¹4.

350 1563 385 1624 p.
410 1539 493 1617 625.
546 1541 668 1602 Eadem
697 1542 820 1602 illarum
854 1541 1018 1602 literarum
1054 1539 1245 1622 permutatio
1268 1533 1357 1595 invasit

351 1642 539 1708 Strabonem
569 1641 623 1703 lib.
650 1657 682 1716 7.
716 1663 747 1723 p.
772 1659 853 1706 201.
877 1641 897 1703 s.
924 1659 1007 1704 sor.
1039 1641 1096 1700 nbi
1127 1630 1279 1709 Βούτονες
1304 1653 1358 1716 pro·

352 1745 493 1806 dierunt.
545 1743 663 1804 iniecit
697 1743 779 1804 hanc
806 1744 993 1825 opinionem
1034 1743 1155 1805 codicis
1187 1731 1358 1803 Ciacconiani

351 1845 457 1915 lectio,
488 1842 647 1914 Getonrm,
677 1845 750 1925 quia
770 1835 936 1908 Gotboues
957 1844 1025 1926 poll
1044 1844 1150 1906 Gothi
1167 1841 1236 1904 suut
1254 1839 1319 1900 dicti
1335 1845 1360 1894 et

353 1965 429 2008 cum
447 1945 537 2006 Getis
560 1941 670 2026 passim
691 1958 868 2009 mutantur.
921 1946 1060 2014 Accedit,
1087 1945 1178 2025 quod
1195 1941 1287 2005 noller
1302 1938 1358 2000 Ger·

352 2047 476 2108 martiae
492 2046 584 2107 litora
600 2061 844 2117 cotnmemorat,
866 2060 899 2106 et
915 2047 1083 2108 Gotbones
1099 2048 1133 2107 in
1150 2047 1241 2108 litore
1256 2037 1359 2106 Suerici

351 2149 447 2208 maris
462 2166 478 2206 a
493 2147 617 2226 Pythea
635 2163 802 2228 ponuntur
818 2147 891 2210 teile
908 2149 1015 2212 Plinio
1034 2163 1091 2226 37.
1114 2167 1171 2211 ιι.
1188 2145 1208 2209 l.
1230 2167 1254 2208 ι.
1285 2139 1358 2204 Deul-

352 2267 414 2330 quo
429 2267 519 2332 reges
533 2247 688 2320 babuisse,
721 2251 814 2311 docet
830 2251 961 2310 Tacitus
976 2251 1009 2308 in
1032 2249 1198 2330 polleriori
1218 2249 1296 2314 loco,
1317 2238 1358 2299 ubi

353 2348 466 2410 diserte
498 2349 627 2410 illorum
660 2371 732 2434 erga
766 2370 855 2434 reges
881 2348 1068 2431 obsequium
1093 2351 1263 2431 praedicat.
1304 2341 1358 2407 Sed,

352 2451 442 2532 quod
469 2450 551 2518 dixi,
591 2452 669 2511 certi
699 2453 817 2532 aliquid
843 2451 932 2512 llatui
957 2471 1022 2512 uon
1055 2451 1172 2532 potell.
1224 2445 1358 2512 Adsentior

353 2553 472 2614 interea
488 2551 662 2613 Preinoldio
679 2555 711 2612 in
727 2555 860 2614 nomine
875 2549 1036 2622 Boiorum,
1058 2554 1148 2634 quod
1171 2551 1297 2634 probant
1310 2561 1358 2604 rue·

352 2654 446 2717 liores
469 2653 552 2716 libri.
586 2653 650 2716 Pro
668 2666 783 2715 terram
802 2639 926 2716 vitiose¹
941 2653 1079 2721 Vindob.
1095 2652 1195 2716 habet
1212 2665 1303 2714 trans.
1391 2719 1392 2738 ,

427 2846 649 2947 cognosse)
668 2843 672 2851 ’
699 2859 751 2920 Sic
768 2859 893 2921 codices
909 2859 976 2921 mei
998 2858 1155 2939 plerique,
1182 2869 1214 2918 et
1232 2852 1360 2916 editiones

353 2977 484 3030 omnes;
514 2952 871 3050 tantnm1.c0gnosce.
921 2961 983 3022 Sed
1001 2959 1107 3020 (libis.
1131 2959 1268 3040 llehdig.
1289 2953 1360 3029 Pras.
1391 2943 1392 3006 i

353 3051 547 3146 cognouiffir,
578 3059 655 3120 sicut
681 3060 765 3122 inter
796 3075 968 3142 utrumque
991 3061 1184 3120 fluctuantur
1209 3057 1276 3117 libri
1296 3047 1362 3133 apud
1391 3117 1392 3126 χ

352 3159 454 3221 Valer.
477 3160 563 3221 Max.
588 3161 622 3236 6,
649 3172 681 3238 8,
706 3164 740 3226 6.
793 3163 839 3222 lta
859 3163 969 3223 similia
991 3163 1077 3222 varie
1100 3161 1275 3222 efferuntur
1295 3149 1362 3234 apud

353 3257 563 3341 Ciceronem,
596 3262 697 3322 veluti
725 3261 889 3356 irrdicaefiis
910 3263 945 3323 in
969 3263 1096 3324 Catilin.
1115 3273 1150 3342 q,
1172 3275 1205 3340 5.
1234 3253 1363 3318 serverin

354 3360 394 3420 de
419 3362 563 3441 provinc.
592 3361 710 3425 consul.
733 3383 760 3425 c.
786 3385 839 3426 ιι.
865 3363 1010 3434 donarit,
1035 3383 1092 3445 pro
1116 3363 1217 3423 Balbo
1236 3379 1262 3421 c.
1278 3369 1308 3434 8·
1327 3354 1361 3410 il·

353 3453 549 3552 consuerunt,
572 3464 606 3524 in
626 3467 729 3527 Vatin.
744 3485 770 3526 c.
788 3484 840 3528 to.
858 3467 902 3526 in.
920 3479 953 3526 et
969 3465 1036 3527 alia.
1068 3465 1155 3526 llaec
1169 3475 1273 3524 autem
1285 3451 1363 3518 nostri

352 3564 444 3624 verbi
464 3559 565 3624 forma
585 3567 681 3625 etiam
703 3566 741 3626 ab
758 3567 826 3626 aliis
848 3565 1072 3647 frequentatur,
1094 3587 1111 3626 e
1127 3563 1243 3646 quibus
1257 3557 1293 3620 cs.
1308 3555 1362 3618 Cic·

353 3665 392 3724 ad
410 3662 523 3726 divers.
545 3679 599 3744 13,
623 3667 657 3728 6.
672 3663 694 3728 s.
728 3667 839 3750 Nepos
858 3670 892 3728 in
909 3665 1068 3746 Lysandro
1087 3682 1166 3728 extr.
1190 3677 1223 3725 et
1237 3663 1363 3723 Eumene

353 3782 420 3846 ⁰³P·
440 3778 471 3842 5·
493 3773 527 3846 4·
563 3767 636 3828 Lir.
654 3783 710 3838 22,
729 3781 761 3844 5,
787 3787 817 3829 o.
846 3783 878 3830 et
901 3767 1063 3829 Drakenb.
1081 3767 1119 3828 ad
1142 3777 1179 3846 4,
1201 3781 1253 3843 19.
1270 3764 1310 3822 in.
1338 3765 1363 3814 el

354 3879 413 3935 oo,
433 3879 466 3944 5,
492 3885 523 3928 a.
559 3867 613 3926 ubi
636 3867 729 3929 docet
753 3871 884 3930 Livium
907 3869 964 3929 hac
983 3867 1073 3929 verbi
1093 3866 1302 3930 contractione
1322 3856 1363 3916 dt·

349 3965 467 4028 lectari.
511 3967 644 4030 Praestat
666 3970 764 4052 igitur
788 3971 840 4031 bic
858 3969 940 4050 sequi
957 3971 1096 4050 plurium
1118 3969 1264 4030 codicum
1278 3959 1362 4021 irrisu·

346 4068 416 4152 gia,
449 4069 482 4129 in
506 4070 616 4148 primis
638 4089 712 4129 cum
737 4073 865 4131 Livium
891 4073 922 4131 iu
946 4071 996 4131 his
1015 4071 1131 4131 imitari
1153 4067 1255 4130 noller
1275 4063 1360 4124 soleat.

347 4183 379 4230 et
403 4169 479 4230 alibi
502 4173 733 4233 contractiones
757 4173 914 4234 adhibeat.
969 4171 1124 4235 Ceterum
1150 4171 1260 4233 Vener.
1280 4158 1361 4245 reqw'·
