<?xml version="1.0" encoding="UTF-8"?>
<!DOCTYPE html PUBLIC "-//W3C//DTD XHTML 1.0 Transitional//EN"
    "http://www.w3.org/TR/xhtml1/DTD/xhtml1-transitional.dtd">
<html xmlns="http://www.w3.org/1999/xhtml" xml:lang="en" lang="en">
 <head>
  <title>
</title>
<meta http-equiv="Content-Type" content="text/html;charset=utf-8" />
  <meta name='ocr-system' content='tesseract 3.04.00' />
  <meta name='ocr-capabilities' content='ocr_page ocr_carea ocr_par ocr_line ocrx_word'/>
</head>
<body>
  <div class='ocr_page' id='page_1' title='image "./pomponiimelaede05melagoog_0868.png"; bbox 0 0 2836 4940; ppageno 0'>
   <div class='ocr_carea' id='block_1_1' title="bbox 340 431 1081 512">
    <p class='ocr_par' dir='ltr' id='par_1_1' title="bbox 340 431 1081 512">
     <span class='ocr_line' id='line_1_1' title="bbox 340 431 1081 512; baseline -0.005 -20"><span class='ocrx_word' id='word_1_1' title='bbox 340 439 402 512; x_wconf 69' lang='lat' dir='ltr'>aas</span> <span class='ocrx_word' id='word_1_2' title='bbox 639 431 882 492; x_wconf 81' lang='lat' dir='ltr'>rourouu</span> <span class='ocrx_word' id='word_1_3' title='bbox 922 433 1081 490; x_wconf 78' lang='lat' dir='ltr'>matra</span> 
     </span>
    </p>
   </div>
   <div class='ocr_carea' id='block_1_2' title="bbox 342 603 1342 4244">
    <p class='ocr_par' dir='ltr' id='par_1_2' title="bbox 342 603 1342 4244">
     <span class='ocr_line' id='line_1_2' title="bbox 342 603 1336 694; baseline -0.008 -24"><span class='ocrx_word' id='word_1_4' title='bbox 342 609 436 694; x_wconf 88' lang='lat' dir='ltr'>plane</span> <span class='ocrx_word' id='word_1_5' title='bbox 466 607 603 694; x_wconf 73' lang='lat' dir='ltr'>ignorat.</span> <span class='ocrx_word' id='word_1_6' title='bbox 652 607 739 672; x_wconf 85' lang='lat' dir='ltr'>Haec</span> <span class='ocrx_word' id='word_1_7' title='bbox 763 607 893 690; x_wconf 85' lang='lat' dir='ltr'>quidem</span> <span class='ocrx_word' id='word_1_8' title='bbox 916 607 1107 690; x_wconf 75' lang='lat' dir='ltr'>patrocinari</span> <span class='ocrx_word' id='word_1_9' title='bbox 1130 603 1283 670; x_wconf 79' lang='lat' dir='ltr'>lleinoldio</span> <span class='ocrx_word' id='word_1_10' title='bbox 1300 604 1336 662; x_wconf 84' lang='lat' dir='ltr'>ri·</span> 
     </span>
     <span class='ocr_line' id='line_1_3' title="bbox 343 705 1335 792; baseline -0.01 -20"><span class='ocrx_word' id='word_1_11' title='bbox 343 713 471 773; x_wconf 86' lang='lat' dir='ltr'>deutur.</span> <span class='ocrx_word' id='word_1_12' title='bbox 522 711 563 773; x_wconf 77' lang='lat' dir='ltr'>At</span> <span class='ocrx_word' id='word_1_13' title='bbox 589 707 703 780; x_wconf 78' lang='lat' dir='ltr'>obstet,</span> <span class='ocrx_word' id='word_1_14' title='bbox 736 711 824 792; x_wconf 90' lang='lat' dir='ltr'>quod</span> <span class='ocrx_word' id='word_1_15' title='bbox 851 707 931 770; x_wconf 88' lang='lat' dir='ltr'>insra</span> <span class='ocrx_word' id='word_1_16' title='bbox 956 709 995 771; x_wconf 87' lang='lat' dir='ltr'>ad</span> <span class='ocrx_word' id='word_1_17' title='bbox 1020 711 1158 772; x_wconf 87' lang='lat' dir='ltr'>Tamum</span> <span class='ocrx_word' id='word_1_18' title='bbox 1178 706 1247 788; x_wconf 88' lang='lat' dir='ltr'>(ubi</span> <span class='ocrx_word' id='word_1_19' title='bbox 1264 705 1335 767; x_wconf 87' lang='lat' dir='ltr'>stiam</span> 
     </span>
     <span class='ocr_line' id='line_1_4' title="bbox 343 807 1336 894; baseline -0.011 -21"><span class='ocrx_word' id='word_1_20' title='bbox 343 811 468 874; x_wconf 82' lang='lat' dir='ltr'>Imaum</span> <span class='ocrx_word' id='word_1_21' title='bbox 484 809 637 874; x_wconf 89' lang='lat' dir='ltr'>subslituit</span> <span class='ocrx_word' id='word_1_22' title='bbox 652 811 859 888; x_wconf 81' lang='lat' dir='ltr'>lleinolrlius)</span> <span class='ocrx_word' id='word_1_23' title='bbox 879 813 972 894; x_wconf 88' lang='lat' dir='ltr'>ponit</span> <span class='ocrx_word' id='word_1_24' title='bbox 987 809 1130 891; x_wconf 77' lang='lat' dir='ltr'>Chrysen</span> <span class='ocrx_word' id='word_1_25' title='bbox 1146 821 1176 870; x_wconf 90' lang='lat' dir='ltr'>et</span> <span class='ocrx_word' id='word_1_26' title='bbox 1189 809 1223 868; x_wconf 90' lang='lat' dir='ltr'>ad</span> <span class='ocrx_word' id='word_1_27' title='bbox 1234 807 1336 887; x_wconf 78' lang='lat' dir='ltr'><strong>Gangen</strong></span> 
     </span>
     <span class='ocr_line' id='line_1_5' title="bbox 342 905 1336 997; baseline -0.014 -19"><span class='ocrx_word' id='word_1_28' title='bbox 342 914 498 997; x_wconf 79' lang='lat' dir='ltr'>Argyren.</span> <span class='ocrx_word' id='word_1_29' title='bbox 552 913 619 974; x_wconf 89' lang='lat' dir='ltr'>lam</span> <span class='ocrx_word' id='word_1_30' title='bbox 642 931 718 974; x_wconf 87' lang='lat' dir='ltr'>vero</span> <span class='ocrx_word' id='word_1_31' title='bbox 740 933 791 976; x_wconf 91' lang='lat' dir='ltr'>eas</span> <span class='ocrx_word' id='word_1_32' title='bbox 812 911 926 976; x_wconf 88' lang='lat' dir='ltr'>insulas</span> <span class='ocrx_word' id='word_1_33' title='bbox 946 927 1033 976; x_wconf 83' lang='lat' dir='ltr'>extra</span> <span class='ocrx_word' id='word_1_34' title='bbox 1054 911 1166 974; x_wconf 80' lang='lat' dir='ltr'>ossium</span> <span class='ocrx_word' id='word_1_35' title='bbox 1188 909 1252 970; x_wconf 90' lang='lat' dir='ltr'>lodi</span> <span class='ocrx_word' id='word_1_36' title='bbox 1268 905 1336 990; x_wconf 90' lang='lat' dir='ltr'>ponit</span> 
     </span>
     <span class='ocr_line' id='line_1_6' title="bbox 343 1011 1335 1098; baseline -0.013 -20"><span class='ocrx_word' id='word_1_37' title='bbox 343 1013 468 1078; x_wconf 84' lang='lat' dir='ltr'>Plinius</span> <span class='ocrx_word' id='word_1_38' title='bbox 484 1015 517 1086; x_wconf 85' lang='lat'>6,</span> <span class='ocrx_word' id='word_1_39' title='bbox 540 1027 598 1092; x_wconf 79' lang='lat'>23.</span> <span class='ocrx_word' id='word_1_40' title='bbox 615 1011 636 1076; x_wconf 90' lang='lat' dir='ltr'>s.</span> <span class='ocrx_word' id='word_1_41' title='bbox 655 1031 712 1078; x_wconf 83' lang='lat' dir='ltr'>at.</span> <span class='ocrx_word' id='word_1_42' title='bbox 751 1013 863 1098; x_wconf 80' lang='lat' dir='ltr'>Neque</span> <span class='ocrx_word' id='word_1_43' title='bbox 880 1035 953 1076; x_wconf 89' lang='lat' dir='ltr'>cum</span> <span class='ocrx_word' id='word_1_44' title='bbox 969 1015 1108 1078; x_wconf 88' lang='lat' dir='ltr'>Cellario</span> <span class='ocrx_word' id='word_1_45' title='bbox 1127 1015 1159 1074; x_wconf 91' lang='lat' dir='ltr'>in</span> <span class='ocrx_word' id='word_1_46' title='bbox 1174 1011 1278 1094; x_wconf 80' lang='lat' dir='ltr'>Geogr.</span> <span class='ocrx_word' id='word_1_47' title='bbox 1290 1019 1335 1066; x_wconf 86' lang='lat' dir='ltr'>aut</span> 
     </span>
     <span class='ocr_line' id='line_1_7' title="bbox 346 1111 1334 1200; baseline -0.004 -19"><span class='ocrx_word' id='word_1_48' title='bbox 346 1129 379 1196; x_wconf 79' lang='lat'>3,</span> <span class='ocrx_word' id='word_1_49' title='bbox 404 1129 460 1194; x_wconf 80' lang='lat'>23,</span> <span class='ocrx_word' id='word_1_50' title='bbox 483 1127 543 1196; x_wconf 76' lang='lat'>45.</span> <span class='ocrx_word' id='word_1_51' title='bbox 566 1115 767 1196; x_wconf 90' lang='lat' dir='ltr'>quaesierim,</span> <span class='ocrx_word' id='word_1_52' title='bbox 798 1115 947 1200; x_wconf 79' lang='lat' dir='ltr'>quorsum</span> <span class='ocrx_word' id='word_1_53' title='bbox 972 1117 1053 1176; x_wconf 90' lang='lat' dir='ltr'>illud</span> <span class='ocrx_word' id='word_1_54' title='bbox 1073 1114 1184 1178; x_wconf 87' lang='lat' dir='ltr'>ollium</span> <span class='ocrx_word' id='word_1_55' title='bbox 1203 1111 1334 1196; x_wconf 68' lang='lat' dir='ltr'>pertingat·</span> 
     </span>
     <span class='ocr_line' id='line_1_8' title="bbox 344 1209 1335 1302; baseline -0.015 -22"><span class='ocrx_word' id='word_1_56' title='bbox 344 1237 418 1280; x_wconf 82' lang='lat' dir='ltr'>cum</span> <span class='ocrx_word' id='word_1_57' title='bbox 441 1221 475 1278; x_wconf 94' lang='lat' dir='ltr'>in</span> <span class='ocrx_word' id='word_1_58' title='bbox 495 1219 640 1300; x_wconf 80' lang='lat' dir='ltr'><strong>proxime</strong></span> <span class='ocrx_word' id='word_1_59' title='bbox 659 1217 919 1302; x_wconf 68' lang='lat' dir='ltr'>praecedentibus</span> <span class='ocrx_word' id='word_1_60' title='bbox 933 1219 1063 1280; x_wconf 80' lang='lat' dir='ltr'><strong>Patalen</strong></span> <span class='ocrx_word' id='word_1_61' title='bbox 1079 1218 1114 1277; x_wconf 90' lang='lat' dir='ltr'>in</span> <span class='ocrx_word' id='word_1_62' title='bbox 1135 1215 1203 1296; x_wconf 83' lang='lat' dir='ltr'>ipfis</span> <span class='ocrx_word' id='word_1_63' title='bbox 1217 1214 1278 1274; x_wconf 89' lang='lat' dir='ltr'>ludi</span> <span class='ocrx_word' id='word_1_64' title='bbox 1292 1209 1335 1268; x_wconf 88' lang='lat' dir='ltr'>sm·</span> 
     </span>
     <span class='ocr_line' id='line_1_9' title="bbox 345 1313 1335 1404; baseline -0.014 -22"><span class='ocrx_word' id='word_1_65' title='bbox 345 1319 437 1382; x_wconf 85' lang='lat' dir='ltr'>cibus</span> <span class='ocrx_word' id='word_1_66' title='bbox 461 1335 711 1390; x_wconf 84' lang='lat' dir='ltr'>commemoret,</span> <span class='ocrx_word' id='word_1_67' title='bbox 745 1321 829 1402; x_wconf 85' lang='lat' dir='ltr'>quod</span> <span class='ocrx_word' id='word_1_68' title='bbox 852 1319 936 1404; x_wconf 80' lang='lat' dir='ltr'>apurl</span> <span class='ocrx_word' id='word_1_69' title='bbox 964 1319 1112 1382; x_wconf 83' lang='lat' dir='ltr'>nostrum</span> <span class='ocrx_word' id='word_1_70' title='bbox 1142 1314 1216 1378; x_wconf 88' lang='lat' dir='ltr'>insra</span> <span class='ocrx_word' id='word_1_71' title='bbox 1236 1313 1335 1374; x_wconf 87' lang='lat' dir='ltr'>dicitur:</span> 
     </span>
     <span class='ocr_line' id='line_1_10' title="bbox 344 1411 1336 1514; baseline -0.01 -32"><span class='ocrx_word' id='word_1_72' title='bbox 344 1419 433 1482; x_wconf 83' lang='lat' dir='ltr'>intra</span> <span class='ocrx_word' id='word_1_73' title='bbox 456 1411 527 1512; x_wconf 83' lang='lat' dir='ltr'>ipsa</span> <span class='ocrx_word' id='word_1_74' title='bbox 550 1419 641 1514; x_wconf 68' lang='lat' dir='ltr'>ostia</span> <span class='ocrx_word' id='word_1_75' title='bbox 693 1424 740 1484; x_wconf 86' lang='lat' dir='ltr'>lta</span> <span class='ocrx_word' id='word_1_76' title='bbox 759 1421 919 1484; x_wconf 76' lang='lat' dir='ltr'>Nearchus</span> <span class='ocrx_word' id='word_1_77' title='bbox 935 1435 966 1484; x_wconf 89' lang='lat' dir='ltr'>et</span> <span class='ocrx_word' id='word_1_78' title='bbox 985 1420 1180 1484; x_wconf 72' lang='lat' dir='ltr'>Onesicritus</span> <span class='ocrx_word' id='word_1_79' title='bbox 1198 1417 1268 1498; x_wconf 86' lang='lat' dir='ltr'>apud</span> <span class='ocrx_word' id='word_1_80' title='bbox 1282 1415 1336 1474; x_wconf 82' lang='lat' dir='ltr'>Cur·</span> 
     </span>
     <span class='ocr_line' id='line_1_11' title="bbox 344 1513 1337 1606; baseline -0.012 -24"><span class='ocrx_word' id='word_1_81' title='bbox 344 1523 428 1582; x_wconf 88' lang='lat' dir='ltr'>tium</span> <span class='ocrx_word' id='word_1_82' title='bbox 451 1541 503 1594; x_wconf 93' lang='lat' dir='ltr'>ro,</span> <span class='ocrx_word' id='word_1_83' title='bbox 528 1543 555 1594; x_wconf 94' lang='lat' dir='ltr'>t,</span> <span class='ocrx_word' id='word_1_84' title='bbox 579 1543 632 1584; x_wconf 90' lang='lat' dir='ltr'>tt.</span> <span class='ocrx_word' id='word_1_85' title='bbox 655 1525 845 1585; x_wconf 79' lang='lat' dir='ltr'>nunciarunt</span> <span class='ocrx_word' id='word_1_86' title='bbox 864 1543 902 1585; x_wconf 88' lang='lat' dir='ltr'>ex</span> <span class='ocrx_word' id='word_1_87' title='bbox 921 1523 1131 1606; x_wconf 82' lang='lat' dir='ltr'>navigatione</span> <span class='ocrx_word' id='word_1_88' title='bbox 1150 1519 1265 1580; x_wconf 78' lang='lat' dir='ltr'>reduces</span> <span class='ocrx_word' id='word_1_89' title='bbox 1278 1513 1337 1579; x_wconf 84' lang='lat' dir='ltr'>sacti,</span> 
     </span>
     <span class='ocr_line' id='line_1_12' title="bbox 344 1612 1338 1717; baseline -0.016 -31"><span class='ocrx_word' id='word_1_90' title='bbox 344 1612 479 1713; x_wconf 70' lang='lat' dir='ltr'>insulam</span> <span class='ocrx_word' id='word_1_91' title='bbox 502 1623 583 1716; x_wconf 83' lang='lat' dir='ltr'>ostio</span> <span class='ocrx_word' id='word_1_92' title='bbox 606 1627 709 1690; x_wconf 74' lang='lat' dir='ltr'>astruis</span> <span class='ocrx_word' id='word_1_93' title='bbox 720 1616 895 1717; x_wconf 75' lang='lat' dir='ltr'>fitblectam</span> <span class='ocrx_word' id='word_1_94' title='bbox 912 1645 990 1686; x_wconf 87' lang='lat' dir='ltr'>auro</span> <span class='ocrx_word' id='word_1_95' title='bbox 1008 1621 1181 1684; x_wconf 78' lang='lat' dir='ltr'>abundare.</span> <span class='ocrx_word' id='word_1_96' title='bbox 1227 1618 1338 1680; x_wconf 82' lang='lat' dir='ltr'>Plinium</span> 
     </span>
     <span class='ocr_line' id='line_1_13' title="bbox 344 1723 1338 1808; baseline -0.005 -21"><span class='ocrx_word' id='word_1_97' title='bbox 344 1745 385 1788; x_wconf 84' lang='lat' dir='ltr'>ex</span> <span class='ocrx_word' id='word_1_98' title='bbox 416 1745 506 1786; x_wconf 90' lang='lat' dir='ltr'>mors</span> <span class='ocrx_word' id='word_1_99' title='bbox 540 1723 678 1808; x_wconf 88' lang='lat' dir='ltr'>sequitur</span> <span class='ocrx_word' id='word_1_100' title='bbox 710 1727 838 1790; x_wconf 67' lang='lat' dir='ltr'>¹Solinus</span> <span class='ocrx_word' id='word_1_101' title='bbox 863 1747 889 1788; x_wconf 90' lang='lat' dir='ltr'>c.</span> <span class='ocrx_word' id='word_1_102' title='bbox 917 1727 940 1789; x_wconf 91' lang='lat' dir='ltr'>l.</span> <span class='ocrx_word' id='word_1_103' title='bbox 976 1727 1050 1788; x_wconf 90' lang='lat' dir='ltr'>Scio</span> <span class='ocrx_word' id='word_1_104' title='bbox 1079 1725 1238 1806; x_wconf 86' lang='lat' dir='ltr'>equidem,</span> <span class='ocrx_word' id='word_1_105' title='bbox 1269 1733 1338 1798; x_wconf 85' lang='lat' dir='ltr'>quan</span> 
     </span>
     <span class='ocr_line' id='line_1_14' title="bbox 345 1819 1339 1910; baseline -0.014 -22"><span class='ocrx_word' id='word_1_106' title='bbox 345 1825 464 1888; x_wconf 82' lang='lat' dir='ltr'>lubrica</span> <span class='ocrx_word' id='word_1_107' title='bbox 484 1825 560 1888; x_wconf 82' lang='lat' dir='ltr'>baec</span> <span class='ocrx_word' id='word_1_108' title='bbox 583 1829 684 1889; x_wconf 84' lang='lat' dir='ltr'>videri</span> <span class='ocrx_word' id='word_1_109' title='bbox 705 1823 824 1910; x_wconf 80' lang='lat' dir='ltr'>polstnt</span> <span class='ocrx_word' id='word_1_110' title='bbox 842 1829 875 1888; x_wconf 85' lang='lat' dir='ltr'>in</span> <span class='ocrx_word' id='word_1_111' title='bbox 897 1841 982 1888; x_wconf 85' lang='lat' dir='ltr'>tanta</span> <span class='ocrx_word' id='word_1_112' title='bbox 998 1827 1037 1888; x_wconf 88' lang='lat' dir='ltr'>de</span> <span class='ocrx_word' id='word_1_113' title='bbox 1063 1828 1185 1888; x_wconf 88' lang='lat' dir='ltr'>illarum</span> <span class='ocrx_word' id='word_1_114' title='bbox 1205 1819 1339 1882; x_wconf 84' lang='lat' dir='ltr'>insularum</span> 
     </span>
     <span class='ocr_line' id='line_1_15' title="bbox 343 1917 1339 2010; baseline -0.01 -22"><span class='ocrx_word' id='word_1_115' title='bbox 343 1927 404 1988; x_wconf 77' lang='lat' dir='ltr'>orn</span> <span class='ocrx_word' id='word_1_116' title='bbox 425 1927 668 2010; x_wconf 63' lang='lat' dir='ltr'>disceptatione,</span> <span class='ocrx_word' id='word_1_117' title='bbox 699 1949 793 2010; x_wconf 90' lang='lat' dir='ltr'>quam</span> <span class='ocrx_word' id='word_1_118' title='bbox 817 1929 893 1990; x_wconf 88' lang='lat' dir='ltr'>alibi</span> <span class='ocrx_word' id='word_1_119' title='bbox 914 1927 969 1990; x_wconf 91' lang='lat' dir='ltr'>suo</span> <span class='ocrx_word' id='word_1_120' title='bbox 991 1928 1064 1990; x_wconf 89' lang='lat' dir='ltr'>loco</span> <span class='ocrx_word' id='word_1_121' title='bbox 1084 1927 1277 1990; x_wconf 83' lang='lat' dir='ltr'>exctttiemus.</span> <span class='ocrx_word' id='word_1_122' title='bbox 1315 1917 1339 1978; x_wconf 84' lang='lat' dir='ltr'>Si</span> 
     </span>
     <span class='ocr_line' id='line_1_16' title="bbox 344 2021 1338 2116; baseline -0.012 -28"><span class='ocrx_word' id='word_1_123' title='bbox 344 2039 451 2090; x_wconf 88' lang='lat' dir='ltr'>tameu</span> <span class='ocrx_word' id='word_1_124' title='bbox 474 2025 584 2090; x_wconf 88' lang='lat' dir='ltr'>seriem</span> <span class='ocrx_word' id='word_1_125' title='bbox 608 2027 846 2116; x_wconf 75' lang='lat' dir='ltr'>progressionis,</span> <span class='ocrx_word' id='word_1_126' title='bbox 875 2027 1070 2112; x_wconf 79' lang='lat' dir='ltr'>quemfecit</span> <span class='ocrx_word' id='word_1_127' title='bbox 1093 2029 1191 2096; x_wconf 86' lang='lat' dir='ltr'>Mela,</span> <span class='ocrx_word' id='word_1_128' title='bbox 1220 2021 1338 2104; x_wconf 65' lang='lat' dir='ltr'>respicias,</span> 
     </span>
     <span class='ocr_line' id='line_1_17' title="bbox 342 2127 1338 2213; baseline -0.005 -23"><span class='ocrx_word' id='word_1_129' title='bbox 342 2127 376 2190; x_wconf 86' lang='lat' dir='ltr'>in</span> <span class='ocrx_word' id='word_1_130' title='bbox 402 2131 536 2213; x_wconf 75' lang='lat' dir='ltr'>Argyres</span> <span class='ocrx_word' id='word_1_131' title='bbox 564 2130 637 2198; x_wconf 77' lang='lat' dir='ltr'>situ,</span> <span class='ocrx_word' id='word_1_132' title='bbox 672 2146 705 2193; x_wconf 90' lang='lat' dir='ltr'>et</span> <span class='ocrx_word' id='word_1_133' title='bbox 735 2132 816 2192; x_wconf 90' lang='lat' dir='ltr'>banc</span> <span class='ocrx_word' id='word_1_134' title='bbox 842 2131 978 2194; x_wconf 76' lang='lat' dir='ltr'>Auream</span> <span class='ocrx_word' id='word_1_135' title='bbox 1009 2127 1238 2194; x_wconf 79' lang='lat' dir='ltr'>Chersonesum</span> <span class='ocrx_word' id='word_1_136' title='bbox 1263 2135 1338 2206; x_wconf 70' lang='lat' dir='ltr'>pulta</span> 
     </span>
     <span class='ocr_line' id='line_1_18' title="bbox 342 2219 1338 2316; baseline -0.012 -26"><span class='ocrx_word' id='word_1_137' title='bbox 342 2229 468 2292; x_wconf 82' lang='lat' dir='ltr'>valtlea</span> <span class='ocrx_word' id='word_1_138' title='bbox 489 2228 699 2312; x_wconf 82' lang='lat' dir='ltr'>superioribus</span> <span class='ocrx_word' id='word_1_139' title='bbox 722 2233 877 2316; x_wconf 88' lang='lat' dir='ltr'>discrepat</span> <span class='ocrx_word' id='word_1_140' title='bbox 907 2231 1022 2294; x_wconf 86' lang='lat' dir='ltr'>noller.</span> <span class='ocrx_word' id='word_1_141' title='bbox 1076 2231 1200 2310; x_wconf 88' lang='lat' dir='ltr'>Nempe</span> <span class='ocrx_word' id='word_1_142' title='bbox 1223 2241 1296 2286; x_wconf 89' lang='lat' dir='ltr'>antea</span> <span class='ocrx_word' id='word_1_143' title='bbox 1311 2219 1338 2280; x_wconf 85' lang='lat' dir='ltr'>ab</span> 
     </span>
     <span class='ocr_line' id='line_1_19' title="bbox 342 2327 1337 2416; baseline -0.008 -24"><span class='ocrx_word' id='word_1_144' title='bbox 342 2329 423 2392; x_wconf 90' lang='lat' dir='ltr'>lodo</span> <span class='ocrx_word' id='word_1_145' title='bbox 443 2331 617 2416; x_wconf 76' lang='lat' dir='ltr'>progressus</span> <span class='ocrx_word' id='word_1_146' title='bbox 639 2333 747 2394; x_wconf 89' lang='lat' dir='ltr'>Indiae</span> <span class='ocrx_word' id='word_1_147' title='bbox 768 2335 846 2396; x_wconf 86' lang='lat' dir='ltr'>fines</span> <span class='ocrx_word' id='word_1_148' title='bbox 865 2335 1001 2404; x_wconf 84' lang='lat' dir='ltr'>indicat,</span> <span class='ocrx_word' id='word_1_149' title='bbox 1027 2334 1098 2416; x_wconf 86' lang='lat' dir='ltr'>poll</span> <span class='ocrx_word' id='word_1_150' title='bbox 1117 2327 1236 2393; x_wconf 85' lang='lat' dir='ltr'>inverso</span> <span class='ocrx_word' id='word_1_151' title='bbox 1255 2327 1337 2388; x_wconf 85' lang='lat' dir='ltr'>ordint</span> 
     </span>
     <span class='ocr_line' id='line_1_20' title="bbox 343 2425 1338 2516; baseline -0.006 -24"><span class='ocrx_word' id='word_1_152' title='bbox 343 2431 497 2516; x_wconf 80' lang='lat' dir='ltr'>prolixius</span> <span class='ocrx_word' id='word_1_153' title='bbox 519 2429 663 2498; x_wconf 75' lang='lat' dir='ltr'>(iusserat.</span> <span class='ocrx_word' id='word_1_154' title='bbox 701 2435 978 2498; x_wconf 81' lang='lat' dir='ltr'>Commemoravit</span> <span class='ocrx_word' id='word_1_155' title='bbox 1000 2448 1108 2496; x_wconf 84' lang='lat' dir='ltr'>aurern</span> <span class='ocrx_word' id='word_1_156' title='bbox 1131 2431 1250 2498; x_wconf 79' lang='lat' dir='ltr'>Indum,</span> <span class='ocrx_word' id='word_1_157' title='bbox 1278 2425 1338 2486; x_wconf 82' lang='lat' dir='ltr'>Gau·</span> 
     </span>
     <span class='ocr_line' id='line_1_21' title="bbox 343 2531 1337 2618; baseline -0.009 -24"><span class='ocrx_word' id='word_1_158' title='bbox 343 2555 413 2614; x_wconf 75' lang='lat' dir='ltr'>gen,</span> <span class='ocrx_word' id='word_1_159' title='bbox 441 2533 565 2606; x_wconf 78' lang='lat' dir='ltr'>Colida,</span> <span class='ocrx_word' id='word_1_160' title='bbox 595 2535 728 2608; x_wconf 82' lang='lat' dir='ltr'>Cudum,</span> <span class='ocrx_word' id='word_1_161' title='bbox 755 2555 834 2618; x_wconf 89' lang='lat' dir='ltr'>quae</span> <span class='ocrx_word' id='word_1_162' title='bbox 856 2551 978 2618; x_wconf 87' lang='lat' dir='ltr'>praeter</span> <span class='ocrx_word' id='word_1_163' title='bbox 999 2535 1130 2598; x_wconf 80' lang='lat' dir='ltr'>Curium</span> <span class='ocrx_word' id='word_1_164' title='bbox 1151 2531 1260 2616; x_wconf 82' lang='lat' dir='ltr'>lingula</span> <span class='ocrx_word' id='word_1_165' title='bbox 1276 2539 1337 2604; x_wconf 74' lang='lat' dir='ltr'>repe</span> 
     </span>
     <span class='ocr_line' id='line_1_22' title="bbox 343 2633 1338 2716; baseline -0.009 -20"><span class='ocrx_word' id='word_1_166' title='bbox 343 2647 473 2709; x_wconf 59' lang='lat' dir='ltr'>tuntum</span> <span class='ocrx_word' id='word_1_167' title='bbox 498 2635 572 2698; x_wconf 88' lang='lat' dir='ltr'>bulo</span> <span class='ocrx_word' id='word_1_168' title='bbox 584 2637 672 2700; x_wconf 87' lang='lat' dir='ltr'>enim</span> <span class='ocrx_word' id='word_1_169' title='bbox 686 2658 773 2700; x_wconf 85' lang='lat' dir='ltr'>nuuc</span> <span class='ocrx_word' id='word_1_170' title='bbox 786 2637 977 2700; x_wconf 80' lang='lat' dir='ltr'>substituitur</span> <span class='ocrx_word' id='word_1_171' title='bbox 997 2636 1125 2706; x_wconf 86' lang='lat' dir='ltr'>Tamus,</span> <span class='ocrx_word' id='word_1_172' title='bbox 1148 2633 1228 2716; x_wconf 91' lang='lat' dir='ltr'>quod</span> <span class='ocrx_word' id='word_1_173' title='bbox 1248 2643 1338 2691; x_wconf 75' lang='lat' dir='ltr'>nostru</span> 
     </span>
     <span class='ocr_line' id='line_1_23' title="bbox 345 2735 1339 2814; baseline -0.009 -16"><span class='ocrx_word' id='word_1_174' title='bbox 345 2755 421 2798; x_wconf 86' lang='lat' dir='ltr'>cum</span> <span class='ocrx_word' id='word_1_175' title='bbox 436 2751 468 2800; x_wconf 91' lang='lat' dir='ltr'>et</span> <span class='ocrx_word' id='word_1_176' title='bbox 487 2735 567 2800; x_wconf 87' lang='lat' dir='ltr'>iusra</span> <span class='ocrx_word' id='word_1_177' title='bbox 581 2751 729 2802; x_wconf 85' lang='lat' dir='ltr'>tucantur</span> <span class='ocrx_word' id='word_1_178' title='bbox 746 2739 830 2810; x_wconf 91' lang='lat' dir='ltr'>libri,</span> <span class='ocrx_word' id='word_1_179' title='bbox 852 2737 975 2802; x_wconf 76' lang='lat' dir='ltr'>Curiana</span> <span class='ocrx_word' id='word_1_180' title='bbox 991 2739 1120 2800; x_wconf 76' lang='lat' dir='ltr'>uidetur</span> <span class='ocrx_word' id='word_1_181' title='bbox 1137 2735 1339 2814; x_wconf 82' lang='lat' dir='ltr'>corruptionem</span> 
     </span>
     <span class='ocr_line' id='line_1_24' title="bbox 345 2826 1341 2917; baseline -0.007 -17"><span class='ocrx_word' id='word_1_182' title='bbox 345 2837 457 2902; x_wconf 88' lang='lat' dir='ltr'>tulisse.</span> <span class='ocrx_word' id='word_1_183' title='bbox 508 2839 593 2904; x_wconf 89' lang='lat' dir='ltr'>Cum</span> <span class='ocrx_word' id='word_1_184' title='bbox 617 2861 693 2904; x_wconf 85' lang='lat' dir='ltr'>vero</span> <span class='ocrx_word' id='word_1_185' title='bbox 714 2844 855 2902; x_wconf 90' lang='lat' dir='ltr'>Taurum</span> <span class='ocrx_word' id='word_1_186' title='bbox 878 2861 905 2910; x_wconf 88' lang='lat' dir='ltr'>r,</span> <span class='ocrx_word' id='word_1_187' title='bbox 933 2853 987 2917; x_wconf 81' lang='lat'>15,</span> <span class='ocrx_word' id='word_1_188' title='bbox 1015 2855 1046 2904; x_wconf 83' lang='lat' dir='ltr'>a.</span> <span class='ocrx_word' id='word_1_189' title='bbox 1075 2837 1202 2905; x_wconf 86' lang='lat' dir='ltr'>scribat,</span> <span class='ocrx_word' id='word_1_190' title='bbox 1230 2834 1264 2894; x_wconf 87' lang='lat' dir='ltr'>ab</span> <span class='ocrx_word' id='word_1_191' title='bbox 1284 2826 1341 2890; x_wconf 69' lang='lat' dir='ltr'>Eois</span> 
     </span>
     <span class='ocr_line' id='line_1_25' title="bbox 344 2935 1341 3027; baseline -0.009 -27"><span class='ocrx_word' id='word_1_192' title='bbox 344 2937 491 3003; x_wconf 87' lang='lat' dir='ltr'>litoribus</span> <span class='ocrx_word' id='word_1_193' title='bbox 505 2940 682 3027; x_wconf 83' lang='lat' dir='ltr'>exsurgere,</span> <span class='ocrx_word' id='word_1_194' title='bbox 709 2945 850 3024; x_wconf 85' lang='lat' dir='ltr'>adparet,</span> <span class='ocrx_word' id='word_1_195' title='bbox 877 2943 910 3002; x_wconf 90' lang='lat' dir='ltr'>in</span> <span class='ocrx_word' id='word_1_196' title='bbox 927 2961 988 3024; x_wconf 89' lang='lat' dir='ltr'>qua</span> <span class='ocrx_word' id='word_1_197' title='bbox 1009 2954 1096 3022; x_wconf 91' lang='lat' dir='ltr'>parte</span> <span class='ocrx_word' id='word_1_198' title='bbox 1112 2940 1217 3000; x_wconf 87' lang='lat' dir='ltr'>Indiae</span> <span class='ocrx_word' id='word_1_199' title='bbox 1232 2935 1278 2994; x_wconf 78' lang='lat' dir='ltr'>laic</span> <span class='ocrx_word' id='word_1_200' title='bbox 1291 2945 1341 2988; x_wconf 82' lang='lat' dir='ltr'>rer·</span> 
     </span>
     <span class='ocr_line' id='line_1_26' title="bbox 343 3037 1340 3124; baseline -0.004 -24"><span class='ocrx_word' id='word_1_201' title='bbox 343 3037 446 3112; x_wconf 84' lang='lat' dir='ltr'>seror,</span> <span class='ocrx_word' id='word_1_202' title='bbox 477 3043 534 3104; x_wconf 89' lang='lat' dir='ltr'>ubi</span> <span class='ocrx_word' id='word_1_203' title='bbox 555 3056 662 3105; x_wconf 88' lang='lat' dir='ltr'>tamen</span> <span class='ocrx_word' id='word_1_204' title='bbox 687 3046 783 3106; x_wconf 89' lang='lat' dir='ltr'>etiam</span> <span class='ocrx_word' id='word_1_205' title='bbox 804 3045 899 3124; x_wconf 88' lang='lat' dir='ltr'>aliqui</span> <span class='ocrx_word' id='word_1_206' title='bbox 923 3047 1057 3105; x_wconf 81' lang='lat' dir='ltr'>Auream</span> <span class='ocrx_word' id='word_1_207' title='bbox 1080 3040 1211 3102; x_wconf 86' lang='lat' dir='ltr'>insulam</span> <span class='ocrx_word' id='word_1_208' title='bbox 1231 3041 1340 3116; x_wconf 74' lang='lat' dir='ltr'>ponuoi·</span> 
     </span>
     <span class='ocr_line' id='line_1_27' title="bbox 342 3135 1342 3225; baseline -0.015 -23"><span class='ocrx_word' id='word_1_209' title='bbox 342 3141 444 3202; x_wconf 81' lang='lat' dir='ltr'>veluti</span> <span class='ocrx_word' id='word_1_210' title='bbox 470 3143 639 3224; x_wconf 74' lang='lat' dir='ltr'>Dionysum</span> <span class='ocrx_word' id='word_1_211' title='bbox 662 3167 694 3208; x_wconf 88' lang='lat' dir='ltr'>v.</span> <span class='ocrx_word' id='word_1_212' title='bbox 717 3157 800 3225; x_wconf 77' lang='lat'><strong>589.</strong></span> <span class='ocrx_word' id='word_1_213' title='bbox 822 3165 895 3205; x_wconf 89' lang='lat' dir='ltr'>curn</span> <span class='ocrx_word' id='word_1_214' title='bbox 919 3143 996 3213; x_wconf 92' lang='lat' dir='ltr'>suis,</span> <span class='ocrx_word' id='word_1_215' title='bbox 1030 3145 1173 3223; x_wconf 90' lang='lat' dir='ltr'>itemque</span> <span class='ocrx_word' id='word_1_216' title='bbox 1198 3135 1342 3198; x_wconf 87' lang='lat' dir='ltr'>Martianus</span> 
     </span>
     <span class='ocr_line' id='line_1_28' title="bbox 343 3235 1341 3330; baseline -0.008 -27"><span class='ocrx_word' id='word_1_217' title='bbox 343 3239 469 3324; x_wconf 85' lang='lat' dir='ltr'>Capella</span> <span class='ocrx_word' id='word_1_218' title='bbox 487 3243 544 3307; x_wconf 91' lang='lat' dir='ltr'>lib.</span> <span class='ocrx_word' id='word_1_219' title='bbox 567 3247 600 3308; x_wconf 85' lang='lat'>6.</span> <span class='ocrx_word' id='word_1_220' title='bbox 624 3267 657 3328; x_wconf 88' lang='lat' dir='ltr'>p.</span> <span class='ocrx_word' id='word_1_221' title='bbox 681 3258 762 3326; x_wconf 72' lang='lat'><em>224.</em></span> <span class='ocrx_word' id='word_1_222' title='bbox 815 3245 936 3330; x_wconf 76' lang='lat' dir='ltr'>Quodsi</span> <span class='ocrx_word' id='word_1_223' title='bbox 966 3245 1066 3329; x_wconf 82' lang='lat' dir='ltr'>igitur</span> <span class='ocrx_word' id='word_1_224' title='bbox 1099 3247 1221 3304; x_wconf 87' lang='lat' dir='ltr'>Imaum</span> <span class='ocrx_word' id='word_1_225' title='bbox 1247 3235 1341 3312; x_wconf 77' lang='lat' dir='ltr'>ubique</span> 
     </span>
     <span class='ocr_line' id='line_1_29' title="bbox 343 3339 1342 3430; baseline -0.004 -27"><span class='ocrx_word' id='word_1_226' title='bbox 343 3341 520 3416; x_wconf 81' lang='lat' dir='ltr'>substituas,</span> <span class='ocrx_word' id='word_1_227' title='bbox 546 3347 709 3410; x_wconf 85' lang='lat' dir='ltr'>evanescet</span> <span class='ocrx_word' id='word_1_228' title='bbox 729 3345 839 3430; x_wconf 88' lang='lat' dir='ltr'>utique</span> <span class='ocrx_word' id='word_1_229' title='bbox 862 3345 1054 3408; x_wconf 81' lang='lat' dir='ltr'>difficultatis</span> <span class='ocrx_word' id='word_1_230' title='bbox 1075 3365 1144 3426; x_wconf 79' lang='lat' dir='ltr'>pars</span> <span class='ocrx_word' id='word_1_231' title='bbox 1159 3361 1219 3403; x_wconf 90' lang='lat' dir='ltr'>non</span> <span class='ocrx_word' id='word_1_232' title='bbox 1235 3339 1342 3417; x_wconf 78' lang='lat' dir='ltr'>exiguu</span> 
     </span>
     <span class='ocr_line' id='line_1_30' title="bbox 343 3429 1340 3527; baseline -0.011 -19"><span class='ocrx_word' id='word_1_233' title='bbox 343 3465 447 3527; x_wconf 83' lang='lat' dir='ltr'>neque</span> <span class='ocrx_word' id='word_1_234' title='bbox 464 3449 618 3510; x_wconf 86' lang='lat' dir='ltr'>tamenin</span> <span class='ocrx_word' id='word_1_235' title='bbox 639 3449 698 3510; x_wconf 88' lang='lat' dir='ltr'>bac</span> <span class='ocrx_word' id='word_1_236' title='bbox 714 3449 868 3510; x_wconf 89' lang='lat' dir='ltr'>librorum</span> <span class='ocrx_word' id='word_1_237' title='bbox 890 3447 1101 3510; x_wconf 87' lang='lat' dir='ltr'>reluctatione</span> <span class='ocrx_word' id='word_1_238' title='bbox 1118 3445 1249 3524; x_wconf 89' lang='lat' dir='ltr'>recipere</span> <span class='ocrx_word' id='word_1_239' title='bbox 1269 3429 1340 3496; x_wconf 68' lang='lat' dir='ltr'>austu</span> 
     </span>
     <span class='ocr_line' id='line_1_31' title="bbox 344 3539 1341 3632; baseline -0.011 -24"><span class='ocrx_word' id='word_1_240' title='bbox 344 3545 423 3620; x_wconf 90' lang='lat' dir='ltr'>sum,</span> <span class='ocrx_word' id='word_1_241' title='bbox 449 3549 483 3609; x_wconf 92' lang='lat' dir='ltr'>in</span> <span class='ocrx_word' id='word_1_242' title='bbox 499 3547 609 3631; x_wconf 88' lang='lat' dir='ltr'>primis</span> <span class='ocrx_word' id='word_1_243' title='bbox 624 3571 698 3611; x_wconf 88' lang='lat' dir='ltr'>curn</span> <span class='ocrx_word' id='word_1_244' title='bbox 719 3569 755 3612; x_wconf 90' lang='lat' dir='ltr'>ea</span> <span class='ocrx_word' id='word_1_245' title='bbox 773 3553 976 3632; x_wconf 89' lang='lat' dir='ltr'>reperiantur,</span> <span class='ocrx_word' id='word_1_246' title='bbox 1002 3567 1081 3629; x_wconf 90' lang='lat' dir='ltr'>quae</span> <span class='ocrx_word' id='word_1_247' title='bbox 1099 3547 1231 3607; x_wconf 88' lang='lat' dir='ltr'>Tamum</span> <span class='ocrx_word' id='word_1_248' title='bbox 1250 3539 1341 3614; x_wconf 79' lang='lat' dir='ltr'>aliqua·</span> 
     </span>
     <span class='ocr_line' id='line_1_32' title="bbox 343 3635 1340 3740; baseline -0.013 -30"><span class='ocrx_word' id='word_1_249' title='bbox 343 3661 437 3740; x_wconf 74' lang='lat' dir='ltr'>tentas</span> <span class='ocrx_word' id='word_1_250' title='bbox 454 3649 607 3722; x_wconf 89' lang='lat' dir='ltr'>reserant,</span> <span class='ocrx_word' id='word_1_251' title='bbox 630 3653 680 3713; x_wconf 91' lang='lat' dir='ltr'>uti</span> <span class='ocrx_word' id='word_1_252' title='bbox 694 3653 756 3713; x_wconf 88' lang='lat' dir='ltr'>lam</span> <span class='ocrx_word' id='word_1_253' title='bbox 772 3651 826 3712; x_wconf 91' lang='lat' dir='ltr'>alii</span> <span class='ocrx_word' id='word_1_254' title='bbox 842 3663 1047 3712; x_wconf 86' lang='lat' dir='ltr'>monuerunt.</span> <span class='ocrx_word' id='word_1_255' title='bbox 1098 3649 1150 3709; x_wconf 90' lang='lat' dir='ltr'>Sic</span> <span class='ocrx_word' id='word_1_256' title='bbox 1164 3643 1302 3705; x_wconf 83' lang='lat' dir='ltr'>Mercator</span> <span class='ocrx_word' id='word_1_257' title='bbox 1315 3635 1340 3692; x_wconf 76' lang='lat' dir='ltr'>iu</span> 
     </span>
     <span class='ocr_line' id='line_1_33' title="bbox 344 3735 1339 3816; baseline -0.013 -4"><span class='ocrx_word' id='word_1_258' title='bbox 344 3750 479 3812; x_wconf 83' lang='lat' dir='ltr'>Samara</span> <span class='ocrx_word' id='word_1_259' title='bbox 509 3751 613 3815; x_wconf 86' lang='lat' dir='ltr'>Orosri</span> <span class='ocrx_word' id='word_1_260' title='bbox 653 3751 810 3816; x_wconf 88' lang='lat' dir='ltr'>consentit</span> <span class='ocrx_word' id='word_1_261' title='bbox 842 3765 974 3813; x_wconf 85' lang='lat' dir='ltr'>notante</span> <span class='ocrx_word' id='word_1_262' title='bbox 1006 3748 1127 3812; x_wconf 84' lang='lat' dir='ltr'>Ortelio</span> <span class='ocrx_word' id='word_1_263' title='bbox 1159 3749 1191 3805; x_wconf 91' lang='lat' dir='ltr'>in</span> <span class='ocrx_word' id='word_1_264' title='bbox 1223 3735 1339 3802; x_wconf 78' lang='lat' dir='ltr'>thesauro</span> 
     </span>
     <span class='ocr_line' id='line_1_34' title="bbox 346 3831 1337 3937; baseline -0.014 -23"><span class='ocrx_word' id='word_1_265' title='bbox 346 3851 461 3937; x_wconf 79' lang='lat' dir='ltr'>Geogr.</span> <span class='ocrx_word' id='word_1_266' title='bbox 480 3851 499 3916; x_wconf 92' lang='lat' dir='ltr'>s.</span> <span class='ocrx_word' id='word_1_267' title='bbox 516 3875 550 3916; x_wconf 84' lang='lat' dir='ltr'>v.</span> <span class='ocrx_word' id='word_1_268' title='bbox 577 3853 708 3924; x_wconf 83' lang='lat' dir='ltr'>Tomos,</span> <span class='ocrx_word' id='word_1_269' title='bbox 740 3857 794 3936; x_wconf 88' lang='lat' dir='ltr'>qui</span> <span class='ocrx_word' id='word_1_270' title='bbox 816 3867 923 3915; x_wconf 86' lang='lat' dir='ltr'>tamen</span> <span class='ocrx_word' id='word_1_271' title='bbox 942 3847 1006 3934; x_wconf 91' lang='lat' dir='ltr'>ipse</span> <span class='ocrx_word' id='word_1_272' title='bbox 1021 3869 1094 3910; x_wconf 90' lang='lat' dir='ltr'>cum</span> <span class='ocrx_word' id='word_1_273' title='bbox 1110 3847 1250 3910; x_wconf 88' lang='lat' dir='ltr'>Pintiano</span> <span class='ocrx_word' id='word_1_274' title='bbox 1263 3831 1337 3899; x_wconf 77' lang='lat' dir='ltr'>Plinll</span> 
     </span>
     <span class='ocr_line' id='line_1_35' title="bbox 347 3939 1337 4038; baseline -0.022 -24"><span class='ocrx_word' id='word_1_275' title='bbox 347 3951 447 4016; x_wconf 84' lang='lat' dir='ltr'>Tabia</span> <span class='ocrx_word' id='word_1_276' title='bbox 468 3955 527 4016; x_wconf 87' lang='lat' dir='ltr'>else</span> <span class='ocrx_word' id='word_1_277' title='bbox 547 3969 649 4038; x_wconf 88' lang='lat' dir='ltr'>putat.</span> <span class='ocrx_word' id='word_1_278' title='bbox 701 3957 763 4018; x_wconf 90' lang='lat' dir='ltr'>Pro</span> <span class='ocrx_word' id='word_1_279' title='bbox 784 3955 938 4016; x_wconf 82' lang='lat' dir='ltr'>Tamarus</span> <span class='ocrx_word' id='word_1_280' title='bbox 954 3951 1117 4014; x_wconf 87' lang='lat' dir='ltr'>Strabonis</span> <span class='ocrx_word' id='word_1_281' title='bbox 1133 3949 1248 4008; x_wconf 90' lang='lat' dir='ltr'>lmaum</span> <span class='ocrx_word' id='word_1_282' title='bbox 1262 3939 1337 4000; x_wconf 85' lang='lat' dir='ltr'>etiam</span> 
     </span>
     <span class='ocr_line' id='line_1_36' title="bbox 342 4041 1335 4138; baseline -0.015 -22"><span class='ocrx_word' id='word_1_283' title='bbox 342 4057 432 4118; x_wconf 88' lang='lat' dir='ltr'>malit</span> <span class='ocrx_word' id='word_1_284' title='bbox 450 4077 601 4138; x_wconf 88' lang='lat' dir='ltr'>reponere</span> <span class='ocrx_word' id='word_1_285' title='bbox 618 4055 828 4121; x_wconf 89' lang='lat' dir='ltr'>Casaubonus.</span> <span class='ocrx_word' id='word_1_286' title='bbox 877 4057 1050 4116; x_wconf 87' lang='lat' dir='ltr'>Tantarum</span> <span class='ocrx_word' id='word_1_287' title='bbox 1067 4067 1169 4112; x_wconf 89' lang='lat' dir='ltr'>tamen</span> <span class='ocrx_word' id='word_1_288' title='bbox 1185 4049 1243 4106; x_wconf 87' lang='lat' dir='ltr'>buc</span> <span class='ocrx_word' id='word_1_289' title='bbox 1260 4041 1335 4102; x_wconf 78' lang='lat' dir='ltr'>etism</span> 
     </span>
     <span class='ocr_line' id='line_1_37' title="bbox 343 4133 1336 4244; baseline -0.016 -22"><span class='ocrx_word' id='word_1_290' title='bbox 343 4156 439 4222; x_wconf 88' lang='lat' dir='ltr'>resert</span> <span class='ocrx_word' id='word_1_291' title='bbox 456 4159 651 4224; x_wconf 88' lang='lat' dir='ltr'>Mannertin</span> <span class='ocrx_word' id='word_1_292' title='bbox 671 4159 788 4244; x_wconf 82' lang='lat' dir='ltr'>Geogr.</span> <span class='ocrx_word' id='word_1_293' title='bbox 804 4159 845 4222; x_wconf 90' lang='lat' dir='ltr'>T.</span> <span class='ocrx_word' id='word_1_294' title='bbox 861 4169 896 4236; x_wconf 77' lang='lat'>5.</span> <span class='ocrx_word' id='word_1_295' title='bbox 915 4177 947 4240; x_wconf 92' lang='lat' dir='ltr'>p.</span> <span class='ocrx_word' id='word_1_296' title='bbox 968 4167 1014 4235; x_wconf 76' lang='lat'>23</span> <span class='ocrx_word' id='word_1_297' title='bbox 1021 4165 1053 4233; x_wconf 88' lang='lat'>5.</span> <span class='ocrx_word' id='word_1_298' title='bbox 1077 4153 1165 4214; x_wconf 88' lang='lat' dir='ltr'>cuius</span> <span class='ocrx_word' id='word_1_299' title='bbox 1181 4163 1251 4210; x_wconf 83' lang='lat' dir='ltr'>vero</span> <span class='ocrx_word' id='word_1_300' title='bbox 1271 4133 1336 4201; x_wconf 80' lang='lat' dir='ltr'>Talis</span> 
     </span>
    </p>
   </div>
   <div class='ocr_carea' id='block_1_3' title="bbox 0 0 1423 4940">
    <p class='ocr_par' dir='ltr' id='par_1_3' title="bbox 0 0 1423 4940">
     <span class='ocr_line' id='line_1_38' title="bbox 0 0 1423 4940; baseline 0 0"><span class='ocrx_word' id='word_1_301' title='bbox 0 0 1423 4940; x_wconf 95' lang='lat' dir='ltr'> </span> 
     </span>
    </p>
   </div>
  </div>
 </body>
</html>
