2784 4944
318 401 381 482 με
612 398 854 458 nominarit
898 399 1059 456 mnata

317 577 446 642 Alotrrm
469 569 566 636 habet
584 585 614 635 et
639 571 839 668 Lucentiam.
896 571 1103 638 Ptolemaeus
1128 566 1184 660 [3.
1210 569 1261 662 t.]
1285 595 1347 656 per·

317 679 447 742 mutatis
467 672 625 760 prioribus
648 671 770 754 syllabis
794 675 955 736 Fiternnm
978 676 1143 748 nominem
1179 688 1216 736 nt
1239 675 1347 746 nescio,

317 800 357 843 art
372 775 534 847 mendose,
561 776 600 838 fic
622 774 694 847 icio,
722 777 787 838 fieri
805 776 867 837 hoc
885 775 1016 837 subinde
1037 778 1120 859 apud
1142 791 1294 866 auctores,
1319 793 1347 839 er

316 895 356 943 ttt
370 900 438 942 uno
453 881 581 940 interim
601 899 639 940 ox
657 877 766 939 multis
781 877 927 960 exemplo
947 879 1092 940 contenti
1107 879 1214 949 simne,
1240 881 1346 939 orbem

318 983 470 1052 Pisidiae,
513 971 714 1069 Sagaloffnm
752 979 916 1050 Straboni,
951 980 1131 1061 Stephano,
1168 981 1345 1042 Ptolemaeo

317 1085 451 1154 dictam,
479 1083 626 1146 drrianue
648 1080 821 1142 ilistoricne
846 1073 908 1168 [de
931 1083 1044 1161 expeti.
1061 1083 1148 1142 illex.
1174 1103 1201 1150 r,
1221 1095 1277 1158 28,
1294 1075 1344 1167 5.]

317 1176 520 1274 Solagaffurn
541 1185 697 1246 nominat.
751 1181 819 1244 Nec
836 1181 878 1243 est
893 1183 1105 1242 dubitandum
1127 1186 1167 1244 de
1183 1185 1244 1246 fide
1267 1187 1346 1246 codi-

318 1290 362 1349 cis
380 1283 536 1369 irnprell'tt
573 1285 612 1346 sto
632 1285 719 1345 enim
734 1283 852 1344 habent
870 1285 935 1344 dun
954 1281 1056 1365 scripti
1077 1299 1109 1344 et
1133 1285 1248 1346 vetusti
1268 1286 1345 1346 eodi-

318 1409 388 1460 oeo,
420 1387 535 1470 quibus
557 1400 631 1448 utor
649 1383 855 1449 familiariter.
903 1385 1094 1448 ttermotanr
1116 1405 1213 1457 vero,
1241 1388 1291 1467 qui
1313 1387 1343 1446 in

316 1491 415 1554 Plinii
440 1489 522 1550 libro
551 1501 582 1565 5.
607 1482 654 1574 [c.
684 1501 740 1564 14.
763 1486 784 1549 l.
809 1479 888 1573 27.]
919 1487 1068 1548 emendat
1090 1488 1232 1572 legitque
1253 1488 1344 1566 Sago-

316 1582 408 1682 leffus
422 1611 495 1652 oum
512 1612 527 1650 e
543 1591 576 1648 in
597 1590 688 1650 tertia
712 1587 834 1667 syllaba,
863 1591 950 1648 unde
972 1589 1005 1647 id
1027 1591 1200 1670 acceperit,
1235 1587 1342 1650 nelcio.

315 1692 427 1757 Strabo
450 1703 542 1759 certe,
566 1686 639 1776 [tib.
669 1706 722 1752 t2.
742 1711 774 1772 p.
792 1710 835 1750 m.
857 1701 939 1767 392.
958 1687 977 1750 l.
996 1683 1103 1775 569.]
1136 1692 1227 1752 cuiun
1248 1703 1344 1750 aucto·

316 1795 408 1856 ritate
426 1794 548 1858 nititur,
574 1805 606 1850 et
622 1791 728 1860 ceteri,
755 1809 836 1871 qnoa
850 1790 992 1874 legerim,
1022 1784 1211 1880 Sagalaffits
1228 1811 1342 1860 omnes,

315 1913 413 1956 nemo
437 1881 626 1980 Sagolcffits.
664 1910 862 1954 arnimaro.
922 1891 1076 1954 Particula
1102 1905 1209 1954 nrttem
1234 1895 1267 1953 in
1287 1893 1342 1952 hoo

314 2013 418 2064 nexu,
444 1995 575 2073 opinor,
601 1991 701 2053 abelle
724 2006 861 2074 poterat,
885 1990 934 2053 led
957 2013 1030 2053 curn
1047 1993 1174 2058 codices
1191 2009 1339 2062 tueantur,

198 2117 203 2124 ¹
314 2095 424 2156 durior
445 2095 477 2154 in
495 2090 612 2154 habent
634 2107 784 2162 tremeat,
811 2093 930 2174 qnippe
947 2097 1033 2175 qnod
1049 2095 1154 2176 paullo
1172 2110 1244 2158 ante
1263 2115 1341 2178 prae·

312 2189 415 2263 cellit,
445 2193 571 2254 ethaeo
593 2195 701 2255 omnia
721 2194 931 2275 amplectitur.
986 2197 1165 2258 Lubentioe
1187 2202 1220 2259 in
1243 2200 1341 2258 termi-

208 2303 212 2310 '
312 2296 443 2356 natione
464 2293 594 2355 Daunii
614 2291 818 2372 adnularim,
848 2314 942 2375 quarn
962 2309 994 2356 et
1011 2297 1120 2360 Graeci
1135 2296 1339 2381 frequentant,

312 2396 414 2456 veluti
430 2395 543 2458 Strabo
560 2407 595 2474 5.
611 2417 642 2476 p.
659 2415 702 2457 m.
728 2397 807 2466 167.
823 2393 842 2456 l.
856 2407 940 2474 ³²4²·
972 2400 1005 2460 6.
1023 2419 1055 2479 p.
1071 2419 1116 2462 m.
1139 2399 1250 2481 t9t.l.
1262 2414 1337 2473 277.

311 2515 382 2578 pro.
401 2485 550 2560 Αὖδᾶνιοι
579 2497 633 2556 hic
658 2514 697 2557 ex
721 2495 875 2578 probabili
905 2499 1131 2562 emendatione
1161 2501 1337 2568 Calouboni,

310 2615 405 2680 qnam
438 2611 471 2659 et
498 2597 624 2659 codices
652 2597 717 2657 mei
744 2595 911 2670 lulllnent3
951 2599 1146 2681 Lycophron
1174 2625 1207 2666 v.
1239 2613 1335 2678 1254.

309 2681 448 2764 Ptolem.
469 2711 500 2779 5,
523 2719 552 2760 1.
588 2699 711 2760 Plinius
729 2711 761 2778 3.
783 2700 837 2762 16.
857 2696 878 2760 l.
904 2721 958 2762 ιι.
982 2700 1158 2782 aliquoties.
1213 2705 1336 2762 Videtur

310 2813 418 2862 tamen
438 2813 471 2860 et
496 2801 589 2862 altera
615 2798 716 2860 forma
744 2801 777 2859 in
804 2800 924 2862 Latinio
948 2801 1057 2862 locum
1086 2802 1274 2872 obtinuille,
1305 2814 1337 2860 ut

310 2903 432 2984 Apnlno
450 2903 583 2964 Dannno
598 2903 680 2981 apud
699 2901 808 2962 Horat.
823 2913 858 2978 4.
880 2903 933 2963 od.
953 2911 1007 2983 14,
1026 2904 1083 2966 16.
1112 2903 1214 2969 Orid.
1230 2904 1334 2966 Fastor.

308 3013 343 3081 4.
360 3005 418 3076 76.
440 3023 498 3064 neo
513 3016 667 3086 reppgnat
684 3003 827 3085 analogia
842 3005 876 3062 in
889 3003 966 3072 aliia,
987 3006 1038 3064 uti
1056 3007 1091 3065 in
1106 3005 1206 3078 ltalia,
1222 3005 1334 3090 Apulia.

309 3103 433 3187 Quare,
459 3123 532 3164 com
547 3103 588 3166 stc
602 3103 726 3165 codices
741 3103 859 3174 velint,
883 3105 1009 3185 reliqui.

387 3303 665 3387 Cliterniam)
713 3302 796 3368 lloll'.
819 3323 848 3370 1.
871 3306 980 3370 Cibin.
1004 3305 1187 3384 Ciminum
1213 3303 1333 3384 Vostg.

311 3403 494 3479 Clutomicm
544 3405 701 3470 Hollleni't
723 3408 840 3480 codex,
865 3410 913 3468 uti
935 3407 999 3490 iple
1024 3424 1115 3472 notat
1135 3411 1175 3472 ad
1200 3407 1334 3474 Cluverii

307 3505 380 3568 Ital.
395 3519 460 3566 ant.
482 3527 513 3589 p.
534 3521 616 3584 275.
638 3507 826 3580 Elaternia;
860 3508 944 3592 Lipl.
969 3509 1065 3572 Parit.
1088 3531 1118 3575 1.
1139 3528 1171 3576 2.
1192 3524 1225 3590 3.
1253 3507 1330 3570 Gud.

306 3606 479 3690 liehdiger.
504 3609 687 3672 vindobon.
712 3609 793 3672 Voll.
813 3629 844 3673 o.
867 3621 900 3688 4.
925 3623 958 3688 5.
986 3613 1135 3674 Perizon.
1162 3611 1330 3673 Mediolon.

307 3707 407 3771 Vario.
432 3707 647 3783 claternam
690 3709 838 3772 Ciaccon.
869 3712 1068 3786 Glareniam3
1110 3713 1202 3797 Prag.
1226 3711 1332 3772 alatru-

310 3827 396 3869 nam.
448 3809 532 3872 Edd.
559 3828 590 3874 1.
616 3824 647 3874 o.
673 3815 706 3889 3.
728 3822 763 3890 4.
781 3823 815 3888 5·
836 3813 870 3875 6·
887 3825 920 3884 7·
945 3823 979 3889 8·
1001 3832 1035 3892 9·
1057 3795 1263 3878 to.1r.ross
1281 3817 1330 3885 14.

315 3919 370 3984 ¹5·
400 3925 456 3982 17.
483 3929 539 3990 19.
565 3927 623 3976 2⁰.
653 3925 709 3990 25.
733 3911 947 3986 claternam
991 3915 1128 3996 reliquae
1154 3911 1329 3977 Clitemiam

307 4009 386 4072 inde
407 4009 447 4070 ab
468 4013 542 4074 edd.
566 4024 620 4091 ¹5·
648 4015 703 4075 16.
733 4023 788 4089 18.
823 4033 1026 4078 thcnvcrrn.
1085 4016 1278 4078 Claterniam
1300 4013 1331 4069 in

309 4112 443 4190 optimi·
467 4111 560 4175 MSS.
594 4113 658 4196 legi
688 4113 817 4176 monuit
849 4115 1030 4180 llolsteniuo
1066 4119 1101 4180 in
1134 4129 1272 4178 annotat.
1296 4110 1331 4171 ad
