2792 4940
286 481 344 526 tna
583 467 822 526 POMPONII
861 467 1021 522 MELAE

284 641 340 704 lib.
368 658 398 704 1.
427 639 550 719 c.15.]
583 639 727 700 Pallenes
755 637 900 733 ssiunnm
929 639 1087 701 cervicem
1119 651 1253 710 vocant,
1288 651 1321 700 et

284 743 483 824 Pomponiae
505 739 593 822 snpra
614 743 647 801 in
675 743 764 802 Ionia
792 735 848 828 [ι.
875 757 928 812 17,
955 734 1009 827 3.]
1037 738 1241 832 angustisque
1262 761 1322 799 cer·

283 841 407 905 vicibus
447 843 564 926 reliqna
597 843 766 904 extendeus
798 845 830 902 in
862 843 963 904 iatum
998 855 1057 903 etc.
1120 860 1318 902 eru‘rreure.

285 945 406 1006 Mirum
433 943 490 1012 esi.
528 943 713 1004 Pintianum
749 963 815 1004 non
854 943 1018 1004 attendisse
1049 943 1087 1004 ad
1121 943 1217 1004 verba
1253 963 1321 1023 cap.

284 1047 426 1129 praeced.
461 1045 516 1104 ubi
544 1043 729 1106 describitur
759 1039 874 1131 δρόμος
901 1041 1103 1128 Ἀχίλλειος.
1139 1057 1221 1104 terra
1254 1056 1323 1104 tum

285 1148 377 1228 longe
400 1144 539 1240 cissettta
567 1147 717 1208 excedens
754 1147 840 1206 tenni
873 1147 979 1206 radice
1010 1146 1099 1205 litori
1129 1145 1320 1207 adnectitur.

287 1269 492 1310 creccourve.
545 1248 664 1310 Frustra
688 1249 729 1310 est
744 1243 921 1316 i'intianue,
948 1247 1001 1328 qui
1027 1247 1175 1306 cervicem
1192 1245 1243 1306 hic
1261 1265 1320 1327 pro

286 1350 395 1411 radice
419 1349 563 1430 reponit.
601 1351 684 1430 quasi
711 1371 776 1410 non
801 1364 833 1410 et
862 1349 923 1410 hoc
951 1361 1074 1408 rectum
1102 1347 1148 1407 stt.
1201 1347 1319 1408 isthmo

286 1453 390 1521 enim,
423 1466 583 1532 tamquam
607 1453 703 1511 radici
729 1465 826 1512 terrae
850 1449 1029 1510 continenti
1053 1450 1223 1510 adhaerent
1244 1469 1321 1530 pen·

285 1551 413 1614 insulae.
465 1552 573 1612 Graeci
592 1553 732 1612 similiter
757 1554 797 1612 de
822 1553 862 1614 iic
892 1551 1055 1632 soquentes
1077 1549 1166 1630 saepe
1189 1565 1322 1612 utuntur

285 1653 443 1714 vocabulo
470 1646 671 1739 ἐρῥιζῶσθαι.
735 1655 823 1735 Quin
858 1669 890 1714 at
916 1651 979 1735 ipse
1010 1653 1091 1712 Mela
1121 1650 1258 1733 superius
1282 1651 1323 1712 src

285 1754 411 1816 locutus
431 1753 473 1814 esi
488 1758 528 1814 de
545 1757 672 1816 Achillis
692 1753 808 1826 insula;
835 1755 922 1816 tenni
941 1753 1049 1814 radice
1066 1765 1167 1813 terrae
1183 1751 1324 1814 adnecti-

287 1865 350 1916 tur.
384 1873 524 1916 voesrve.
581 1859 624 1916 ita
641 1857 769 1934 quidem
785 1855 889 1915 noster
904 1857 997 1916 etiam
1024 1877 1051 1922 r,
1075 1869 1179 1932 19,a.
1207 1855 1239 1912 in
1261 1869 1324 1913 cer*

285 1957 354 2016 vice
373 1977 473 2034 paene
490 1945 611 2046 infidae
624 1947 717 2046 sedet
736 1956 892 2038 Cyzicum.
946 1959 986 2018 At
1000 1968 1106 2015 contra
1123 1955 1221 2016 libror
1239 1955 1326 2016 nihil

285 2059 489 2134 mutandum,
515 2077 588 2118 cum
604 2072 734 2138 utraque
756 2079 817 2118 vox
836 2079 852 2118 a
872 2057 953 2118 Nicia
968 2057 1153 2118 adhibeatur
1173 2069 1205 2117 et
1226 2055 1324 2119 iustae

285 2159 514 2238 comparationi
539 2156 697 2222 inserviat.
751 2161 847 2242 Quod
872 2162 996 2221 cmiicee
1013 2159 1147 2240 -quidam
1170 2179 1245 2236 epen
1269 2161 1325 2218 ad·

286 2253 404 2328 serunt,
430 2271 536 2318 ortum
553 2261 583 2318 id
601 2261 643 2321 est
660 2281 698 2321 ex
716 2262 876 2320 literarum
894 2264 927 2321 iu
941 2283 1039 2340 paene
1053 2251 1152 2349 trans
1163 2260 1324 2320 traiectio·

286 2375 339 2422 ne.
378 2361 504 2420 Montis
521 2363 553 2420 in
571 2353 719 2424 Ciaccon.
740 2365 849 2424 codice
872 2365 995 2443 peperit
1014 2356 1053 2424 τὸ
1071 2365 1149 2420 min
1173 2360 1324 2432 radicem,

287 2461 338 2520 cui
362 2461 520 2522 vocabulo
549 2463 625 2522 illud
656 2466 780 2548 egregio
802 2462 989 2544 respondere
1012 2477 1138 2542 putaret
1162 2461 1324 2526 librarius.

286 2561 327 2622 In
341 2562 409 2622 aliie
424 2561 608 2644 conspicuae
630 2566 757 2625 laciniae
778 2585 816 2624 ex
832 2565 926 2644 priori
943 2562 1123 2625 confusione
1139 2575 1322 2628 contextae.

284 2663 328 2722 In
348 2677 454 2723 autem
482 2667 515 2724 iu
537 2665 628 2724 simili
649 2686 734 2726 nexu
761 2663 847 2746 saepe
873 2685 946 2724 curn
974 2661 1148 2724 accusativo
1171 2667 1322 2728 occurrit.

284 2763 337 2824 Sic
360 2765 504 2827 Frontiu.
525 2785 554 2834 1.
575 2779 606 2846 3,
622 2779 658 2842 5.
683 2769 789 2826 victus
807 2768 838 2825 in
855 2759 1050 2857 Hispaniam
1070 2767 1232 2834 exercitus,
1258 2767 1324 2826 ubi

285 2863 368 2928 Cdd.
388 2868 515 2948 'quidam
532 2859 710 2958 Hispania,
743 2881 774 2927 et
794 2867 1041 2948 Oudendorpiua
1063 2867 1196 2947 explicat
1218 2868 1320 2930 intra.

284 2965 366 3036 Sed,
404 2969 460 3048 qni
493 2969 631 3050 plurima
666 2970 761 3031 huius
797 2968 963 3029 structurae
996 2967 1140 3048 exempla
1172 2967 1323 3051 congesta

284 3067 389 3146 cupit,
431 3069 519 3128 adeat
545 3066 643 3130 Voffii
666 3070 874 3132 Aristarchum
902 3070 942 3129 de
968 3068 1131 3130 construet.
1163 3088 1229 3150 cap.
1254 3082 1318 3144 75.

283 3166 484 3228 Passeratium
502 3171 539 3228 ad
560 3173 660 3232 Cicer.
684 3191 741 3251 pro
764 3169 878 3232 Roscio
898 3169 1065 3233 Comoedo
1088 3189 1115 3231 c.
1138 3189 1191 3244 17.
1227 3171 1321 3234 viros

283 3267 394 3330 doctae
415 3269 453 3328 ad
473 3270 575 3332 Cicer.
599 3291 656 3352 pro
678 3273 829 3354 Quinctio
852 3292 878 3332 c.
899 3285 932 3348 5.
972 3271 1085 3334 Cellar.
1106 3271 1145 3329 ad
1167 3269 1257 3332 Curt.
1280 3285 1318 3347 3,

284 3379 318 3444 5,
351 3389 403 3430 ro.
442 3372 592 3432 Arntzen.
615 3373 785 3434 adCaton.
811 3395 837 3442 ι,
866 3391 917 3451 ¹9·
940 3393 972 3454 p.
992 3385 1050 3450 54.
1091 3371 1251 3450 Verheyk.
1274 3373 1319 3435 ad

282 3467 416 3551 Eutrop.
438 3480 473 3548 4,
491 3473 523 3534 6.
553 3474 587 3542 6,
610 3491 665 3534 aa.
706 3474 874 3534 Schortum
893 3477 927 3532 in
946 3475 1041 3536 nodie
1057 3473 1202 3536 Ciceron.
1226 3493 1253 3543 1,
1277 3473 1316 3538 6.

283 3571 481 3655 liavercamp
501 3573 537 3632 ad
555 3572 646 3635 Oros.
669 3593 697 3644 1,
721 3589 754 3636 2.
779 3596 809 3655 p.
830 3589 885 3653 29.
927 3574 1137 3655 Oudendorp.
1155 3576 1190 3634 ad
1216 3575 1317 3636 Fron-

281 3674 341 3733 tin.
366 3693 393 3734 c.
410 3674 430 3732 l.
458 3687 492 3733 ut
510 3687 627 3734 taceam
647 3675 733 3736 alios.
787 3677 836 3735 De
853 3677 1026 3736 variatione
1044 3677 1208 3756 utriusque
1225 3675 1315 3739 casus
1350 3715 1357 3726 ·

281 3773 314 3832 in
334 3773 420 3835 libris
441 3773 479 3834 cs.
498 3777 661 3836 Stnveren.
677 3777 713 3835 ad
732 3773 848 3858 Nepet.
867 3777 899 3834 in
918 3773 1052 3854 Lysand.
1074 3795 1102 3844 1,
1122 3787 1152 3851 5.
1178 3789 1209 3835 et
1227 3797 1312 3856 quoe

280 3887 519 3936 commemorat.
572 3875 759 3938 Garatoniue
782 3877 934 3938 etiamad
958 3877 1059 3938 Cicer.
1083 3895 1140 3958 pro
1157 3876 1312 3958 Quinctio

281 3995 307 4036 c.
333 3991 391 4052 30.
425 3979 568 4058 antiquae
595 3977 814 4059 inscriptiones
841 3997 879 4038 ex
904 3977 1061 4062 Augustae
1087 3995 1165 4038 aevo
1188 3975 1313 4058 profert

280 4097 319 4138 ox
341 4077 438 4140 Gorio
461 4099 491 4160 p.
517 4091 600 4156 215.
651 4081 701 4140 Sic
717 4077 795 4140 infra
816 4094 850 4146 a.
865 4075 896 4148 6,
915 4093 948 4152 7.
978 4079 1118 4160 plerique
1141 4079 1170 4136 in
1185 4074 1310 4168 stnnrn.

279 4179 370 4242 idem
387 4195 492 4243 tamen
511 4193 600 4242 caute
618 4193 739 4252 monet,
764 4181 828 4244 fine
843 4177 929 4242 causa
944 4193 977 4241 et
993 4178 1154 4242 codicibus
1166 4198 1233 4242 nou
1249 4181 1313 4244 esse
