2868 4942
301 456 363 540 27⁶
591 455 837 515 rouronrr
878 427 1042 516 nocua

303 657 363 699 ora
390 621 578 724 Tuscorum,
612 651 692 716 quoe
714 651 771 710 per
793 629 870 692 litus
896 629 1088 693 extenditur.
1126 647 1347 692 craecorum.

304 739 402 802 dsoce
421 734 501 796 sorte
519 731 717 796 scribendum
738 734 801 794 line
822 732 1038 816 diphthongo.
1064 749 1249 794 aerioma.
1306 733 1349 792 Et

303 839 382 900 haec
415 822 543 918 quoque
575 837 786 918 depravarunt
819 849 1021 896 correctores.
1078 833 1146 895 Noe
1177 835 1350 914 antiquam

304 939 490 1022 scripturam
516 937 715 1000 reduximus.
777 933 962 1028 Ostenditur
984 949 1091 996 autem
1113 935 1167 996 hic
1190 955 1264 996 non
1290 937 1349 996 im·

304 1041 427 1126 probo;
460 1040 536 1101 vide
556 1053 680 1108 tamen.
705 1058 786 1098 num
802 1038 916 1099 melius
936 1035 1127 1099 obtenditur.
1182 1037 1348 1120 Quamrir

304 1143 381 1206 haec
405 1141 558 1204 vocabula
582 1140 620 1202 ab
644 1141 758 1201 iisdem
781 1141 915 1199 verrinus
930 1137 1051 1206 verbio,
1085 1137 1213 1200 differre
1237 1153 1347 1199 tamen

306 1245 532 1328 significatione
552 1245 648 1303 etiam
670 1242 791 1302 indocti
812 1239 922 1302 sciunt.
974 1240 1121 1300 Frontem
1144 1259 1225 1300 vero
1248 1241 1346 1310 Mela.

304 1345 576 1428 quemadmodum
598 1345 694 1404 etiam
717 1342 808 1412 alibi,
834 1355 929 1404 vocat
951 1345 1230 1422 promuntorium.
1272 1361 1347 1403 voa-

305 1467 388 1510 erva.
434 1446 554 1507 Ilsocee
572 1447 634 1506 iam
650 1459 734 1506 recte
751 1433 935 1506 emendavit
953 1443 1153 1504 Hermolaus.
1186 1444 1236 1503 lta
1253 1446 1346 1504 enim

304 1549 431 1611 Plinius
449 1548 482 1616 6,
504 1547 561 1610 26.
577 1543 598 1609 s.
620 1559 676 1626 25.
702 1545 784 1606 Inde
803 1545 1052 1626 promontorium
1076 1543 1271 1606 Corrucuioe
1292 1543 1346 1638 est,

304 1671 345 1711 ex
368 1669 432 1732 quo
460 1649 494 1708 su
515 1639 650 1740 aduersa
672 1653 733 1708 ores
755 1645 799 1707 ad
824 1659 946 1726 gentem
971 1642 1111 1706 Arabiae
1132 1646 1253 1705 Issaeos
1278 1659 1346 1706 tra-

304 1751 405 1812 iectus
426 1747 527 1842 cissae
549 1761 608 1826 5⁰·
632 1749 683 1810 M.
707 1749 745 1809 P.
798 1747 1001 1810 Ptolemaeus
1023 1745 1055 1818 6,
1079 1761 1111 1820 7·
1146 1767 1243 1827 (luem
1268 1768 1346 1808 cum

303 1853 411 1915 Plinio
435 1852 594 1935 adlegavit
617 1850 822 1919 Hermolaus,
856 1851 975 1910 Issaeos
998 1849 1031 1907 in
1059 1847 1169 1909 Arabia
1191 1847 1345 1920 recenset,

303 1955 338 2015 in
362 1953 675 2036 ichthyophagorum
699 1952 779 2014 sinu.
813 1949 1026 2012 Consentiunt
1047 1949 1164 2011 etalii.
1199 1949 1253 2011 Sic
1269 1951 1347 2011 Era·

306 2054 466 2126 toslhenea
490 2055 573 2134 aprrnl
598 2051 786 2114 Strabonem
811 2051 868 2112 lib.
897 2055 950 2115 16.
977 2072 1008 2132 p.
1030 2051 1114 2127 526.
1140 2047 1162 2112 s.
1186 2051 1273 2128 705.
1308 2041 1345 2119 {ff

301 2149 515 2241 Ἃρμόζαντος
529 2151 590 2218 τοῦ
612 2154 669 2234 τῆς
686 2149 876 2240 Καρμανίας
894 2150 1096 2240 ἀκρωτηρίου
1112 2153 1169 2236 τῆς
1188 2149 1345 2239 Ἀραβίας

304 2253 475 2342 ἀφορᾶται
491 2247 530 2316 τὸ
547 2251 577 2317 ὲν
593 2248 737 2329 Minore.
775 2255 854 2314 inde
870 2275 947 2315 vero
963 2255 1233 2337 promontorium.
1254 2257 1344 2336 quod

303 2377 342 2420 ex
374 2357 540 2419 Carmania
570 2353 707 2436 conspici
733 2368 873 2438 poterat,
919 2351 1063 2418 Mc'nero
1098 2357 1206 2417 vocari
1239 2355 1343 2418 scribit

304 2461 454 2523 Arrianus
478 2461 509 2517 in
532 2457 649 2519 Indicia
671 2477 739 2539 cap.
756 2469 787 2536 3,
806 2473 838 2527 o,
860 2475 892 2539 7.
924 2457 978 2517 etsi
1004 2452 1139 2518 Μακίδα
1165 2451 1258 2517 malit
1280 2459 1342 2520 Sas-

304 2561 419 2622 maline
436 2559 474 2618 arl
489 2559 589 2621 Solin.
605 2577 632 2619 c.
645 2557 734 2636 54.s.
746 2569 804 2635 58.
821 2579 852 2640 p.
864 2578 908 2619 m.
922 2571 1006 2638 833.
1029 2559 1091 2620 Sed
1108 2559 1147 2618 de
1164 2559 1215 2620 hia
1227 2561 1297 2622 Vol.
1309 2575 1341 2622 2.

303 2661 456 2726 Schottua
472 2659 569 2720 llsoce
589 2659 651 2721 sme
674 2659 774 2720 dubio
792 2660 883 2719 duxit
898 2679 936 2721 ex
954 2662 1121 2720 Ammiano
1140 2674 1197 2737 25,
1218 2661 1254 2724 6.
1274 2660 1341 2742 poss

302 2783 352 2847 pr.
376 2761 434 2822 ubi
456 2761 592 2844 legitur:
626 2761 894 2841 promuntorium,
925 2761 1010 2844 quod
1033 2759 1200 2839 appellunt
1223 2763 1367 2838 incolae⁴

302 2865 433 2934 Maces,
459 2861 515 2922 ubi
538 2875 645 2924 tamon
666 2859 706 2923 cf.
726 2861 871 2925 Valesius.
925 2859 1110 2954 Ostenditur
1129 2867 1344 2924 mutationem

303 2966 440 3026 minime
457 2963 619 3026 desudemt.
658 2963 793 3043 helique
814 2963 931 3025 dehinc
947 2963 1042 3024 verba
1058 2975 1191 3024 tuentur
1204 2965 1344 3035 codices,

301 3067 397 3146 aliqui
415 3081 520 3126 tamen
537 3063 683 3147 adspersu
699 3065 841 3126 maculis.
879 3065 930 3126 Sic
947 3063 1084 3125 Vindob.
1098 3055 1235 3153 fronte;
1260 3067 1345 3128 sleh-

301 3167 401 3251 diger.
421 3157 550 3254 fontem
558 3208 568 3238 ‚
593 3165 694 3227 utilit
715 3185 744 3237 ι.
768 3179 821 3246 15,
841 3179 874 3244 5.
910 3163 984 3228 Post
1006 3165 1144 3228 Vindob.
1166 3165 1347 3260 ostenditur

300 3269 383 3330 t'rtter
406 3263 523 3358 nostia.

368 3459 484 3561 sitae
511 3449 687 3551 Ogyris)
736 3469 828 3532 Prior
845 3489 910 3532 vox
930 3469 1013 3532 abell
1033 3471 1067 3531 in
1089 3469 1231 3534 Vindob.
1254 3483 1291 3534 et
1313 3471 1343 3532 io

303 3569 412 3636 Cibin.
429 3570 509 3631 male
527 3568 669 3631 scribitur
682 3561 788 3660 sylae.
823 3571 980 3634 Posterior
994 3571 1112 3634 abiecta
1126 3573 1224 3633 etiam
1240 3576 1344 3656 prima

302 3671 407 3734 vocali
430 3673 517 3732 varie
540 3673 766 3754 corrumpitur.
818 3673 926 3736 Cibin.
956 3675 1053 3736 Varie.
1082 3672 1177 3736 Paris.
1201 3693 1232 3738 t.
1259 3677 1344 3738 Reh-

303 3773 404 3857 diget.
427 3793 602 3854 omnesque
619 3769 731 3842 Vossri,
755 3786 791 3833 ut
811 3773 876 3857 ipse
893 3787 1001 3847 notat;
1032 3775 1168 3836 Vindob.
1191 3775 1292 3837 Paris.
1310 3793 1343 3838 a.

302 3871 387 3956 Lips.
413 3875 499 3936 Gud.
524 3875 631 3937 Havn.
651 3875 746 3955 girir;
772 3877 882 3938 Venet.
908 3877 1019 3958 Cyris;
1052 3877 1143 3959 Prag.
1158 3872 1228 3966 fite
1248 3879 1345 3958 giris·

301 3996 447 4061 qucrnea
462 3975 595 4048 Eurum
620 3975 767 4039 Ciaccon.
788 3997 815 4038 r.
835 3979 1009 4058 Sitogyrir3
1036 3977 1183 4040 Ciaccon.
1202 3993 1237 4042 Ω.
1259 3971 1345 4071 insu·

300 4073 452 4166 scesclae
470 4097 606 4158 gensque
624 4079 657 4137 in
677 4099 724 4138 ea.
777 4078 862 4140 Cum
884 4081 983 4160 priori
999 4077 1064 4140 sere
1083 4077 1243 4142 consentit
1265 4081 1345 4142 Boc·

299 4179 398 4242 mune
419 4179 460 4244 de
481 4179 621 4243 maribut
643 4175 664 4242 s.
687 4199 721 4243 v.
745 4179 932 4244 Arabicum:
966 4181 1135 4264 Sithegeris
1156 4179 1276 4246 clarior
1299 4203 1344 4254 eo,
