2826 4936
321 417 380 480 170
618 401 860 460 ronronrr
899 401 1058 458 nenne

317 575 655 658 repetitCiecconiue,
690 596 786 657 qnare
806 587 840 638 et
863 575 1002 658 priorem
1026 593 1137 636 rocem
1159 569 1318 654 inperium

270 739 272 744 .
317 678 377 740 eise
399 675 514 740 censet.
567 677 651 760 Lipi.
675 692 708 740 et
724 679 830 740 Hevn.
853 677 962 758 lepido
983 675 1068 758 lepin
1086 677 1209 736 alternis
1228 673 1320 734 monti·

316 777 384 844 bns.
419 779 584 863 Quaedam
606 781 658 844 ed.
680 791 737 858 25.
761 779 967 863 exemplaria:
1000 777 1092 840 modo
1109 775 1240 858 pelagos.

391 995 430 1046 et
455 981 683 1067 quaedam)
732 983 840 1047 Cibin.
860 981 1054 1068 etquidem.
1093 981 1236 1044 Schornr
1254 977 1321 1040 delet

313 1083 485 1170 quaedam,
515 1087 603 1167 quod
624 1099 732 1148 temen
750 1087 859 1149 locum
879 1084 972 1148 inum
987 1098 1060 1168 epte
1080 1097 1219 1166 occupet.

389 1311 412 1350 a
438 1286 701 1370 continenti)
742 1289 850 1354 Cibirr.
866 1309 941 1352 cum
955 1290 1006 1350 ed.
1025 1302 1085 1366 52.
1103 1309 1126 1348 a
1140 1283 1323 1353 continuatio:

312 1391 498 1454 vindobon.
521 1393 612 1477 Preg.
633 1387 675 1454 ab
696 1391 914 1456 incontinenti.
949 1393 1051 1454 Antea
1073 1385 1157 1473 Lipi.
1180 1383 1323 1450 interriti

310 1514 426 1556 omnes.

386 1695 568 1759 aliarum
601 1695 746 1780 opum)
807 1697 937 1762 Scribo:
981 1697 1030 1758 ita
1054 1695 1223 1758 alienarum
1245 1711 1323 1772 opum

310 1801 416 1880 ignari
439 1801 552 1880 magis.
580 1818 779 1863 rrn‘rrnrrve.
823 1803 900 1863 Sine
916 1797 1014 1861 cansa.
1054 1797 1182 1880 Nempe
1197 1795 1250 1856 illie
1264 1812 1323 1854 con·

310 1903 393 1962 tenti
411 1902 540 1966 vivunt.
592 1905 679 1963 Turn
696 1904 795 1964 Vatic.
813 1901 895 1984 Lipi.
918 1901 1003 1962 Gud.
1026 1901 1119 1984 Prag.
1140 1898 1241 1961 Cibin.
1255 1893 1322 1956 lieh-

311 2003 411 2085 diger.
437 2003 539 2082 magii
561 2001 695 2064 aliorum
717 2023 812 2081 opum
841 2003 957 2083 ignari.
1011 2003 1096 2062 End.
1121 2013 1175 2078 15.
1204 2014 1254 2072 17.
1276 2013 1320 2058 20.

310 2117 369 2182 23.
384 2103 519 2164 aliarum
536 2123 629 2183 opom
646 2105 749 2185 magis
762 2105 879 2186 ignari.
917 2105 956 2163 In
974 2101 1067 2164 Perii.
1085 2119 1119 2166 2.
1140 2094 1320 2181 magisabeii.

307 2206 357 2264 uti
382 2205 449 2284 post
465 2205 498 2263 in
516 2205 611 2268 Parii.
632 2225 662 2268 1.
685 2225 804 2286 pecore.
845 2209 882 2268 In
901 2204 1084 2266 Vindobon.
1104 2205 1218 2286 legitur
1237 2213 1321 2260 terrm

306 2325 423 2386 pecore,
448 2306 497 2365 uti
514 2307 547 2366 in
564 2308 615 2369 ed.
637 2327 666 2368 1.
691 2301 737 2368 rm
759 2329 877 2389 pecore,
904 2307 1092 2387 quotidem
1112 2305 1207 2366 valet.
1251 2301 1320 2362 Tum

310 2404 394 2488 Lipi.
413 2397 548 2496 fetnbns
563 2427 622 2491 pro
634 2405 778 2499 finibos5
803 2409 977 2490 Rehdiger.
990 2397 1171 2498 frngibns;
1195 2407 1251 2468 hot
1266 2401 1317 2482 qui·

308 2509 382 2570 dem
400 2509 531 2580 melius,
558 2511 614 2572 etii
630 2503 756 2594 vulgata
770 2524 855 2574 recte
871 2511 977 2574 hahet.

379 2709 520 2794 vitro)
570 2713 716 2795 Plerique
745 2715 869 2776 codices
901 2711 1021 2774 hebent
1042 2711 1150 2784 ultro,·
1187 2703 1273 2772 Parii.
1297 2724 1320 2766 ¹·

304 2811 389 2894 Lipi.
415 2812 505 2898 Preg.
529 2815 614 2877 Gud.
636 2815 742 2877 Havn.
767 2814 931 2899 Augustini.
952 2813 1055 2878 Vatic.
1074 2827 1108 2890 3.
1134 2813 1227 2873 nitra.
1261 2806 1324 2868 Edi·

304 2917 410 2975 tiones
432 2916 514 2976 nitro
534 2918 573 2977 ad
591 2913 749 2986 Voss'mm,
777 2919 832 2998 qui
854 2918 976 2998 primus
995 2913 1139 2996 reposuit
1157 2916 1255 2981 vitro,
1283 2907 1324 2968 nti

303 3015 435 3076 videtur
458 3016 572 3080 exstare
593 3019 627 3078 in
648 3016 741 3080 Parii.
767 3035 799 3080 2.
835 3018 964 3078 sirecte
987 3017 1071 3080 filuir
1092 3017 1163 3077 eine
1188 3013 1323 3075 conlator.

304 3135 511 3180 ‘rzecrrvcrrn
553 3115 668 3200 Uirro)
708 3120 860 3180 indenda
876 3119 929 3187 en,
952 3131 988 3177 ut
1004 3129 1094 3200 puto,
1123 3117 1221 3177 dictio
1235 3109 1325 3202 glasto

301 3236 319 3278 a
340 3215 473 3276 librariis
495 3222 678 3297 promerita,
703 3234 739 3280 ut
756 3223 808 3282 fir:
835 3220 919 3280 nitro
938 3229 1072 3298 corpora
1085 3216 1190 3310 glasto
1211 3205 1325 3304 insecti.

302 3315 413 3382 caesar
435 3320 548 3400 quimo
575 3324 876 3383 commentariorum
901 3314 989 3406 [cap.
1017 3312 1096 3404 14]
1126 3319 1241 3380 Omnes
1261 3331 1325 3374 vero

295 3412 335 3514 fi
353 3419 507 3481 Britanni
528 3421 611 3482 uitro
633 3421 736 3516 glasto
754 3421 910 3514 inficiunt.
936 3420 1021 3504 qnod
1036 3421 1204 3482 coeruleum
1220 3409 1324 3512 efficia&

300 3521 451 3593 colorem,
487 3535 583 3604 atqne
606 3523 666 3582 tzor
687 3525 858 3584 horridiore
877 3515 961 3614 sunt
986 3523 1150 3601 inpugna
1172 3515 1323 3612 adspectu·

300 3624 455 3684 Meminit
472 3637 504 3684 et
521 3623 644 3685 Plinius
667 3625 720 3686 lib.
741 3641 798 3686 ee.
816 3645 882 3705 cap.
901 3645 929 3686 r.
958 3643 1158 3684 emmone.
1211 3619 1323 3683 Adden·

298 3725 377 3784 dum
397 3725 462 3784 dixi
480 3725 615 3786 verbum
637 3725 739 3813 ginfio
760 3746 799 3786 ex
813 3723 949 3788 Caesaris
969 3727 1206 3786 commentariis
1223 3736 1254 3785 et
1269 3718 1324 3780 Pli-
1385 3719 1386 3728 ’

298 3827 354 3888 nio
375 3825 429 3886 lib.
452 3843 508 3889 22.
531 3828 565 3886 in
589 3829 660 3907 ipiie
684 3827 784 3888 stetim
808 3829 928 3897 initiie3
971 3846 1057 3886 nunc
1081 3825 1241 3908 repudiata
1264 3819 1322 3880 ien·
1385 3869 1386 3876 ,

298 3929 409 3996 tentia,
432 3927 550 3998 locum,
567 3942 608 3987 ‘ut
625 3930 798 4007 minuerat,
821 3929 976 4008 relinquo,
1000 3928 1085 4008 quod
1101 3929 1134 3986 in
1148 3925 1278 3988 Caesarie
1292 3931 1320 3978 et
1385 3919 1386 3922 ’

246 4053 250 4068 ·
296 4031 396 4092 Plinii
420 4025 539 4109 scriptis
569 4031 806 4110 emendatisque
837 4028 1001 4090 codicibus
1034 4049 1069 4089 ee
1101 4049 1165 4088 vox
1197 4025 1320 4087 minime

295 4131 434 4217 legatur,
459 4147 563 4210 neque
586 4131 721 4194 omnino
747 4131 861 4194 Latine
886 4130 933 4193 fir.
982 4131 1089 4194 Debee
1111 4129 1198 4190 hunc
1222 4127 1319 4189 locum
