2814 4946
307 449 370 520 6²4
606 437 851 498 rourourr
885 435 1048 494 Mutae

309 615 397 676 Tum
420 612 582 694 antiquam
606 611 798 680 lectionem.
825 610 940 693 Styra,
965 613 1065 672 eiecta
1086 629 1169 672 voce
1189 607 1362 704 Hestiaea,

311 717 365 778 vel
392 713 531 806 Issiaco,
563 716 688 774 revexit
717 713 927 782 l'teinoldius,
963 714 1015 772 cui
1049 727 1134 772 recte
1162 709 1362 772 auscultavit

311 819 351 880 A.
375 816 560 878 Gronovius
590 817 624 875 in
651 815 703 877 ed.
731 823 793 894 44.
828 827 922 894 atque
948 812 1010 874 boe
1037 809 1173 874 subsedit
1204 815 1238 872 in
1269 813 1360 874 aliis.

314 935 520 980 rzscrrvcua.
574 913 694 998 Styra)
754 915 967 976 Scribentlum
1000 927 1082 996 puto
1109 912 1279 1005 Hestiaeo,
1315 915 1360 974 de

307 1037 376 1100 'qua
397 1031 490 1099 poeta
512 1013 781 1078 eminentissimus
803 1009 984 1101 [Homerut
1009 1016 1046 1077 ll.
1066 1031 1099 1094 e,
1118 1009 1221 1102 557.]
1250 1010 1363 1078 πολυ-

314 1111 491 1198 στάφυλόν
521 1138 559 1180 τι
588 1113 774 1187 Ἐστιαῖαν,
802 1111 925 1204 [immo
953 1111 987 1178 θ’
1010 1109 1185 1199 Ἱστίαιαν]
1220 1115 1259 1176 ab
1289 1115 1362 1176 He·

302 1219 430 1314 stiam.
463 1237 541 1300 quae
560 1217 599 1278 ad
624 1217 803 1300 Olympum
824 1215 884 1286 est.
918 1217 1056 1278 deducto
1077 1219 1222 1278 nomine.
1277 1217 1362 1278 Fuit

314 1325 350 1382 in
371 1317 500 1382 adverso
523 1331 630 1380 tamen
655 1319 805 1380 Euboeae
827 1318 915 1378 locut
936 1317 1066 1410 Astyra,
1095 1333 1132 1378 ut
1154 1321 1198 1378 ait
1215 1317 1361 1388 Charax,

316 1417 421 1509 [apud
441 1420 640 1504 Stephanum
662 1420 696 1482 h.
716 1413 769 1503 v.]
796 1421 882 1479 iuxta
898 1419 1043 1490 Potnias,
1069 1418 1127 1480 nisr
1148 1421 1217 1500 quie
1237 1421 1271 1478 in
1291 1421 1361 1480 Eu·

313 1521 428 1585 boeam
449 1539 578 1603 quoque
606 1521 638 1580 id
668 1539 790 1582 nomen
821 1519 1024 1590 notatarum.
1060 1534 1099 1580 ut
1123 1521 1181 1580 alia
1202 1521 1361 1602 pleraque

313 1621 445 1693 censeat,
472 1635 564 1704 atque
581 1623 624 1682 ita
642 1623 732 1683 malit
749 1618 875 1711 Astyra,
902 1641 997 1702 quam
1016 1619 1178 1712 Hostiam.
1204 1619 1359 1684 scribere.

315 1743 503 1786 nannenus.
566 1722 689 1784 Mirum
712 1721 772 1791 ett.
807 1723 862 1802 qui
891 1735 956 1783 tam
981 1720 1085 1784 secure
1114 1723 1176 1784 viri
1200 1723 1291 1784 docti
1321 1725 1360 1782 in

314 1825 373 1886 hac
390 1823 553 1886 Hermolai
576 1824 713 1886 lectione
735 1821 932 1904 adquiescere
952 1825 1132 1905 potuerint,
1158 1843 1237 1904 quae
1258 1825 1359 1886 nullo

315 1927 464 1988 codicum
486 1923 638 2008 praesidio
663 1927 821 1995 firmatur,
858 1945 935 1986 curn
956 1938 1112 2006 praeterea
1128 1925 1295 1987 Homerus
1322 1927 1359 1986 iu

316 2026 467 2087 Euboeae
488 2027 566 2088 locie
583 2023 783 2087 recensendis
796 2026 833 2086 ll.
853 2041 885 2096 a,
904 2038 987 2105 559.
1013 2026 1109 2107 Styra
1131 2024 1244 2088 diserte
1264 2047 1359 2088 com·

314 2140 486 2190 memoret.
519 2125 666 2188 Offemlit
680 2123 761 2188 sorte
778 2127 997 2197 Hermolaum,
1014 2129 1099 2208 quod
1117 2141 1219 2188 narrat
1233 2127 1357 2190 Strabo

315 2228 373 2288 lib.
399 2247 452 2290 ro.
477 2247 508 2308 p.
529 2247 572 2288 ru.
594 2241 677 2306 507.
694 2225 715 2291 s.
732 2229 824 2306 446.
851 2241 939 2289 etex
961 2247 1001 2290 eo
1018 2228 1197 2290 Eustatbiuo
1217 2229 1256 2289 ad
1283 2230 1358 2289 Ho-

314 2348 442 2389 merum
460 2349 487 2390 c.
503 2329 524 2390 l.
552 2348 622 2390 enm
639 2327 751 2390 urbem
770 2328 808 2388 ab
828 2328 1074 2391 Atheniensrbue
1096 2331 1231 2390 dirutam
1249 2327 1357 2399 fuisse,

251 2487 254 2498 ,
312 2429 485 2511 locumque
501 2427 539 2490 ab
556 2429 785 2492 Eretriensrbue
806 2443 1012 2511 occupatum3
1044 2451 1138 2512 quare
1159 2433 1256 2491 etiam
1280 2433 1357 2492 eius

314 2532 516 2593 mentionem
535 2531 657 2592 nullam
675 2528 819 2592 fecerunt
840 2531 965 2593 Plinius
984 2545 1017 2592 et
1038 2532 1251 2594 Ptolemaeus.
1309 2535 1356 2592 At

313 2631 400 2694 Mela
428 2651 495 2692 non
521 2630 590 2694 suae
614 2631 715 2694 solum
738 2633 863 2703 aetatis,
895 2629 947 2692 sed
969 2645 1000 2692 et
1024 2631 1191 2714 superioris
1209 2631 1356 2716 Geogra·

313 2732 423 2815 pbiam
440 2735 582 2815 exponit,
608 2735 662 2794 vel
684 2733 762 2804 loca,
789 2752 901 2794 eorum
921 2731 981 2794 saur
1003 2735 1162 2816 ignorans,
1187 2734 1353 2815 producit,

312 2833 395 2914 quast
420 2834 524 2894 adbuc
540 2834 689 2896 steterint.
741 2821 894 2916 E'xempla
915 2833 1067 2914 praebent
1087 2835 1221 2914 Sigeum,
1252 2834 1356 2916 Olyn·

183 2929 189 2942 ⁸
312 2934 400 3002 thos,
428 2934 584 2996 Potidaea
608 2949 640 2996 et
661 2935 729 2996 alia.
781 2937 867 2994 'l‘um
892 2933 1057 3026 Histiaeu,
1091 2935 1212 2997 lillare
1239 2932 1354 3016 possit,

309 3033 490 3115 praeferunt
511 3049 669 3106 auctores.
701 3047 737 3094 ut
760 3035 941 3097 Histiaeotis
966 3038 1005 3097 de
1027 3035 1157 3098 Euboea
1183 3052 1354 3117 praeeunt,

183 3177 187 3190 ·
312 3137 409 3198 etiam
428 3137 590 3198 Homerus
607 3157 635 3199 c.
651 3137 671 3198 l.
701 3135 852 3200 Ceterum
870 3157 887 3198 a
902 3135 1024 3199 verbiet
1049 3137 1182 3220 Aliquot
1195 3140 1229 3198 in
1242 3159 1282 3197 ea
1297 3172 1354 3186 —

310 3237 420 3316 capitis
441 3238 500 3312 56.
524 3238 657 3299 initium
679 3235 754 3298 facit
775 3237 917 3300 Vinetue.

385 3385 582 3468 Eretria)
631 3387 717 3449 Male
747 3388 842 3450 etiam
869 3387 930 3449 hoc
961 3409 1080 3452 nomen
1107 3387 1267 3452 adiectum
1294 3391 1351 3451 ad·

308 3499 406 3566 patet.
449 3487 600 3556 Vaticani.
625 3486 718 3550 Paris.
742 3509 769 3552 ι.
791 3507 821 3550 e.
846 3489 954 3554 Gibin.
980 3491 1117 3552 Vindob.
1144 3491 1227 3552 Gud.
1251 3491 1349 3575 Prag.

308 3583 392 3666 Lips.
411 3587 522 3652 Venet.
536 3589 661 3661 stetim
688 3587 781 3662 Paris,
796 3603 828 3668 5.
846 3591 993 3663 Phrett'a3
1016 3591 1153 3676 Reltdig.
1170 3593 1347 3674 pboetkya.

307 3685 369 3746 Ed.
393 3707 420 3750 ι.
437 3679 565 3775 stetim
592 3704 626 3752 Ω.
647 3707 681 3768 9.
699 3692 844 3769 phretia;
877 3704 960 3752 recte
984 3693 1056 3753 edd.
1076 3695 1223 3761 Venetae,
1251 3705 1284 3770 3.
1305 3703 1345 3770 [ι.

307 3797 341 3864 5.
364 3785 590 3851 substituerunt
610 3789 754 3860 Eretria,
783 3811 878 3870 quarn
902 3793 1014 3852 urbem
1036 3794 1111 3854 inde
1135 3793 1174 3854 ab
1194 3793 1345 3856 Homero

305 3885 342 3948 11.
360 3903 406 3965 2„
418 3903 501 3970 537.
527 3891 622 3952 multi
642 3891 676 3951 in
692 3891 823 3954 Euboea
842 3907 1106 3956 commemorant.

374 4039 554 4120 Pyrrho.
585 4032 743 4132 Nesos)
796 4042 880 4104 Male
908 4044 985 4108 haec
1015 4045 1148 4106 uomina
1180 4046 1216 4106 in
1251 4044 1343 4107 libria

298 4139 493 4224 coaluerunt,
519 4144 563 4204 ita
584 4156 691 4205 tamen
708 4158 744 4206 ut
767 4144 845 4209 facta
862 4147 960 4210 etiam
977 4147 1047 4230 post
1063 4149 1341 4210 contaminatione
