2810 4944
239 461 359 540 -416
603 461 846 521 couaouu
880 463 1039 520 natac

296 639 381 722 quod
399 639 541 720 plurium
558 634 716 698 Codicum
734 637 917 698 auctoritate
936 633 1067 698 servavi.
1105 635 1177 698 Post
1192 635 1340 696 Vindob.

298 755 427 803 tautum
451 759 508 820 pro
529 751 644 808 tomen,
668 739 754 818 quod
780 736 872 798 Paris.
893 753 924 800 o.
950 739 1091 810 outittit3
1119 736 1212 798 Paris.
1237 759 1267 799 t.
1286 749 1344 795 ta·

298 865 366 903 meu
388 855 424 902 ut
438 831 601 930 spartum.
661 841 698 899 ln
728 839 873 920 Lipficnfi
908 839 1002 900 obelo
1037 853 1143 900 notata
1175 853 1241 899 crat
1270 857 1343 897 vox

289 935 458 1034 spartum,
486 957 518 1002 et
541 943 573 1000 in
590 943 731 1024 margine
747 941 858 1002 cariem
872 960 968 1000 manu
983 941 1159 1021 adpofitum
1175 932 1340 1028 sonitum,

296 1043 376 1104 infra
398 1040 550 1103 conabum
570 1063 627 1122 pro
650 1040 836 1104 cannabum.
887 1045 929 1104 At
944 1041 1076 1124 [palium
1088 1043 1182 1102 nihili
1199 1041 1242 1104 est
1258 1062 1342 1112 vox,

297 1161 330 1208 ct
352 1149 391 1208 de
415 1143 515 1227 [parto
537 1146 673 1206 narratio
695 1141 854 1226 frequena.

470 1353 500 1428 §.
530 1363 562 1428 ἦ.
614 1347 667 1441 cst
699 1347 929 1440 distincta)
988 1347 1095 1412 Cibin.
1120 1351 1243 1410 omittit
1272 1347 1342 1441 ‘st3

299 1453 372 1516 cdd.
393 1467 450 1532 30.
468 1465 525 1530 52.
549 1449 592 1546 cst
616 1464 648 1512 ct
669 1450 703 1510 di
719 1451 830 1516 t'iucta.
864 1449 1003 1514 Vinctus
1021 1471 1038 1512 a
1056 1449 1166 1512 Tribus
1186 1472 1252 1533 cap.
1272 1467 1341 1531 45.

296 1557 419 1637 incipit.

375 1713 730 1812 Tarraconensis)
763 1721 859 1782 Varie
871 1721 922 1782 ista
940 1723 1069 1782 nomina
1094 1720 1227 1781 scribunt
1245 1719 1339 1790 iibri,

296 1825 352 1909 ipsi
368 1827 462 1884 ctiam
482 1823 526 1883 sui
549 1823 599 1884 hic
619 1823 735 1904 etpost
759 1824 932 1884 dissimilet.
972 1825 1054 1885 Cum
1075 1826 1176 1906 pigeat
1193 1823 1341 1905 singulos

297 1929 430 1990 nontiuc
452 1923 599 2006 proferre.
628 1923 782 2008 defungar
800 1921 977 2006 scripturae.
1005 1928 1102 2006 quali·
1128 1927 1229 1984 hicet
1249 1923 1340 1984 inira

296 2027 588 2094 occurrit.i1uiicio.
618 2025 679 2086 Pro
701 2022 938 2114 Tatracoucufit
957 2029 1049 2086 muiti
1076 2023 1338 2116 l‘ltorocoucufic,

302 2123 530 2216 Tcracoucufis,
553 2123 791 2214 terragoneufiu
816 2125 968 2211 (Cibin.)
999 2123 1239 2215 Terraconenstr.
1277 2126 1336 2190 ef.

296 2231 334 2290 ati
357 2246 386 2296 2.
406 2243 438 2300 7.
456 2245 513 2290 oo.
565 2227 635 2287 Post
652 2225 778 2294 hectico.
804 2225 933 2296 boetico.
958 2229 1102 2294 Baetica.
1127 2229 1250 2288 Retico.
1294 2233 1338 2288 in

294 2326 468 2418 Lnfltcuic
495 2327 711 2424 consentiunt,
747 2343 870 2390 tanuuu
894 2329 972 2390 iufra
1002 2330 1108 2391 Cibin.
1140 2329 1335 2392 vindobon.

294 2432 345 2492 cd.
372 2451 406 2509 9.
437 2427 619 2520 Lufitaueo.
675 2431 822 2510 Denique
852 2433 902 2494 ed.
926 2445 983 2508 3ο.
1009 2431 1129 2491 omittit
1151 2451 1227 2506 nors
1248 2431 1338 2490 Boc·

295 2534 370 2598 tica,
398 2546 430 2592 et
445 2530 539 2593 Parii.
560 2545 590 2608 5.
612 2531 723 2592 habet:
749 2531 848 2592 altero
870 2534 974 2612 capite
993 2554 1070 2613 pars
1085 2533 1229 2602 Baetica,
1249 2553 1337 2611 pars

293 2629 468 2724 Lusitania
492 2647 634 2695 vocatur.

370 2801 699 2880 contingens)
737 2801 829 2894 cipi.
857 2803 939 2863 oud.
964 2803 1054 2887 Prag.
1077 2801 1180 2863 Vatic.
1208 2800 1333 2864 Vener.

295 2905 468 2984 attingens.
509 2903 607 2962 Antea
625 2905 691 2984 post
711 2903 865 2966 Baeticam
886 2903 988 2966 Vatic.
1005 2919 1037 2982 3.
1061 2903 1185 2964 infercit
1206 2907 1332 2982 integit.

294 3005 358 3069 Pro
375 3003 483 3064 obiicit
499 3005 669 3088 lieiuliger.
692 3003 798 3074 obicit,
826 3019 862 3064 ut
880 3007 952 3065 aiibi
972 3006 1073 3066 adicit
1093 3021 1124 3066 ct
1138 3005 1259 3076 nmilia,
1288 3007 1333 3069 de

292 3107 405 3187 quibua
421 3107 459 3167 ad
480 3119 511 3184 5,
535 3119 567 3182 5,
590 3117 623 3182 8.
650 3105 733 3168 Gud.
759 3128 854 3166 necant
875 3126 932 3188 pro
956 3108 1048 3168 mari.

365 3293 498 3374 Auos)
551 3295 738 3378 Legendnm
771 3297 843 3356 Aua
873 3315 939 3356 non
978 3297 1076 3360 Auos.
1128 3316 1329 3361 oatvantvs.

292 3393 397 3454 Immo
411 3397 615 3456 retinendum
633 3417 707 3456 cum
724 3397 874 3457 omnibus
890 3397 976 3457 libris
993 3403 1088 3466 alitos,
1106 3401 1190 3478 qood
1209 3399 1331 3480 sapien·

292 3497 354 3555 tius
375 3493 437 3574 ipsc
461 3494 545 3558 fecit.
600 3497 682 3558 Nam
707 3503 792 3567 Aua,
821 3498 945 3559 Graecia
969 3490 1179 3570 etian1'‘Aoo,
1206 3503 1330 3561 dicitur

291 3598 324 3656 in
348 3599 465 3658 casabus
496 3599 631 3678 obliquis
659 3600 760 3660 veluti
789 3601 871 3680 apud
902 3601 1047 3661 Strabon.
1079 3613 1111 3676 3.
1136 3621 1167 3682 p.
1193 3623 1237 3662 m.
1265 3605 1329 3664 tu.

291 3695 313 3759 s.
339 3713 416 3778 159.
445 3699 590 3760 Ptolem..
607 3717 636 3769 2,
658 3711 691 3780 (4.
733 3687 774 3760 Et
792 3701 830 3760 iio
844 3705 914 3759 Aua
934 3701 966 3759 in
983 3702 1121 3762 ablativo
1137 3705 1217 3782 apud
1236 3703 1328 3766 Caes.

291 3799 331 3860 de
350 3800 386 3860 B.
410 3801 447 3862 C.
471 3820 498 3869 ι,
520 3813 576 3878 38.
603 3801 685 3864 Plin.
707 3817 738 3876 5,
758 3816 790 3879 3.
811 3799 831 3864 i.
856 3821 883 3865 t.
905 3814 938 3862 et
958 3801 1042 3865 alibi.
1086 3795 1186 3880 ”Anac
1210 3805 1328 3868 diserte

290 3902 325 3959 in
342 3899 496 3963 Strabone
514 3921 540 3964 c.
559 3903 579 3964 l.
607 3903 733 3986 legitur.

363 4080 403 4128 cc
435 4069 550 4153 idco)
601 4073 691 4132 Duae
717 4073 775 4133 hac
802 4073 958 4135 dictiones
984 4071 1058 4138 falso
1084 4075 1210 4138 additae
1240 4073 1326 4138 funt.

290 4188 487 4234 atunauva.
544 4173 771 4236 Minutioribus
795 4177 890 4237 etiam
915 4177 1011 4238 literis
1027 4175 1168 4238 distinxit
1183 4179 1217 4238 in
1235 4191 1328 4243 textu
