2814 4946
198 423 204 432 .
307 400 371 474 494
598 393 850 452 rottroutt
893 393 1058 450 neure

308 565 428 630 Contra
444 565 601 628 editiones
618 586 731 629 otnnet
750 585 824 627 cum
841 567 1062 628 lieiooldianie
1079 568 1193 629 volunt
1209 565 1337 628 Alexan·

308 668 395 730 ἀνῖαι
415 689 515 738 none,
541 669 619 728 tium
634 669 670 727 eti
688 669 826 750 priorem
844 669 990 730 ordinem
1006 669 1132 729 reduxit
1148 671 1181 730 t.
1197 667 1335 728 Gronor.

308 771 343 830 in
365 769 416 831 eti.
433 779 492 846 44.
519 771 573 849 qui
596 783 628 830 et
650 769 718 850 post
734 769 890 830 remansit.
942 769 1039 832 Pauci
1055 783 1179 830 tantum
1202 789 1241 830 ex
1262 768 1337 828 nteit

308 871 435 932 MSStie
452 869 665 930 Alexandriae
686 891 769 930 rome
792 869 929 940 habent,
962 873 996 930 in
1019 872 1136 952 qttibue
1160 869 1336 930 Vindoboo.

308 970 380 1056 (hic
396 971 491 1033 etiarn
508 991 569 1030 nort
593 991 649 1052 pro
666 992 750 1030 nune
765 970 872 1052 dedit)
899 985 985 1032 etex
1002 972 1199 1033 consutorum
1220 969 1337 1030 silentio

309 1075 416 1134 Harn.
441 1086 473 1134 et
495 1070 688 1134 Parisrensee.
739 1073 776 1132 ln
798 1069 902 1132 fronte
925 1085 1031 1132 tumen
1052 1073 1103 1154 τῷ
1123 1071 1196 1132 oiim
1219 1071 1339 1131 concin-

306 1176 382 1236 nior
404 1173 524 1256 obponi
544 1173 688 1234 arbitror.
737 1173 890 1235 Ceterum
919 1173 1102 1234 vindobon.
1126 1175 1252 1252 pharon
1270 1167 1339 1263 five

307 1277 445 1357 pharos.
472 1287 509 1334 ut
529 1272 608 1336 inste
629 1277 736 1353 §.18.
759 1265 900 1362 bobtnffi
910 1271 985 1365 seve
1005 1265 1171 1363 lmbitaffe.

383 1479 657 1558 coniungitur
665 1475 683 1556 )
747 1475 832 1538 Alias
867 1477 1019 1556 iungitur.
1072 1478 1110 1538 V.
1149 1475 1189 1539 C.
1224 1477 1339 1536 Pharos

309 1601 395 1642 nuno
414 1579 626 1641 Alexandriae
653 1591 750 1654 ponte
773 1579 986 1657 coniungitur.
1021 1596 1228 1641 ctttccotttve.
1277 1577 1338 1638 olei

308 1699 421 1743 omnes
442 1699 515 1741 cum
535 1681 608 1742 edd.
630 1679 749 1740 hebent
773 1681 985 1760 coniungitur.

382 1881 504 1962 prodi
513 1895 592 1942 tom
601 1881 620 1964 )
669 1882 776 1946 Cibin.
804 1881 889 1944 Gnti.
917 1881 1117 1962 productum.
1161 1881 1239 1945 Post
1261 1879 1337 1942 Gud.

308 1985 416 2056 borist
443 1983 581 2047 vindob.
605 1982 668 2044 rlt'et'
689 1976 799 2076 rursm
825 1985 915 2070 Prag.
937 1981 1085 2046 obducta.

384 2185 728 2249 coniectantibus
736 2186 755 2268 )
806 2187 952 2268 Plerique
974 2207 1012 2248 ex
1030 2185 1153 2250 Msstn
1175 2188 1265 2256 meir,
1287 2187 1337 2246 Va·

306 2287 418 2356 ticeni,
452 2286 547 2349 Paris.
575 2309 604 2350 t.
635 2307 665 2351 e.
691 2303 724 2368 3.
752 2289 863 2350 Venet.
887 2287 1026 2350 Vindob.
1054 2289 1142 2370 Prag.
1169 2291 1334 2370 Rehdiger.

308 2388 392 2448 Gud.
415 2380 686 2480 consectantibus.
715 2391 763 2450 nti
784 2411 822 2450 ett
846 2388 951 2471 priscis
974 2389 1047 2450 edd.
1072 2409 1100 2450 t.
1122 2405 1153 2450 2.
1177 2409 1212 2468 9.
1237 2391 1333 2452 Cibin.

306 2489 362 2569 qni
387 2489 471 2550 idem
497 2491 615 2560 voluit,
642 2483 910 2580 consentientibus.
962 2493 999 2552 Δ.
1019 2489 1207 2552 Gronovius
1228 2512 1265 2552 ex
1281 2487 1334 2549 suit

306 2591 393 2650 libris
416 2591 496 2650 nihil
519 2592 643 2654 adtulit.
696 2591 837 2662 Mirum,
867 2593 888 2652 fi
912 2589 968 2652 soli
990 2591 1024 2650 in
1049 2591 1180 2674 vulgata
1205 2592 1332 2652 lectione

306 2690 556 2752 coniectantibus
574 2691 781 2774 perstitissent.
821 2693 1048 2754 Reinoldienae
1067 2693 1239 2762 editiones.
1264 2709 1332 2773 qnae

306 2791 457 2873 inspicere
491 2793 597 2864 licuit,
641 2796 724 2855 inter
759 2808 930 2875 utrumqne
965 2792 1101 2854 verbum
1136 2793 1330 2854 fluctuantur.

309 2893 494 2954 Coniectare
508 2897 616 2956 minue
632 2895 684 2964 est.
710 2915 804 2976 quam
827 2887 1009 2985 consectari.
1063 2895 1145 2953 lllud
1166 2897 1254 2955 enim
1274 2893 1333 2973 opi·

303 2994 437 3056 nionem
458 2997 574 3057 indicet
591 3017 628 3056 ex
643 2996 736 3080 stgnis
754 2995 941 3077 quibusdam
960 2995 1153 3066 conlectant;
1190 2996 1252 3055 hoc
1268 2995 1330 3076 pius

304 3095 404 3164 vaiet,
439 3111 471 3156 et
498 3095 645 3179 fignificat
671 3099 704 3156 in
727 3119 796 3158 rem
826 3099 960 3178 aliquem
990 3097 1165 3176 inquirere.
1205 3113 1328 3174 eamque

303 3191 434 3276 presstuo
455 3195 539 3276 sequi
560 3209 592 3260 et
612 3199 784 3280 explorare.
835 3201 948 3257 Vtrum
970 3198 1075 3280 eligas,
1102 3198 1136 3255 in
1157 3195 1215 3256 hac
1238 3195 1329 3255 breri-

302 3297 463 3376 loquentia
478 3311 546 3378 apta
561 3299 774 3360 arcessendum
791 3299 853 3364 huc
870 3300 912 3359 est
933 3317 971 3359 ex
989 3296 1192 3378 sequentibus
1214 3287 1327 3386 causat.

302 3399 340 3460 At
372 3397 394 3457 tt
425 3395 547 3458 sensnm
582 3401 652 3460 loco
679 3401 954 3461 accommodatum
988 3414 1021 3460 et
1053 3400 1206 3458 connexis
1233 3395 1329 3458 verbit

202 3567 206 3576 ¹
301 3497 402 3558 uideri
430 3499 534 3590 potest
565 3499 707 3584 respicias
715 3543 724 3573 ‚
759 3497 1008 3564 cortiectanetbus
1033 3499 1160 3562 meliori
1187 3501 1255 3558 iure
1280 3495 1328 3554 tibi
1365 3487 1366 3507 i

301 3597 411 3660 locum
435 3601 588 3665 vindicat.

377 3803 623 3884 mutatae)
673 3805 778 3870 Codri.
808 3807 938 3888 quidam
970 3807 1017 3866 uti
1040 3803 1133 3868 Poris.
1161 3821 1194 3868 u.
1220 3805 1323 3864 Venet.
1362 3769 1363 3821 ¹

301 3902 406 3965 ann.
430 3907 520 3990 Prag.
548 3927 620 3968 cunt
645 3907 718 3971 edd.
749 3923 802 3986 15.
833 3923 886 3978 t'7.
912 3923 969 3968 tto.
994 3920 1051 3984 25.
1074 3905 1268 3990 subiungnnt
1288 3899 1325 3960 rei

299 4024 338 4064 ex
363 4005 467 4089 glossa.
519 4007 583 4067 Etsi
615 4011 703 4069 enim
731 4009 890 4070 eiusmodi
919 4009 1127 4088 repetitiones
1152 4013 1322 4069 occurrunt,

299 4103 405 4168 locum
423 4123 528 4174 tamen
546 4109 665 4172 hebent
684 4112 718 4170 in
741 4129 888 4173 connexu
906 4111 1137 4191 pronominum
1155 4111 1210 4193 qui
1226 4106 1276 4168 rel
1291 4103 1323 4170 t't·
