<?xml version="1.0" encoding="UTF-8"?>
<!DOCTYPE html PUBLIC "-//W3C//DTD XHTML 1.0 Transitional//EN"
    "http://www.w3.org/TR/xhtml1/DTD/xhtml1-transitional.dtd">
<html xmlns="http://www.w3.org/1999/xhtml" xml:lang="en" lang="en">
 <head>
  <title>
</title>
<meta http-equiv="Content-Type" content="text/html;charset=utf-8" />
  <meta name='ocr-system' content='tesseract 3.04.00' />
  <meta name='ocr-capabilities' content='ocr_page ocr_carea ocr_par ocr_line ocrx_word'/>
</head>
<body>
  <div class='ocr_page' id='page_1' title='image "./pomponiimelaede05melagoog_0460.png"; bbox 0 0 2810 4944; ppageno 0'>
   <div class='ocr_carea' id='block_1_1' title="bbox 324 465 1069 544">
    <p class='ocr_par' dir='ltr' id='par_1_1' title="bbox 324 465 1069 544">
     <span class='ocr_line' id='line_1_1' title="bbox 324 465 1069 544; baseline 0 -22"><span class='ocrx_word' id='word_1_1' title='bbox 324 474 387 544; x_wconf 80' lang='lat' dir='ltr'><strong>tet</strong></span> <span class='ocrx_word' id='word_1_2' title='bbox 624 465 865 524; x_wconf 78' lang='lat' dir='ltr'><strong>roneonn</strong></span> <span class='ocrx_word' id='word_1_3' title='bbox 901 465 1069 524; x_wconf 68' lang='lat' dir='ltr'><strong>necin</strong></span> 
     </span>
    </p>
   </div>
   <div class='ocr_carea' id='block_1_2' title="bbox 326 635 1342 1332">
    <p class='ocr_par' dir='ltr' id='par_1_2' title="bbox 326 635 1342 1332">
     <span class='ocr_line' id='line_1_2' title="bbox 326 635 1340 724; baseline -0.01 -18"><span class='ocrx_word' id='word_1_4' title='bbox 326 663 362 706; x_wconf 80' lang='lat' dir='ltr'><strong>v.</strong></span> <span class='ocrx_word' id='word_1_5' title='bbox 382 649 468 720; x_wconf 55' lang='grc' dir='ltr'><strong>[ης.</strong></span> <span class='ocrx_word' id='word_1_6' title='bbox 490 638 510 704; x_wconf 84' lang='lat' dir='ltr'><strong>i.</strong></span> <span class='ocrx_word' id='word_1_7' title='bbox 529 647 615 720; x_wconf 72' lang='lat'><strong>478.</strong></span> <span class='ocrx_word' id='word_1_8' title='bbox 651 641 847 724; x_wconf 84' lang='lat' dir='ltr'><strong>Lycophron</strong></span> <span class='ocrx_word' id='word_1_9' title='bbox 868 661 900 702; x_wconf 86' lang='lat' dir='ltr'><strong>v.</strong></span> <span class='ocrx_word' id='word_1_10' title='bbox 916 642 1000 722; x_wconf 74' lang='lat'>645.</span> <span class='ocrx_word' id='word_1_11' title='bbox 1022 655 1152 722; x_wconf 87' lang='lat' dir='ltr'><strong>uterque</strong></span> <span class='ocrx_word' id='word_1_12' title='bbox 1171 657 1239 700; x_wconf 86' lang='lat' dir='ltr'><strong>cum</strong></span> <span class='ocrx_word' id='word_1_13' title='bbox 1257 635 1340 700; x_wconf 86' lang='lat' dir='ltr'><strong>Scho-</strong></span> 
     </span>
     <span class='ocr_line' id='line_1_3' title="bbox 328 734 1341 822; baseline -0.012 -15"><span class='ocrx_word' id='word_1_14' title='bbox 328 744 430 814; x_wconf 82' lang='lat' dir='ltr'><strong>liaiie,</strong></span> <span class='ocrx_word' id='word_1_15' title='bbox 459 743 578 806; x_wconf 75' lang='lat' dir='ltr'><strong>helian.</strong></span> <span class='ocrx_word' id='word_1_16' title='bbox 602 745 639 805; x_wconf 92' lang='lat' dir='ltr'><strong>V.</strong></span> <span class='ocrx_word' id='word_1_17' title='bbox 659 743 699 804; x_wconf 89' lang='lat' dir='ltr'><strong>H.</strong></span> <span class='ocrx_word' id='word_1_18' title='bbox 723 753 776 822; x_wconf 73' lang='lat'><strong>14,</strong></span> <span class='ocrx_word' id='word_1_19' title='bbox 795 759 828 820; x_wconf 78' lang='grc'><strong>4.</strong></span> <span class='ocrx_word' id='word_1_20' title='bbox 847 744 892 804; x_wconf 90' lang='lat' dir='ltr'><strong>in.</strong></span> <span class='ocrx_word' id='word_1_21' title='bbox 931 743 1107 820; x_wconf 83' lang='lat' dir='ltr'>Hesychius</span> <span class='ocrx_word' id='word_1_22' title='bbox 1124 741 1144 804; x_wconf 82' lang='lat' dir='ltr'><strong>i.</strong></span> <span class='ocrx_word' id='word_1_23' title='bbox 1160 763 1191 802; x_wconf 84' lang='lat' dir='ltr'><strong>v.</strong></span> <span class='ocrx_word' id='word_1_24' title='bbox 1210 734 1295 822; x_wconf 71' lang='grc' dir='ltr'><strong>Γαλῆ</strong></span> <span class='ocrx_word' id='word_1_25' title='bbox 1315 750 1341 796; x_wconf 90' lang='lat' dir='ltr'><strong>et</strong></span> 
     </span>
     <span class='ocr_line' id='line_1_4' title="bbox 328 837 1342 932; baseline -0.014 -23"><span class='ocrx_word' id='word_1_26' title='bbox 328 837 511 932; x_wconf 67' lang='grc' dir='ltr'><em>Ταρτησὸς,</em></span> <span class='ocrx_word' id='word_1_27' title='bbox 539 845 677 906; x_wconf 85' lang='lat' dir='ltr'><strong>Eustath.</strong></span> <span class='ocrx_word' id='word_1_28' title='bbox 692 845 729 904; x_wconf 89' lang='lat' dir='ltr'><strong>ad</strong></span> <span class='ocrx_word' id='word_1_29' title='bbox 755 841 887 923; x_wconf 83' lang='lat' dir='ltr'>Dionys.</span> <span class='ocrx_word' id='word_1_30' title='bbox 906 864 938 906; x_wconf 87' lang='lat' dir='ltr'><strong>v.</strong></span> <span class='ocrx_word' id='word_1_31' title='bbox 956 859 1039 928; x_wconf 79' lang='lat'>557.</span> <span class='ocrx_word' id='word_1_32' title='bbox 1059 859 1092 906; x_wconf 86' lang='lat' dir='ltr'><strong>et</strong></span> <span class='ocrx_word' id='word_1_33' title='bbox 1109 855 1190 923; x_wconf 77' lang='lat'><strong>455.</strong></span> <span class='ocrx_word' id='word_1_34' title='bbox 1225 841 1282 901; x_wconf 83' lang='lat' dir='ltr'><strong>Alii</strong></span> <span class='ocrx_word' id='word_1_35' title='bbox 1300 859 1342 896; x_wconf 83' lang='lat' dir='ltr'><strong>va·</strong></span> 
     </span>
     <span class='ocr_line' id='line_1_5' title="bbox 328 946 1342 1028; baseline -0.01 -19"><span class='ocrx_word' id='word_1_36' title='bbox 328 949 421 1016; x_wconf 80' lang='lat' dir='ltr'><strong>r&#39;icut,</strong></span> <span class='ocrx_word' id='word_1_37' title='bbox 443 961 477 1006; x_wconf 84' lang='lat' dir='ltr'><strong>ut</strong></span> <span class='ocrx_word' id='word_1_38' title='bbox 495 947 604 1006; x_wconf 84' lang='lat' dir='ltr'><strong>Suidac</strong></span> <span class='ocrx_word' id='word_1_39' title='bbox 626 946 660 1007; x_wconf 90' lang='lat' dir='ltr'><strong>h.</strong></span> <span class='ocrx_word' id='word_1_40' title='bbox 678 967 709 1008; x_wconf 84' lang='lat' dir='ltr'><strong>v.</strong></span> <span class='ocrx_word' id='word_1_41' title='bbox 732 947 836 1027; x_wconf 85' lang='lat' dir='ltr'><strong>piuree</strong></span> <span class='ocrx_word' id='word_1_42' title='bbox 853 947 1012 1028; x_wconf 81' lang='lat' dir='ltr'><strong>geminata</strong></span> <span class='ocrx_word' id='word_1_43' title='bbox 1028 949 1127 1008; x_wconf 87' lang='lat' dir='ltr'><strong>litera.</strong></span> <span class='ocrx_word' id='word_1_44' title='bbox 1162 946 1211 1006; x_wconf 86' lang='lat' dir='ltr'><strong>Sic</strong></span> <span class='ocrx_word' id='word_1_45' title='bbox 1225 954 1342 1019; x_wconf 89' lang='lat' dir='ltr'><strong>utruque</strong></span> 
     </span>
     <span class='ocr_line' id='line_1_6' title="bbox 329 1039 1342 1135; baseline -0.012 -25"><span class='ocrx_word' id='word_1_46' title='bbox 329 1049 430 1110; x_wconf 79' lang='lat' dir='ltr'><strong>motio</strong></span> <span class='ocrx_word' id='word_1_47' title='bbox 454 1040 637 1134; x_wconf 72' lang='lat' dir='ltr'><strong>Tcpppcic,</strong></span> <span class='ocrx_word' id='word_1_48' title='bbox 664 1042 847 1133; x_wconf 72' lang='lat' dir='ltr'><strong>Tcopnoit,</strong></span> <span class='ocrx_word' id='word_1_49' title='bbox 874 1041 1056 1135; x_wconf 77' lang='grc' dir='ltr'><strong><em>Παρνασός.</em></strong></span> <span class='ocrx_word' id='word_1_50' title='bbox 1097 1046 1159 1110; x_wconf 85' lang='lat' dir='ltr'><strong>Sed</strong></span> <span class='ocrx_word' id='word_1_51' title='bbox 1178 1041 1216 1106; x_wconf 85' lang='lat' dir='ltr'><strong>ci.</strong></span> <span class='ocrx_word' id='word_1_52' title='bbox 1238 1043 1275 1102; x_wconf 91' lang='lat' dir='ltr'><strong>de</strong></span> <span class='ocrx_word' id='word_1_53' title='bbox 1293 1039 1342 1100; x_wconf 85' lang='lat' dir='ltr'><strong>niu</strong></span> 
     </span>
     <span class='ocr_line' id='line_1_7' title="bbox 327 1141 1341 1234; baseline 0 -25"><span class='ocrx_word' id='word_1_54' title='bbox 327 1148 508 1234; x_wconf 84' lang='lat' dir='ltr'><strong>promiscuo</strong></span> <span class='ocrx_word' id='word_1_55' title='bbox 527 1151 558 1210; x_wconf 91' lang='lat' dir='ltr'><strong>in</strong></span> <span class='ocrx_word' id='word_1_56' title='bbox 576 1149 624 1210; x_wconf 84' lang='lat' dir='ltr'><strong>hie</strong></span> <span class='ocrx_word' id='word_1_57' title='bbox 641 1149 774 1212; x_wconf 79' lang='lat' dir='ltr'><strong>vocibus</strong></span> <span class='ocrx_word' id='word_1_58' title='bbox 790 1147 940 1212; x_wconf 83' lang='lat' dir='ltr'><strong>Kuhuiuc</strong></span> <span class='ocrx_word' id='word_1_59' title='bbox 955 1149 995 1212; x_wconf 87' lang='lat' dir='ltr'><strong>ad</strong></span> <span class='ocrx_word' id='word_1_60' title='bbox 1009 1147 1141 1212; x_wconf 79' lang='lat' dir='ltr'><strong>Pauien.</strong></span> <span class='ocrx_word' id='word_1_61' title='bbox 1160 1168 1191 1230; x_wconf 88' lang='lat' dir='ltr'><strong>p.</strong></span> <span class='ocrx_word' id='word_1_62' title='bbox 1206 1159 1272 1226; x_wconf 74' lang='lat'><strong>921</strong></span> <span class='ocrx_word' id='word_1_63' title='bbox 1289 1141 1341 1224; x_wconf 77' lang='lat' dir='ltr'><strong>sqq·</strong></span> 
     </span>
     <span class='ocr_line' id='line_1_8' title="bbox 328 1249 714 1332; baseline 0 -19"><span class='ocrx_word' id='word_1_64' title='bbox 328 1251 452 1314; x_wconf 76' lang='lat' dir='ltr'>Placuit</span> <span class='ocrx_word' id='word_1_65' title='bbox 472 1249 557 1332; x_wconf 82' lang='lat' dir='ltr'><strong>[equi</strong></span> <span class='ocrx_word' id='word_1_66' title='bbox 578 1251 714 1313; x_wconf 78' lang='lat' dir='ltr'><strong>codices.</strong></span> 
     </span>
    </p>
   </div>
   <div class='ocr_carea' id='block_1_3' title="bbox 328 1447 1345 1844">
    <p class='ocr_par' dir='ltr' id='par_1_3' title="bbox 328 1447 1345 1844">
     <span class='ocr_line' id='line_1_9' title="bbox 404 1447 1344 1539; baseline -0.005 -22"><span class='ocrx_word' id='word_1_67' title='bbox 404 1455 654 1539; x_wconf 81' lang='lat' dir='ltr'><em>Phoenices)</em></span> <span class='ocrx_word' id='word_1_68' title='bbox 704 1455 914 1520; x_wconf 75' lang='lat' dir='ltr'><strong>scribendum</strong></span> <span class='ocrx_word' id='word_1_69' title='bbox 938 1469 1016 1538; x_wconf 86' lang='lat' dir='ltr'><strong>puto</strong></span> <span class='ocrx_word' id='word_1_70' title='bbox 1041 1455 1154 1524; x_wconf 80' lang='lat' dir='ltr'><em>Poeni,</em></span> <span class='ocrx_word' id='word_1_71' title='bbox 1178 1471 1242 1515; x_wconf 90' lang='lat' dir='ltr'><strong>non</strong></span> <span class='ocrx_word' id='word_1_72' title='bbox 1263 1447 1344 1512; x_wconf 73' lang='lat' dir='ltr'><strong>Phoe</strong></span> 
     </span>
     <span class='ocr_line' id='line_1_10' title="bbox 328 1551 1342 1640; baseline -0.008 -24"><span class='ocrx_word' id='word_1_73' title='bbox 328 1557 425 1625; x_wconf 80' lang='lat' dir='ltr'><strong>uires,</strong></span> <span class='ocrx_word' id='word_1_74' title='bbox 449 1571 488 1616; x_wconf 90' lang='lat' dir='ltr'><strong>ut</strong></span> <span class='ocrx_word' id='word_1_75' title='bbox 507 1559 599 1638; x_wconf 86' lang='lat' dir='ltr'><strong>paulo</strong></span> <span class='ocrx_word' id='word_1_76' title='bbox 615 1559 740 1619; x_wconf 85' lang='lat' dir='ltr'><strong>amede</strong></span> <span class='ocrx_word' id='word_1_77' title='bbox 756 1557 949 1640; x_wconf 76' lang='lat' dir='ltr'><strong>Carthagine</strong></span> <span class='ocrx_word' id='word_1_78' title='bbox 964 1555 1149 1638; x_wconf 78' lang='lat' dir='ltr'>Hispaniae:</span> <span class='ocrx_word' id='word_1_79' title='bbox 1174 1573 1264 1638; x_wconf 85' lang='lat' dir='ltr'><strong>qncm</strong></span> <span class='ocrx_word' id='word_1_80' title='bbox 1278 1551 1342 1617; x_wconf 80' lang='lat' dir='ltr'><strong>dux,</strong></span> 
     </span>
     <span class='ocr_line' id='line_1_11' title="bbox 329 1649 1343 1750; baseline -0.007 -31"><span class='ocrx_word' id='word_1_81' title='bbox 329 1661 450 1739; x_wconf 89' lang='lat' dir='ltr'><strong>inquit,</strong></span> <span class='ocrx_word' id='word_1_82' title='bbox 484 1659 658 1720; x_wconf 84' lang='lat' dir='ltr'><strong>Poenorum</strong></span> <span class='ocrx_word' id='word_1_83' title='bbox 689 1649 847 1750; x_wconf 78' lang='lat' dir='ltr'><strong>Asdrubal</strong></span> <span class='ocrx_word' id='word_1_84' title='bbox 872 1657 1032 1727; x_wconf 79' lang='lat' dir='ltr'><strong><em>condidit,</em></strong></span> <span class='ocrx_word' id='word_1_85' title='bbox 1067 1671 1098 1718; x_wconf 88' lang='lat' dir='ltr'><strong>et</strong></span> <span class='ocrx_word' id='word_1_86' title='bbox 1121 1651 1343 1742; x_wconf 84' lang='lat' dir='ltr'><strong>Barcinoapud</strong></span> 
     </span>
     <span class='ocr_line' id='line_1_12' title="bbox 328 1753 1345 1844; baseline -0.007 -26"><span class='ocrx_word' id='word_1_87' title='bbox 328 1759 504 1824; x_wconf 79' lang='lat' dir='ltr'><strong>Ausonium</strong></span> <span class='ocrx_word' id='word_1_88' title='bbox 530 1753 641 1844; x_wconf 80' lang='lat' dir='ltr'><strong>[epist.</strong></span> <span class='ocrx_word' id='word_1_89' title='bbox 659 1771 716 1840; x_wconf 78' lang='lat'><strong>24,</strong></span> <span class='ocrx_word' id='word_1_90' title='bbox 741 1753 823 1844; x_wconf 81' lang='grc'><strong>68.]</strong></span> <span class='ocrx_word' id='word_1_91' title='bbox 849 1760 971 1820; x_wconf 86' lang='lat' dir='ltr'><strong>Punico</strong></span> <span class='ocrx_word' id='word_1_92' title='bbox 991 1773 1135 1822; x_wconf 84' lang='lat' dir='ltr'><strong>vocatur.</strong></span> <span class='ocrx_word' id='word_1_93' title='bbox 1186 1757 1345 1821; x_wconf 84' lang='lat' dir='ltr'><strong>Confirmat</strong></span> 
     </span>
    </p>
   </div>
   <div class='ocr_carea' id='block_1_4' title="bbox 210 1854 1345 1946">
    <p class='ocr_par' dir='ltr' id='par_1_4' title="bbox 210 1854 1345 1946">
     <span class='ocr_line' id='line_1_13' title="bbox 210 1854 1345 1946; baseline -0.009 -24"><span class='ocrx_word' id='word_1_94' title='bbox 210 1893 213 1898; x_wconf 92' lang='lat'>·</span> <span class='ocrx_word' id='word_1_95' title='bbox 329 1863 426 1922; x_wconf 87' lang='lat' dir='ltr'><strong>etiam</strong></span> <span class='ocrx_word' id='word_1_96' title='bbox 448 1861 529 1920; x_wconf 87' lang='lat' dir='ltr'><strong>hauc</strong></span> <span class='ocrx_word' id='word_1_97' title='bbox 551 1861 738 1930; x_wconf 88' lang='lat' dir='ltr'><strong>lectionem,</strong></span> <span class='ocrx_word' id='word_1_98' title='bbox 769 1863 852 1942; x_wconf 85' lang='lat' dir='ltr'><strong>quod</strong></span> <span class='ocrx_word' id='word_1_99' title='bbox 873 1861 1074 1922; x_wconf 76' lang='lat' dir='ltr'>Ptolemaeus</span> <span class='ocrx_word' id='word_1_100' title='bbox 1096 1856 1154 1946; x_wconf 81' lang='lat' dir='ltr'><strong>[c,</strong></span> <span class='ocrx_word' id='word_1_101' title='bbox 1180 1854 1236 1946; x_wconf 76' lang='grc'><strong>4.]</strong></span> <span class='ocrx_word' id='word_1_102' title='bbox 1259 1855 1345 1918; x_wconf 78' lang='lat' dir='ltr'><strong>Melo·</strong></span> 
     </span>
    </p>
   </div>
   <div class='ocr_carea' id='block_1_5' title="bbox 276 1959 1353 4274">
    <p class='ocr_par' dir='ltr' id='par_1_5' title="bbox 276 1959 1353 4274">
     <span class='ocr_line' id='line_1_14' title="bbox 328 1959 1345 2045; baseline -0.01 -22"><span class='ocrx_word' id='word_1_103' title='bbox 328 1963 427 2031; x_wconf 87' lang='lat' dir='ltr'><strong>riom,</strong></span> <span class='ocrx_word' id='word_1_104' title='bbox 456 1959 518 2021; x_wconf 84' lang='lat' dir='ltr'><strong>live</strong></span> <span class='ocrx_word' id='word_1_105' title='bbox 541 1977 578 2021; x_wconf 84' lang='lat' dir='ltr'><strong>ut</strong></span> <span class='ocrx_word' id='word_1_106' title='bbox 599 1961 664 2044; x_wconf 82' lang='lat' dir='ltr'><strong>ipse</strong></span> <span class='ocrx_word' id='word_1_107' title='bbox 688 1963 839 2045; x_wconf 80' lang='lat' dir='ltr'><strong>appellat,</strong></span> <span class='ocrx_word' id='word_1_108' title='bbox 865 1963 1055 2022; x_wconf 84' lang='lat' dir='ltr'><strong>Menlcricm</strong></span> <span class='ocrx_word' id='word_1_109' title='bbox 1076 1963 1109 2020; x_wconf 90' lang='lat' dir='ltr'><strong>in</strong></span> <span class='ocrx_word' id='word_1_110' title='bbox 1127 1963 1253 2022; x_wconf 84' lang='lat' dir='ltr'><strong>Bastuiis</strong></span> <span class='ocrx_word' id='word_1_111' title='bbox 1268 1959 1345 2022; x_wconf 90' lang='lat' dir='ltr'><strong>locat,</strong></span> 
     </span>
     <span class='ocr_line' id='line_1_15' title="bbox 329 2061 1345 2146; baseline -0.006 -26"><span class='ocrx_word' id='word_1_112' title='bbox 329 2065 402 2144; x_wconf 87' lang='lat' dir='ltr'><strong>qui,</strong></span> <span class='ocrx_word' id='word_1_113' title='bbox 428 2064 538 2132; x_wconf 79' lang='lat' dir='ltr'><strong>nteit,</strong></span> <span class='ocrx_word' id='word_1_114' title='bbox 567 2065 668 2124; x_wconf 86' lang='lat' dir='ltr'>Poeni</span> <span class='ocrx_word' id='word_1_115' title='bbox 687 2065 966 2146; x_wconf 76' lang='lat' dir='ltr'><strong>cognominantur.</strong></span> <span class='ocrx_word' id='word_1_116' title='bbox 994 2082 1195 2125; x_wconf 74' lang='lat' dir='ltr'><strong>murmure.</strong></span> <span class='ocrx_word' id='word_1_117' title='bbox 1244 2061 1345 2120; x_wconf 87' lang='lat' dir='ltr'><strong>Pintia·</strong></span> 
     </span>
     <span class='ocr_line' id='line_1_16' title="bbox 327 2161 1347 2245; baseline -0.006 -20"><span class='ocrx_word' id='word_1_118' title='bbox 327 2184 391 2225; x_wconf 84' lang='lat' dir='ltr'><strong>nus</strong></span> <span class='ocrx_word' id='word_1_119' title='bbox 417 2183 455 2224; x_wconf 85' lang='lat' dir='ltr'><strong>ex</strong></span> <span class='ocrx_word' id='word_1_120' title='bbox 480 2164 634 2224; x_wconf 90' lang='lat' dir='ltr'><strong>hocloco</strong></span> <span class='ocrx_word' id='word_1_121' title='bbox 657 2185 714 2245; x_wconf 86' lang='lat' dir='ltr'><strong>pro</strong></span> <span class='ocrx_word' id='word_1_122' title='bbox 737 2165 903 2225; x_wconf 81' lang='lat' dir='ltr'><em>Phoenices</em></span> <span class='ocrx_word' id='word_1_123' title='bbox 930 2163 1021 2224; x_wconf 80' lang='lat' dir='ltr'><strong>scribi</strong></span> <span class='ocrx_word' id='word_1_124' title='bbox 1049 2165 1119 2234; x_wconf 80' lang='lat' dir='ltr'><strong>vult</strong></span> <span class='ocrx_word' id='word_1_125' title='bbox 1143 2165 1253 2232; x_wconf 82' lang='lat' dir='ltr'><strong>Poeni,</strong></span> <span class='ocrx_word' id='word_1_126' title='bbox 1284 2161 1347 2219; x_wconf 82' lang='lat' dir='ltr'><strong>ficut</strong></span> 
     </span>
     <span class='ocr_line' id='line_1_17' title="bbox 276 2257 1347 2354; baseline 0 -26"><span class='ocrx_word' id='word_1_127' title='bbox 276 2325 280 2332; x_wconf 88' lang='grc'><strong>,</strong></span> <span class='ocrx_word' id='word_1_128' title='bbox 331 2263 560 2344; x_wconf 74' lang='lat' dir='ltr'><strong>Carthaginem</strong></span> <span class='ocrx_word' id='word_1_129' title='bbox 577 2257 881 2354; x_wconf 76' lang='lat' dir='ltr'><strong>condidiffiIegitur</strong></span> <span class='ocrx_word' id='word_1_130' title='bbox 898 2265 1060 2335; x_wconf 81' lang='lat' dir='ltr'>Asdrubal,</span> <span class='ocrx_word' id='word_1_131' title='bbox 1089 2266 1156 2326; x_wconf 85' lang='lat' dir='ltr'><strong>dux</strong></span> <span class='ocrx_word' id='word_1_132' title='bbox 1171 2265 1347 2328; x_wconf 81' lang='lat' dir='ltr'><strong>Poeoonmn</strong></span> 
     </span>
     <span class='ocr_line' id='line_1_18' title="bbox 330 2364 1345 2456; baseline 0.004 -28"><span class='ocrx_word' id='word_1_133' title='bbox 330 2385 399 2428; x_wconf 74' lang='lat' dir='ltr'><strong>troo</strong></span> <span class='ocrx_word' id='word_1_134' title='bbox 424 2366 637 2429; x_wconf 85' lang='lat' dir='ltr'><strong>Phoenicum.</strong></span> <span class='ocrx_word' id='word_1_135' title='bbox 700 2369 817 2427; x_wconf 90' lang='lat' dir='ltr'><strong>Verum</strong></span> <span class='ocrx_word' id='word_1_136' title='bbox 838 2367 950 2429; x_wconf 87' lang='lat' dir='ltr'><strong>Strabo</strong></span> <span class='ocrx_word' id='word_1_137' title='bbox 971 2367 1025 2428; x_wconf 85' lang='lat' dir='ltr'><strong>tib.</strong></span> <span class='ocrx_word' id='word_1_138' title='bbox 1053 2383 1108 2442; x_wconf 93' lang='lat'><strong>17.</strong></span> <span class='ocrx_word' id='word_1_139' title='bbox 1137 2364 1193 2456; x_wconf 88' lang='lat' dir='ltr'><strong>[p.</strong></span> <span class='ocrx_word' id='word_1_140' title='bbox 1210 2387 1254 2428; x_wconf 87' lang='lat' dir='ltr'><strong>m.</strong></span> <span class='ocrx_word' id='word_1_141' title='bbox 1275 2377 1345 2440; x_wconf 83' lang='lat'><strong>572·</strong></span> 
     </span>
     <span class='ocr_line' id='line_1_19' title="bbox 328 2461 1347 2552; baseline -0.006 -24"><span class='ocrx_word' id='word_1_142' title='bbox 328 2465 351 2528; x_wconf 83' lang='lat' dir='ltr'><strong>i.</strong></span> <span class='ocrx_word' id='word_1_143' title='bbox 370 2461 474 2552; x_wconf 81' lang='lat'><strong>332.]</strong></span> <span class='ocrx_word' id='word_1_144' title='bbox 509 2469 733 2552; x_wconf 76' lang='lat' dir='ltr'><strong>Carthaginem</strong></span> <span class='ocrx_word' id='word_1_145' title='bbox 759 2487 877 2528; x_wconf 87' lang='lat' dir='ltr'><strong>novam</strong></span> <span class='ocrx_word' id='word_1_146' title='bbox 906 2469 1106 2530; x_wconf 85' lang='lat' dir='ltr'><strong>Phoenicum</strong></span> <span class='ocrx_word' id='word_1_147' title='bbox 1132 2469 1287 2532; x_wconf 88' lang='lat' dir='ltr'><strong>coloniam</strong></span> <span class='ocrx_word' id='word_1_148' title='bbox 1307 2483 1347 2542; x_wconf 84' lang='lat' dir='ltr'><strong>ap·</strong></span> 
     </span>
     <span class='ocr_line' id='line_1_20' title="bbox 289 2559 1348 2652; baseline -0.007 -22"><span class='ocrx_word' id='word_1_149' title='bbox 289 2601 295 2608; x_wconf 94' lang='lat'>·</span> <span class='ocrx_word' id='word_1_150' title='bbox 328 2570 441 2652; x_wconf 85' lang='lat' dir='ltr'><strong>pellat,</strong></span> <span class='ocrx_word' id='word_1_151' title='bbox 475 2583 569 2649; x_wconf 87' lang='lat' dir='ltr'><strong>atque</strong></span> <span class='ocrx_word' id='word_1_152' title='bbox 591 2569 752 2651; x_wconf 80' lang='lat' dir='ltr'><strong>complura</strong></span> <span class='ocrx_word' id='word_1_153' title='bbox 770 2569 888 2630; x_wconf 84' lang='lat' dir='ltr'><strong>iberiae</strong></span> <span class='ocrx_word' id='word_1_154' title='bbox 912 2570 979 2630; x_wconf 88' lang='lat' dir='ltr'><strong>loca</strong></span> <span class='ocrx_word' id='word_1_155' title='bbox 1000 2569 1250 2633; x_wconf 83' lang='lat' dir='ltr'><strong>al&#39;hoenicibus</strong></span> <span class='ocrx_word' id='word_1_156' title='bbox 1268 2559 1348 2650; x_wconf 83' lang='lat' dir='ltr'><strong>polh-</strong></span> 
     </span>
     <span class='ocr_line' id='line_1_21' title="bbox 330 2659 1346 2757; baseline -0.002 -26"><span class='ocrx_word' id='word_1_157' title='bbox 330 2671 397 2731; x_wconf 88' lang='lat' dir='ltr'><strong>dori</strong></span> <span class='ocrx_word' id='word_1_158' title='bbox 416 2673 476 2740; x_wconf 90' lang='lat' dir='ltr'><strong>ait,</strong></span> <span class='ocrx_word' id='word_1_159' title='bbox 503 2685 535 2732; x_wconf 92' lang='lat' dir='ltr'><strong>et</strong></span> <span class='ocrx_word' id='word_1_160' title='bbox 551 2669 750 2739; x_wconf 76' lang='lat' dir='ltr'><strong>Eustatltiuc,</strong></span> <span class='ocrx_word' id='word_1_161' title='bbox 776 2670 919 2748; x_wconf 74' lang='lat' dir='ltr'><strong>Dionysii</strong></span> <span class='ocrx_word' id='word_1_162' title='bbox 940 2671 1109 2752; x_wconf 76' lang='lat' dir='ltr'><strong>interpres:</strong></span> <span class='ocrx_word' id='word_1_163' title='bbox 1134 2665 1193 2757; x_wconf 80' lang='lat' dir='ltr'><strong>[ati</strong></span> <span class='ocrx_word' id='word_1_164' title='bbox 1213 2659 1346 2750; x_wconf 65' lang='lat' dir='ltr'><strong>v.tp53·]</strong></span> 
     </span>
     <span class='ocr_line' id='line_1_22' title="bbox 330 2765 1347 2860; baseline -0.01 -26"><span class='ocrx_word' id='word_1_165' title='bbox 330 2767 491 2858; x_wconf 67' lang='lat' dir='ltr'><strong>&#39;App‘tocig</strong></span> <span class='ocrx_word' id='word_1_166' title='bbox 509 2767 541 2832; x_wconf 65' lang='lat' dir='ltr'><strong>ie*</strong></span> <span class='ocrx_word' id='word_1_167' title='bbox 558 2765 611 2834; x_wconf 83' lang='lat' dir='ltr'><strong>noi</strong></span> <span class='ocrx_word' id='word_1_168' title='bbox 626 2767 813 2860; x_wconf 72' lang='lat' dir='ltr'><strong>Topreooo&#39;v</strong></span> <span class='ocrx_word' id='word_1_169' title='bbox 837 2767 1037 2857; x_wconf 72' lang='lat' dir='ltr'><strong>[Taprnoc&#39;c]</strong></span> <span class='ocrx_word' id='word_1_170' title='bbox 1061 2771 1219 2834; x_wconf 81' lang='grc' dir='ltr'><strong>Φοινίκων</strong></span> <span class='ocrx_word' id='word_1_171' title='bbox 1242 2768 1347 2854; x_wconf 73' lang='grc' dir='ltr'><strong><em>κτίσμα</em></strong></span> 
     </span>
     <span class='ocr_line' id='line_1_23' title="bbox 330 2871 1348 2958; baseline -0.009 -24"><span class='ocrx_word' id='word_1_172' title='bbox 330 2871 443 2958; x_wconf 66' lang='grc' dir='ltr'><strong><em>φησὶν.</em></strong></span> <span class='ocrx_word' id='word_1_173' title='bbox 488 2893 694 2936; x_wconf 78' lang='lat' dir='ltr'><strong>croccourve.</strong></span> <span class='ocrx_word' id='word_1_174' title='bbox 761 2875 823 2934; x_wconf 92' lang='lat' dir='ltr'><strong>Pro</strong></span> <span class='ocrx_word' id='word_1_175' title='bbox 857 2873 1026 2933; x_wconf 85' lang='lat' dir='ltr'><strong>Phoenices</strong></span> <span class='ocrx_word' id='word_1_176' title='bbox 1060 2875 1160 2933; x_wconf 80' lang='lat' dir='ltr'><strong>Poeni</strong></span> <span class='ocrx_word' id='word_1_177' title='bbox 1192 2871 1348 2957; x_wconf 84' lang='lat' dir='ltr'><strong>legendum</strong></span> 
     </span>
     <span class='ocr_line' id='line_1_24' title="bbox 331 2969 1348 3061; baseline -0.006 -27"><span class='ocrx_word' id='word_1_178' title='bbox 331 2974 435 3036; x_wconf 87' lang='lat' dir='ltr'><strong>censet</strong></span> <span class='ocrx_word' id='word_1_179' title='bbox 456 2976 634 3037; x_wconf 84' lang='lat' dir='ltr'><strong>Pintianue.</strong></span> <span class='ocrx_word' id='word_1_180' title='bbox 667 2975 831 3038; x_wconf 84' lang='lat' dir='ltr'><strong>Salmatiue</strong></span> <span class='ocrx_word' id='word_1_181' title='bbox 851 2995 927 3034; x_wconf 89' lang='lat' dir='ltr'><strong>vero</strong></span> <span class='ocrx_word' id='word_1_182' title='bbox 951 2969 1010 3061; x_wconf 86' lang='lat' dir='ltr'><strong>[ad</strong></span> <span class='ocrx_word' id='word_1_183' title='bbox 1026 2975 1128 3036; x_wconf 84' lang='lat' dir='ltr'><strong>Solio.</strong></span> <span class='ocrx_word' id='word_1_184' title='bbox 1144 2995 1172 3036; x_wconf 86' lang='lat' dir='ltr'><strong>c.</strong></span> <span class='ocrx_word' id='word_1_185' title='bbox 1192 2991 1247 3050; x_wconf 78' lang='lat'><strong>27.</strong></span> <span class='ocrx_word' id='word_1_186' title='bbox 1265 2971 1282 3032; x_wconf 87' lang='lat' dir='ltr'><strong>s.</strong></span> <span class='ocrx_word' id='word_1_187' title='bbox 1301 2981 1348 3046; x_wconf 69' lang='lat'><strong>24.</strong></span> 
     </span>
     <span class='ocr_line' id='line_1_25' title="bbox 326 3073 1350 3164; baseline -0.007 -28"><span class='ocrx_word' id='word_1_188' title='bbox 326 3077 361 3156; x_wconf 79' lang='lat' dir='ltr'><strong>p.</strong></span> <span class='ocrx_word' id='word_1_189' title='bbox 382 3097 424 3137; x_wconf 92' lang='lat' dir='ltr'><strong>m.</strong></span> <span class='ocrx_word' id='word_1_190' title='bbox 450 3073 553 3164; x_wconf 79' lang='lat' dir='ltr'><strong>2t=5.]</strong></span> <span class='ocrx_word' id='word_1_191' title='bbox 579 3077 641 3138; x_wconf 89' lang='lat' dir='ltr'><strong>hoc</strong></span> <span class='ocrx_word' id='word_1_192' title='bbox 664 3077 854 3136; x_wconf 85' lang='lat' dir='ltr'><strong>vocabulum</strong></span> <span class='ocrx_word' id='word_1_193' title='bbox 878 3073 978 3134; x_wconf 85' lang='lat' dir='ltr'><strong>aufert</strong></span> <span class='ocrx_word' id='word_1_194' title='bbox 999 3090 1032 3135; x_wconf 90' lang='lat' dir='ltr'><strong>et</strong></span> <span class='ocrx_word' id='word_1_195' title='bbox 1059 3088 1152 3159; x_wconf 81' lang='lat' dir='ltr'><strong>negat</strong></span> <span class='ocrx_word' id='word_1_196' title='bbox 1175 3076 1350 3158; x_wconf 77' lang='lat' dir='ltr'><strong>Tingitanoc</strong></span> 
     </span>
     <span class='ocr_line' id='line_1_26' title="bbox 329 3174 1349 3259; baseline -0.004 -24"><span class='ocrx_word' id='word_1_197' title='bbox 329 3175 463 3258; x_wconf 87' lang='lat' dir='ltr'><strong>[nempe</strong></span> <span class='ocrx_word' id='word_1_198' title='bbox 484 3177 576 3256; x_wconf 77' lang='lat' dir='ltr'><strong>Tingi</strong></span> <span class='ocrx_word' id='word_1_199' title='bbox 594 3179 694 3238; x_wconf 82' lang='lat' dir='ltr'><strong>altero</strong></span> <span class='ocrx_word' id='word_1_200' title='bbox 710 3177 778 3259; x_wconf 81' lang='lat' dir='ltr'><strong>post</strong></span> <span class='ocrx_word' id='word_1_201' title='bbox 795 3178 885 3259; x_wconf 84' lang='lat' dir='ltr'><strong>legit]</strong></span> <span class='ocrx_word' id='word_1_202' title='bbox 907 3174 992 3236; x_wconf 83' lang='lat' dir='ltr'><strong>iuiiie</strong></span> <span class='ocrx_word' id='word_1_203' title='bbox 1008 3177 1195 3239; x_wconf 77' lang='lat' dir='ltr'><strong>Phoenices.</strong></span> <span class='ocrx_word' id='word_1_204' title='bbox 1231 3175 1349 3238; x_wconf 81' lang='lat' dir='ltr'><strong>Mirum,</strong></span> 
     </span>
     <span class='ocr_line' id='line_1_27' title="bbox 328 3272 1350 3360; baseline -0.005 -24"><span class='ocrx_word' id='word_1_205' title='bbox 328 3297 395 3338; x_wconf 88' lang='lat' dir='ltr'><strong>non</strong></span> <span class='ocrx_word' id='word_1_206' title='bbox 417 3279 613 3338; x_wconf 80' lang='lat' dir='ltr'><strong>recordatum</strong></span> <span class='ocrx_word' id='word_1_207' title='bbox 630 3277 688 3338; x_wconf 84' lang='lat' dir='ltr'><strong>effe</strong></span> <span class='ocrx_word' id='word_1_208' title='bbox 709 3279 770 3338; x_wconf 89' lang='lat' dir='ltr'><strong>loci</strong></span> <span class='ocrx_word' id='word_1_209' title='bbox 792 3277 877 3339; x_wconf 78' lang='lat' dir='ltr'><strong>istius</strong></span> <span class='ocrx_word' id='word_1_210' title='bbox 892 3272 1046 3338; x_wconf 83' lang='lat' dir='ltr'><strong>notisstmi</strong></span> <span class='ocrx_word' id='word_1_211' title='bbox 1067 3278 1151 3360; x_wconf 85' lang='lat' dir='ltr'><strong>apud</strong></span> <span class='ocrx_word' id='word_1_212' title='bbox 1169 3277 1350 3357; x_wconf 86' lang='lat' dir='ltr'><strong>Procopium</strong></span> 
     </span>
     <span class='ocr_line' id='line_1_28' title="bbox 327 3374 1350 3468; baseline -0.007 -30"><span class='ocrx_word' id='word_1_213' title='bbox 327 3379 363 3438; x_wconf 90' lang='lat' dir='ltr'><strong>in</strong></span> <span class='ocrx_word' id='word_1_214' title='bbox 390 3379 573 3447; x_wconf 78' lang='lat' dir='ltr'><strong>Vandalicis,</strong></span> <span class='ocrx_word' id='word_1_215' title='bbox 603 3375 657 3468; x_wconf 84' lang='lat'><strong>[2,</strong></span> <span class='ocrx_word' id='word_1_216' title='bbox 687 3374 760 3463; x_wconf 72' lang='lat' dir='ltr'><strong>im]</strong></span> <span class='ocrx_word' id='word_1_217' title='bbox 789 3379 843 3438; x_wconf 85' lang='lat' dir='ltr'><strong>ubi</strong></span> <span class='ocrx_word' id='word_1_218' title='bbox 866 3381 1030 3462; x_wconf 79' lang='lat' dir='ltr'><strong>Tingitani</strong></span> <span class='ocrx_word' id='word_1_219' title='bbox 1057 3377 1166 3461; x_wconf 83' lang='lat' dir='ltr'><strong>ipfi&#39;se</strong></span> <span class='ocrx_word' id='word_1_220' title='bbox 1186 3379 1350 3440; x_wconf 79' lang='lat' dir='ltr'><strong>Phoenices</strong></span> 
     </span>
     <span class='ocr_line' id='line_1_29' title="bbox 328 3475 1351 3564; baseline -0.008 -24"><span class='ocrx_word' id='word_1_221' title='bbox 328 3479 388 3540; x_wconf 85' lang='lat' dir='ltr'><strong>effe</strong></span> <span class='ocrx_word' id='word_1_222' title='bbox 420 3479 588 3550; x_wconf 83' lang='lat' dir='ltr'><strong>testantur,</strong></span> <span class='ocrx_word' id='word_1_223' title='bbox 631 3494 663 3541; x_wconf 91' lang='lat' dir='ltr'><strong>et</strong></span> <span class='ocrx_word' id='word_1_224' title='bbox 695 3478 804 3564; x_wconf 75' lang='lat' dir='ltr'><strong>iugiss&#39;e</strong></span> <span class='ocrx_word' id='word_1_225' title='bbox 834 3501 851 3541; x_wconf 92' lang='lat' dir='ltr'><strong>e</strong></span> <span class='ocrx_word' id='word_1_226' title='bbox 885 3481 1056 3540; x_wconf 87' lang='lat' dir='ltr'><strong>Phoenicia</strong></span> <span class='ocrx_word' id='word_1_227' title='bbox 1087 3477 1196 3562; x_wconf 79' lang='lat' dir='ltr'><strong>pulsos</strong></span> <span class='ocrx_word' id='word_1_228' title='bbox 1225 3500 1240 3540; x_wconf 93' lang='lat' dir='ltr'><strong>a</strong></span> <span class='ocrx_word' id='word_1_229' title='bbox 1271 3475 1351 3539; x_wconf 84' lang='lat' dir='ltr'><strong>loiua</strong></span> 
     </span>
     <span class='ocr_line' id='line_1_30' title="bbox 328 3577 1350 3662; baseline -0.004 -23"><span class='ocrx_word' id='word_1_230' title='bbox 328 3579 462 3644; x_wconf 86' lang='lat' dir='ltr'><strong>latrone.</strong></span> <span class='ocrx_word' id='word_1_231' title='bbox 513 3583 574 3642; x_wconf 82' lang='lat' dir='ltr'><strong>Sed</strong></span> <span class='ocrx_word' id='word_1_232' title='bbox 599 3577 741 3662; x_wconf 85' lang='lat' dir='ltr'><strong>profecto</strong></span> <span class='ocrx_word' id='word_1_233' title='bbox 759 3583 854 3642; x_wconf 89' lang='lat' dir='ltr'><strong>etiam</strong></span> <span class='ocrx_word' id='word_1_234' title='bbox 876 3581 990 3662; x_wconf 81' lang='lat' dir='ltr'><strong>absque</strong></span> <span class='ocrx_word' id='word_1_235' title='bbox 1007 3583 1061 3642; x_wconf 91' lang='lat' dir='ltr'><strong>illu</strong></span> <span class='ocrx_word' id='word_1_236' title='bbox 1082 3583 1152 3661; x_wconf 84' lang='lat' dir='ltr'><strong>quic</strong></span> <span class='ocrx_word' id='word_1_237' title='bbox 1174 3579 1285 3650; x_wconf 85' lang='lat' dir='ltr'><strong>nescit,</strong></span> <span class='ocrx_word' id='word_1_238' title='bbox 1310 3591 1350 3636; x_wconf 89' lang='lat' dir='ltr'><strong>to·</strong></span> 
     </span>
     <span class='ocr_line' id='line_1_31' title="bbox 328 3681 1351 3763; baseline -0.005 -22"><span class='ocrx_word' id='word_1_239' title='bbox 328 3694 400 3742; x_wconf 87' lang='lat' dir='ltr'><strong>tum</strong></span> <span class='ocrx_word' id='word_1_240' title='bbox 424 3683 498 3743; x_wconf 81' lang='lat' dir='ltr'><strong>litus</strong></span> <span class='ocrx_word' id='word_1_241' title='bbox 518 3681 637 3744; x_wconf 80' lang='lat' dir='ltr'><strong>Airitae</strong></span> <span class='ocrx_word' id='word_1_242' title='bbox 656 3703 672 3742; x_wconf 90' lang='lat' dir='ltr'><strong>a</strong></span> <span class='ocrx_word' id='word_1_243' title='bbox 689 3683 835 3760; x_wconf 85' lang='lat' dir='ltr'><strong>Syrtibus</strong></span> <span class='ocrx_word' id='word_1_244' title='bbox 856 3703 955 3763; x_wconf 84' lang='lat' dir='ltr'><strong>ueque</strong></span> <span class='ocrx_word' id='word_1_245' title='bbox 975 3683 1011 3742; x_wconf 86' lang='lat' dir='ltr'><strong>ad</strong></span> <span class='ocrx_word' id='word_1_246' title='bbox 1034 3681 1149 3744; x_wconf 79' lang='lat' dir='ltr'><strong>fretum</strong></span> <span class='ocrx_word' id='word_1_247' title='bbox 1168 3681 1351 3742; x_wconf 89' lang='lat' dir='ltr'><strong>Herculeum</strong></span> 
     </span>
     <span class='ocr_line' id='line_1_32' title="bbox 329 3783 1350 3865; baseline -0.007 -21"><span class='ocrx_word' id='word_1_248' title='bbox 329 3797 362 3844; x_wconf 86' lang='lat' dir='ltr'><strong>et</strong></span> <span class='ocrx_word' id='word_1_249' title='bbox 384 3785 463 3843; x_wconf 85' lang='lat' dir='ltr'><strong>ultra</strong></span> <span class='ocrx_word' id='word_1_250' title='bbox 491 3784 668 3844; x_wconf 80' lang='lat' dir='ltr'><strong>Phoenices</strong></span> <span class='ocrx_word' id='word_1_251' title='bbox 694 3783 848 3844; x_wconf 76' lang='lat' dir='ltr'><strong>teuuilie‘i</strong></span> <span class='ocrx_word' id='word_1_252' title='bbox 899 3785 1023 3843; x_wconf 87' lang='lat' dir='ltr'><strong>Erravit</strong></span> <span class='ocrx_word' id='word_1_253' title='bbox 1045 3803 1170 3865; x_wconf 86' lang='lat' dir='ltr'><strong>quoque</strong></span> <span class='ocrx_word' id='word_1_254' title='bbox 1186 3783 1350 3845; x_wconf 74' lang='lat' dir='ltr'><strong>Pincianus,</strong></span> 
     </span>
     <span class='ocr_line' id='line_1_33' title="bbox 329 3881 1351 3965; baseline -0.007 -21"><span class='ocrx_word' id='word_1_255' title='bbox 329 3882 380 3944; x_wconf 81' lang='lat' dir='ltr'><strong>sed</strong></span> <span class='ocrx_word' id='word_1_256' title='bbox 404 3887 595 3965; x_wconf 73' lang='lat' dir='ltr'><strong>cumulique</strong></span> <span class='ocrx_word' id='word_1_257' title='bbox 619 3887 752 3947; x_wconf 86' lang='lat' dir='ltr'><strong>ratione.</strong></span> <span class='ocrx_word' id='word_1_258' title='bbox 790 3885 967 3946; x_wconf 71' lang='lat' dir='ltr'><strong>Phoenicen</strong></span> <span class='ocrx_word' id='word_1_259' title='bbox 987 3886 1073 3945; x_wconf 89' lang='lat' dir='ltr'><strong>enim</strong></span> <span class='ocrx_word' id='word_1_260' title='bbox 1091 3886 1125 3955; x_wconf 91' lang='lat' dir='ltr'><strong>ii,</strong></span> <span class='ocrx_word' id='word_1_261' title='bbox 1147 3887 1201 3964; x_wconf 84' lang='lat' dir='ltr'><strong>qui</strong></span> <span class='ocrx_word' id='word_1_262' title='bbox 1226 3881 1351 3945; x_wconf 74' lang='lat' dir='ltr'><strong>Africam</strong></span> 
     </span>
     <span class='ocr_line' id='line_1_34' title="bbox 327 3985 1351 4067; baseline 0 -23"><span class='ocrx_word' id='word_1_263' title='bbox 327 3985 562 4056; x_wconf 83' lang='lat' dir='ltr'><strong>inhabitarunt,</strong></span> <span class='ocrx_word' id='word_1_264' title='bbox 598 3985 715 4066; x_wconf 87' lang='lat' dir='ltr'><strong>ubique</strong></span> <span class='ocrx_word' id='word_1_265' title='bbox 737 3985 839 4048; x_wconf 88' lang='lat' dir='ltr'><strong>Poeni</strong></span> <span class='ocrx_word' id='word_1_266' title='bbox 860 4007 876 4046; x_wconf 89' lang='lat' dir='ltr'><strong>a</strong></span> <span class='ocrx_word' id='word_1_267' title='bbox 898 3989 1052 4048; x_wconf 85' lang='lat' dir='ltr'><strong>liomanic</strong></span> <span class='ocrx_word' id='word_1_268' title='bbox 1072 3988 1281 4067; x_wconf 79' lang='lat' dir='ltr'><strong>appellantur,</strong></span> <span class='ocrx_word' id='word_1_269' title='bbox 1310 4001 1351 4039; x_wconf 74' lang='lat' dir='ltr'><strong>ra·</strong></span> 
     </span>
     <span class='ocr_line' id='line_1_35' title="bbox 326 4081 1350 4167; baseline 0.004 -21"><span class='ocrx_word' id='word_1_270' title='bbox 326 4081 444 4146; x_wconf 84' lang='lat' dir='ltr'><strong>riffime</strong></span> <span class='ocrx_word' id='word_1_271' title='bbox 471 4107 565 4158; x_wconf 76' lang='lat' dir='ltr'><strong>vero,</strong></span> <span class='ocrx_word' id='word_1_272' title='bbox 599 4101 653 4148; x_wconf 84' lang='lat' dir='ltr'><strong>aut</strong></span> <span class='ocrx_word' id='word_1_273' title='bbox 676 4107 838 4167; x_wconf 83' lang='lat' dir='ltr'><strong>nunquam</strong></span> <span class='ocrx_word' id='word_1_274' title='bbox 860 4087 1049 4150; x_wconf 80' lang='lat' dir='ltr'><strong>Phoenices.</strong></span> <span class='ocrx_word' id='word_1_275' title='bbox 1102 4089 1163 4150; x_wconf 89' lang='lat' dir='ltr'><strong>Sed</strong></span> <span class='ocrx_word' id='word_1_276' title='bbox 1184 4106 1279 4149; x_wconf 88' lang='lat' dir='ltr'><strong>nemo</strong></span> <span class='ocrx_word' id='word_1_277' title='bbox 1304 4081 1350 4149; x_wconf 80' lang='lat' dir='ltr'><strong>ett.</strong></span> 
     </span>
     <span class='ocr_line' id='line_1_36' title="bbox 327 4183 1353 4274; baseline -0.005 -27"><span class='ocrx_word' id='word_1_278' title='bbox 327 4189 383 4269; x_wconf 90' lang='lat' dir='ltr'><strong>qui</strong></span> <span class='ocrx_word' id='word_1_279' title='bbox 413 4189 539 4274; x_wconf 83' lang='lat' dir='ltr'><strong>ignoret</strong></span> <span class='ocrx_word' id='word_1_280' title='bbox 570 4189 701 4252; x_wconf 78' lang='lat' dir='ltr'><strong>eosdem</strong></span> <span class='ocrx_word' id='word_1_281' title='bbox 733 4188 793 4252; x_wconf 81' lang='lat' dir='ltr'><strong>elie</strong></span> <span class='ocrx_word' id='word_1_282' title='bbox 823 4201 857 4252; x_wconf 88' lang='lat' dir='ltr'><strong>et</strong></span> <span class='ocrx_word' id='word_1_283' title='bbox 885 4190 1012 4252; x_wconf 82' lang='lat' dir='ltr'><strong>Poenos</strong></span> <span class='ocrx_word' id='word_1_284' title='bbox 1048 4187 1168 4274; x_wconf 85' lang='lat' dir='ltr'><strong>[emper</strong></span> <span class='ocrx_word' id='word_1_285' title='bbox 1193 4209 1211 4251; x_wconf 84' lang='lat' dir='ltr'>a</span> <span class='ocrx_word' id='word_1_286' title='bbox 1237 4183 1353 4252; x_wconf 81' lang='lat' dir='ltr'><strong>Graecia</strong></span> 
     </span>
    </p>
   </div>
   <div class='ocr_carea' id='block_1_6' title="bbox 0 0 1415 4944">
    <p class='ocr_par' dir='ltr' id='par_1_6' title="bbox 0 0 1415 4944">
     <span class='ocr_line' id='line_1_37' title="bbox 0 0 1415 4944; baseline 0 0"><span class='ocrx_word' id='word_1_287' title='bbox 0 0 1415 4944; x_wconf 95' lang='lat' dir='ltr'><strong> </strong></span> 
     </span>
    </p>
   </div>
  </div>
 </body>
</html>
