2826 4936
351 433 443 490 cro.
470 433 524 488 ιιι.
569 431 603 490 o
625 432 677 488 ιιι.
718 429 799 502 ea.
1054 435 1096 504 8⁷

64 605 234 668 commerui.
276 603 381 689 Quale
403 605 447 668 est
468 603 604 671 Sallustii
627 605 723 670 Catil.
749 625 803 674 ιο.
830 613 865 690 4.
916 601 967 669 Ci.
998 601 1097 668 Corte

63 706 225 776 rd16.e.
262 708 323 770 Sed
348 707 425 770 haec
449 723 535 772 uota.
589 705 659 770 Nec
689 707 867 770 inuiitatior
891 705 935 770 est
959 705 1097 770 inverfio

63 807 243 878 iuncturae,
269 829 363 890 quam
379 798 583 899 desuetudine
603 811 791 892 reponendo
812 827 1006 892 componere
1029 807 1098 890 qui·

65 910 131 970 dam
151 909 336 972 voluerunt.
386 911 439 972 Sic
456 925 493 971 ut
509 931 548 973 ex
570 911 682 973 multia
701 912 801 992 aliqua
822 909 962 972 delibem
982 907 1096 972 Cicero

64 1029 118 1092 pro
139 1011 249 1072 Flacco
272 1013 317 1074 in.
339 1011 462 1092 optima
477 1002 540 1104 [ρο
559 1011 742 1092 praeditus,
760 1003 906 1103 summae
925 1011 1098 1092 diguitatis

66 1111 116 1172 uhi
131 1133 163 1174 v.
177 1111 378 1176 Garatoaiue.
403 1114 582 1176 Tacituede
592 1113 702 1176 Germ.
717 1133 744 1176 c.
762 1125 794 1191 5.
811 1111 834 1176 f.
855 1133 919 1176 aon
938 1103 1099 1200 adfectio·

66 1234 101 1274 ue
116 1215 226 1284 animi,
242 1205 304 1304 sed
321 1215 399 1296 quia
415 1243 464 1258 -
486 1215 542 1276 ubi
558 1216 648 1298 plura
664 1215 806 1300 conlegit
822 1215 1006 1300 Longoliuc.
1033 1212 1098 1276 Sed

64 1334 119 1376 uec
135 1335 216 1397 opuc
234 1313 277 1376 est
295 1315 463 1398 exemplir,
490 1337 564 1378 cum
581 1315 705 1378 diuerso
721 1317 798 1378 haec
821 1315 953 1378 canidio
975 1311 1099 1396 scripio·

66 1419 104 1476 rit
122 1429 230 1478 auctor
254 1417 396 1497 adeoque
420 1415 517 1480 sensu.
558 1417 634 1480 Non
651 1419 738 1480 enim
760 1415 990 1479 consuetudine
1010 1433 1098 1478 exer·

66 1531 170 1580 centur
186 1535 336 1598 corpora,
370 1515 420 1580 sed
445 1531 482 1578 ut
502 1517 701 1582 consuescere
723 1517 857 1590 discant,
883 1517 940 1578 ubi
962 1517 1007 1578 ad
1026 1535 1098 1579 eorr-

62 1609 258 1710 fuerudiuem
278 1613 473 1702 apriffimum
496 1621 549 1683 est.
603 1612 818 1711 Adsuetudiue
838 1620 966 1682 videtur
986 1617 1097 1680 deberi

66 1721 198 1781 doctiori
225 1719 369 1792 librario,
402 1723 458 1802 qui
481 1722 587 1784 voluit
608 1741 739 1802 aequare
765 1719 962 1784 structuram.
1003 1719 1097 1782 Cete-

65 1839 130 1880 mm
157 1821 296 1884 vinctor
323 1841 381 1904 pro
406 1819 548 1884 iabomra
572 1823 663 1885 dedit
688 1823 858 1896 maiorum,
891 1823 941 1884 uti
961 1821 1027 1884 duo
1048 1819 1098 1882 illi

65 1921 191 1986 audica.
230 1923 401 2009 Vulgarum
421 1923 552 2006 praestat
572 1925 607 1986 ia
628 1923 691 1988 hoc
710 1943 807 1988 nexu.

134 2125 318 2188 Maxime
334 2116 537 2216 frigora)
585 2127 648 2190 Hic
665 2147 732 2191 oon
750 2129 783 2190 in
802 2125 904 2190 iuram
923 2123 1100 2190 verboram

69 2224 177 2300 folum,
211 2226 265 2288 sed
286 2243 319 2288 et
335 2229 368 2288 in
388 2245 504 2290 eorum
525 2219 725 2292 distinctione
748 2243 781 2292 et
800 2229 1099 2291 accommodatione

68 2331 241 2412 discrepant
267 2329 351 2392 libri.
416 2329 552 2393 Codices
578 2333 644 2392 mei
678 2351 791 2394 omnen
818 2329 936 2392 hebent
963 2331 1101 2392 maxime

64 2419 195 2515 frigora,
224 2443 349 2492 tamum
371 2429 462 2516 Prag.
483 2435 635 2494 maxima.
677 2433 716 2496 A.
732 2433 920 2495 Gronovius
934 2449 973 2492 ex
990 2432 1098 2514 plerin-

69 2549 120 2610 qne
140 2531 269 2594 suorum
292 2545 381 2592 notat
409 2535 545 2594 maxime
561 2525 709 2624 frigore,
742 2533 857 2616 quibua
887 2545 994 2594 tamen
1021 2529 1097 2594 iulio

71 2633 208 2718 adiungit
229 2633 406 2695 editionem
424 2635 599 2705 Reinoldii,
622 2637 742 2718 quippe
758 2637 791 2696 in
813 2653 873 2716 qua
888 2631 1001 2694 diserte
1021 2634 1099 2718 legi·

71 2745 113 2792 tur
131 2737 281 2796 Maxime
293 2725 440 2824 frigora.
490 2734 574 2800 Voff.
598 2757 627 2800 ι.
655 2733 763 2800 Cibin.
787 2735 923 2798 maxime
937 2725 1099 2824 frigoris3

71 2833 237 2920 Rehdigcr.
261 2837 398 2897 maxime
408 2827 543 2926 frigora
565 2851 666 2918 agunt
687 2837 775 2900 nudi.
822 2837 990 2898 Editionee
1012 2855 1042 2899 ι.
1066 2849 1100 2902 2.

74 2947 100 3012 3.
121 2946 153 3017 4.
177 2953 214 3014 5.
237 2938 271 3000 6.
296 2953 329 3018 7.
356 2949 389 3014 8.
415 2957 447 3017 9.
475 2957 529 3003 ιο.
558 2959 612 3002 ιι.
637 2957 692 3002 ιι.
720 2951 775 3016 ¹3·
804 2951 858 3016 14.
881 2949 935 3014 15.
960 2951 1012 3011 17.
1041 2953 1098 3016 19.

74 3051 123 3098 2⁰.
141 3054 158 3102 2
165 3051 199 3118 5.
217 3027 512 3128 mrrxiurefrigora3
543 3041 598 3104 16.
622 3041 723 3120 (duce
739 3039 837 3124 igitur
855 3037 1016 3114 Vadicuu)
1042 3049 1099 3116 18.

74 3151 123 3200 ιι.
148 3153 208 3202 an.
235 3151 293 3220 24.
318 3151 376 3216 25.
404 3139 459 3204 26.
485 3141 659 3210 Vadiaoee.
683 3141 899 3210 Olivariauae,
926 3137 1101 3210 Vurffiime,

71 3237 261 3320 Stephanus,
302 3237 509 3314 Henifchiux
541 3243 710 3314 schottus,
754 3241 932 3309 Grafferue.
966 3237 1100 3312 Voffiue,

74 3338 227 3402 Grouorii
251 3343 285 3402 in
316 3341 389 3403 edd.
417 3354 477 3422 4⁰·
504 3353 564 3422 4¹·
591 3353 652 3424 42.
679 3345 818 3405 araximo
835 3333 986 3434 frigam
1029 3355 1102 3404 tum

72 3445 193 3520 praevio
204 3441 378 3505 Reinoldio
394 3442 567 3527 repoiitom
585 3447 720 3506 maxime
726 3437 873 3534 frigora.
900 3443 994 3506 Soloe
1005 3443 1102 3504 Vine-

76 3554 120 3604 1ue
135 3545 235 3612 dedit,
256 3547 392 3604 maxime
404 3537 557 3636 frigoris.
592 3545 850 3628 Oudendorpine,
874 3559 1008 3606 notante
1024 3543 1101 3606 Abr.

77 3641 238 3706 Gronovio
254 3645 401 3706 volebat:
427 3659 569 3708 exercent
584 3645 731 3709 bellando
745 3649 880 3716 animos.
903 3665 1038 3724 corpora
1055 3641 1102 3706 ad

77 3737 322 3836 eorrfireiudiuem
338 3743 478 3808 laborum
495 3750 635 3811 maximo
650 3740 791 3840 frigore.
824 3745 917 3808 Nudi
930 3757 1034 3826 agunt
1051 3777 1100 3794 ··-·

78 3848 124 3906 rel
142 3847 186 3906 ad
203 3839 459 3938 cousuetudinem
480 3847 640 3921 laborum,
670 3851 807 3910 maxime
818 3839 972 3938 frigoris.
1009 3845 1103 3908 Nudi

79 3961 179 4026 aguur.
242 3951 378 4032 Vtraque
403 3951 507 4021 lectio,
541 3953 708 4034 praecipue
734 3949 894 4032 posterior.
920 3949 1105 4032 volgimer

79 4063 193 4131 recepta
209 4050 323 4122 hodie,
349 4051 495 4134 praestat,
527 4051 585 4114 hac
607 4053 639 4114 in
661 4053 770 4134 primic
790 4047 869 4112 iactu
889 4049 1105 4130 distinctione,

81 4149 128 4208 ersi
148 4153 246 4214 etiam
272 4153 407 4216 Vadiaaa
428 4153 540 4226 lectio.
573 4173 653 4238 quae
673 4154 750 4216 hinc
773 4171 893 4216 norum
916 4149 1105 4216 [enuntiem
