2792 4940
275 183 326 254 Ι

389 370 478 426 nra.
507 373 544 428 u
595 369 627 428 c
649 371 700 426 tu.
742 367 768 440 c
796 387 823 426 t.
1070 365 1129 438 1⁶7

4 489 5 512 l
72 543 291 627 Lycophron,
315 537 372 632 [r.
396 553 501 626 ¹⁰44·
523 546 641 608 incerta
659 557 763 606 tanreu
782 535 938 632 lectione]
965 541 1124 625 multique

73 648 126 706 alii
147 649 355 716 meminere,
380 667 461 728 quor
479 667 520 710 ne
539 647 592 708 sm
614 645 779 714 onerosua,
805 659 978 728 praetereo.
1031 645 1123 706 Patet

72 763 179 810 autern
206 749 401 820 evidenter,
426 749 599 834 legendum
620 749 673 810 hic
696 745 885 836 Chasaslrnr
919 767 992 808 uam
1008 747 1121 838 Sqrabc

73 851 105 910 in
121 851 260 912 Selectie
283 846 333 938 [c.
349 843 394 936 l.]
413 851 521 922 tradit,
546 851 661 912 tntum
681 851 818 913 llurinnr
834 850 915 910 iuter
931 847 1121 911 Chalastram

74 965 106 1012 et
129 953 306 1013 Thermen
344 953 377 1012 in
405 951 507 1014 finum
541 953 764 1014 Tbeuuaicnm
802 951 959 1014 emittere.
1019 949 1120 1012 Porro

77 1052 208 1114 Tberrrre
224 1053 344 1114 eadem
360 1052 403 1114 esl
422 1073 495 1114 cum
517 1045 730 1142 slaffaluuien
745 1075 761 1114 a
779 1051 945 1114 Cassandro
959 1071 1033 1134 rege
1048 1071 1122 1112 con·

75 1153 138 1214 dita
157 1167 195 1216 et
212 1152 259 1214 src
277 1155 362 1214 dicta
383 1175 400 1216 a
421 1155 552 1216 nomine
571 1157 676 1216 uxoria
698 1145 941 1242 Theffirloua'cne,
966 1153 1038 1212 lieet
1053 1155 1122 1214 Ste-

73 1255 198 1335 pbanue
217 1255 320 1318 aliam
340 1257 553 1340 etymologiae
579 1258 735 1319 rationem
756 1253 908 1336 sequatur.
963 1253 1047 1314 Haec
1069 1273 1123 1314 au·

74 1369 138 1416 tem
154 1371 236 1419 ante
254 1357 375 1418 Axium
392 1357 531 1420 flurium
544 1359 597 1420 sita
612 1357 664 1424 esi.
685 1355 758 1420 telle
769 1357 964 1426 Ptolemaeo,
983 1355 1031 1433 [3.
1048 1357 1120 1436 ab]

72 1473 106 1518 et
126 1457 196 1522 boc
220 1459 301 1520 loco
326 1459 527 1541 Pomponio;
568 1457 706 1540 sequitur
729 1459 828 1542 igitur
850 1455 1025 1520 Chalaslrau
1052 1455 1121 1538 post

71 1561 194 1620 Axium
212 1558 296 1629 else,
325 1561 494 1622 finitimam
514 1561 765 1628 Tbeffalonicae,
797 1560 879 1622 Axio
901 1559 1001 1620 liuvio
1021 1555 1059 1618 ab
1084 1575 1120 1618 ea

72 1661 342 1724 disterminatam.
392 1663 522 1724 Accedit
538 1663 576 1724 atl
594 1663 685 1732 baec,
711 1661 797 1743 quod
813 1659 924 1722 Strabo
940 1661 973 1720 iu
990 1659 1121 1722 Selectia

73 1763 170 1824 tradit
186 1761 399 1825 Cassandrum
422 1783 531 1848 regem
552 1765 703 1846 oppidula
725 1763 878 1844 quaedam
895 1761 998 1822 riciua
1023 1775 1119 1820 tnuu·

74 1863 181 1926 tulllIe
210 1863 470 1925 Thessalonicam
500 1867 539 1926 ad
567 1865 793 1934 habitandum,
826 1863 889 1926 boc
913 1861 973 1929 est,
1007 1861 1118 1922 Chale-

74 1964 181 2034 stram,
203 1965 361 2035 Aeneam,
385 1963 501 2030 Cilsou.
547 1967 698 2030 Ceterum
715 1965 827 2028 Strabo
844 1963 1117 2028 Thessaloniceam

74 2067 228 2127 nominat
267 2063 424 2128 referente
454 2067 632 2150 Stephano,
672 2067 839 2148 scribitque
872 2065 995 2126 Heliam
1031 2065 1119 2144 priua

81 2165 209 2230 dictam.
266 2166 471 2260 Gnaustmn
492 2183 597 2232 autem
614 2189 688 2230 curn
703 2191 725 2230 a
748 2171 781 2230 lu
798 2167 974 2248 penultima
987 2165 1118 2246 Stepha-

81 2287 143 2328 nua
161 2283 195 2329 et
216 2267 363 2342 Plininr;
400 2269 510 2334 Strabo
530 2271 564 2332 in
588 2271 718 2334 Selectia
737 2283 770 2333 et
794 2269 978 2331 Herodotua
999 2267 1032 2328 in
1056 2265 1118 2328 Po·

78 2369 204 2448 lymnia
237 2389 314 2430 curn
340 2393 357 2430 e
384 2369 589 2466 Cbalestrum.
632 2391 833 2434 rrnrrrnvr.
904 2367 1117 2432 Cassandriam

82 2471 186 2532 alieno
209 2471 306 2554 plane
332 2471 385 2533 hic
410 2473 481 2534 loco
513 2475 699 2536 collocatam
732 2472 792 2535 elle
817 2483 901 2534 recte
936 2467 1117 2532 observavit

82 2569 263 2634 Pintianua.
316 2573 411 2656 Quod
434 2573 455 2632 sr
475 2575 563 2637 loona
581 2575 801 2636 emendandae
819 2575 863 2640 sit.
890 2591 956 2634 uon
973 2571 1119 2630 ‹luibitan-

79 2673 183 2742 dmm
213 2675 295 2755 quin
315 2673 469 2738 Chalastra
488 2676 540 2738 bic
565 2677 673 2737 locum
693 2675 807 2738 babere
827 2671 937 2758 poll'tt,
970 2691 1044 2732 cnut
1067 2669 1118 2730 llll

77 2775 134 2836 sita
159 2773 198 2836 srt
219 2777 305 2835 iuter
332 2775 475 2836 Peneum
502 2791 535 2840 et
556 2779 673 2839 Axium
701 2777 845 2840 flumina.
906 2773 967 2838 Sed
991 2773 1118 2832 ridetur

75 2897 148 2938 non
174 2889 243 2936 tam
264 2875 419 2946 librariua,
445 2899 540 2959 quarn
562 2877 625 2960 ipse
646 2877 754 2941 errasse
778 2877 871 2940 Mela.
924 2873 1017 2940 Nam.
1043 2889 1118 2932 cum

75 2975 227 3060 superine
252 2979 461 3058 antiquiores,
498 2993 536 3040 ut
560 2979 624 3042 sere
650 2977 789 3062 semper,
824 2977 946 3040 secutur
970 2975 1117 3042 (irrecoa,

75 3080 254 3140 Thraciam
274 3099 374 3159 neque
395 3081 433 3140 ad
454 3079 603 3142 Pallenen
625 3081 819 3150 extenderit,
855 3077 1014 3160 ipsamque
1037 3073 1117 3136 adeo

76 3179 238 3242 Pallenen
256 3180 289 3238 in
303 3180 437 3242 Thracia
451 3183 620 3251 collocarit,
646 3183 699 3244 hic
715 3183 849 3244 eandem
868 3199 955 3242 oraru
976 3177 1118 3258 relegens

78 3279 325 3359 bsecybernam,
358 3283 535 3355 Toronam,
564 3281 762 3364 Physcellam
788 3297 951 3363 totamque
972 3278 1118 3342 Pallenea

78 3379 285 3464 peninsulam
317 3381 522 3446 Macedoniae
547 3385 670 3446 tribuit.
732 3385 784 3446 Vti
816 3386 919 3464 itaque
945 3381 1053 3442 Paueu
1086 3389 1120 3438 et

80 3481 307 3546 Canastraeum
328 3489 587 3566 promuntorium
603 3505 670 3548 non
687 3483 750 3556 hie,
781 3483 832 3548 sed
849 3483 987 3566 superine
1002 3481 1035 3542 iu
1051 3477 1121 3542 Pal·

79 3587 176 3646 leuea
196 3583 405 3666 descriptione
427 3585 586 3650 recensere
607 3587 767 3656 debuerat,
794 3587 835 3648 ita
855 3603 981 3668 quoqne
1000 3577 1121 3644 Cassan·
1149 3574 1153 3587 ’

82 3687 173 3748 driae
197 3685 376 3748 meminisse
400 3687 568 3762 debuerat,
601 3709 675 3750 cram
700 3688 870 3752 Potidaeae
892 3683 964 3746 sacit
984 3681 1122 3744 mentio·

80 3807 174 3850 uem.
226 3787 275 3848 Ex
301 3787 398 3850 bniua
419 3791 538 3872 quippe
559 3791 661 3852 ruinia
682 3789 775 3852 altera
797 3789 931 3850 conslata
952 3785 1011 3852 est,
1045 3795 1122 3842 atte-

81 3887 239 3952 stantibua
274 3889 443 3962 omrribua,
483 3891 538 3974 qui
573 3891 758 3954 l’utidaeam
789 3889 891 3974 poslea
925 3885 1124 3950 Casandram

83 3993 204 4054 dictam
229 3987 318 4054 soille
341 3989 491 4054 scribunt.
552 3993 709 4076 Quamvia
733 4011 800 4054 nou
831 3990 1032 4054 l'utidaeatae
1055 3983 1123 4056 soli,

84 4091 135 4156 sed
151 4106 186 4156 et
202 4091 355 4174 Olynthii
370 4107 402 4156 et
417 4093 615 4160 Pallenensrr
629 4095 692 4158 buc
707 4091 794 4159 suere
809 4092 949 4158 deducti.
982 4103 1124 4152 veretra.
