2814 4946
314 415 378 480 572
609 399 858 460 romoalt
895 399 1059 456 MELAE

314 577 423 641 Plinio
442 587 474 656 3,
495 583 551 654 14.
568 572 590 638 i.
606 586 641 653 ss.
662 588 695 637 et
709 573 880 657 repositum
893 573 935 636 eil
950 573 983 633 in
999 573 1147 636 Diodoro
1161 573 1221 636 Sit.
1237 579 1269 656 4.
1283 585 1333 651 78.

316 673 464 762 Μεγαρὶς
482 691 588 738 rutena
601 679 642 736 de
662 677 720 738 hac
734 678 856 740 Siciliae
874 675 952 736 urba
968 676 1048 736 male
1064 695 1103 736 ex
1121 675 1281 756 Stephano
1295 694 1336 735 re·

315 779 376 844 ieri
398 779 578 840 Hardninna
593 778 632 838 ad
648 777 732 840 Plin.
749 798 777 839 a.
797 779 819 838 l.
858 775 929 838 Pon
950 775 1032 858 Lipl.
1054 775 1239 840 vindobon.
1258 777 1334 838 Gud.

314 881 425 946 Cibin.
448 880 622 962 liehrliger.
645 899 721 938 cum
741 879 813 940 edd.
846 899 874 940 1.
901 877 945 940 a?
969 879 1001 940 6.
1026 893 1058 954 7.
1081 891 1115 956 8.
1136 898 1191 940 ιο.
1215 892 1336 956 15.17.

315 999 374 1048 20·
395 994 451 1060 23.
475 977 570 1062 (fone
586 981 684 1040 etiam
702 982 800 1042 Vatia.
819 977 929 1062 MSS.)
951 979 1070 1040 habent
1085 992 1118 1040 et
1133 981 1167 1040 ia
1186 981 1247 1042 lu's.
1280 979 1335 1038 Pro

312 1074 499 1170 Arethusam
518 1081 601 1143 Gud.
624 1072 801 1172 aretusarn;
833 1081 925 1166 Ptag.
944 1071 1104 1174 areensem
1113 1102 1127 1154 ,·
1160 1081 1232 1143 edtl.
1252 1098 1283 1144 1.
1308 1096 1335 1141 a.

312 1203 348 1264 9.
370 1172 561 1272 arhetusaat.

386 1341 610 1442 uisuntur)
646 1351 818 1436 Rehdiger.
836 1351 1004 1426 videram,-
1029 1351 1171 1416 vindob.
1190 1343 1337 1442 viffuntar

311 1477 351 1538 ge
379 1475 411 1517 a.
451 1451 524 1516 Poll
545 1453 701 1516 editiones
723 1456 886 1536 quaedam,
918 1457 1021 1516 veluti
1047 1472 1106 1518 21.
1132 1467 1192 1536 24.
1213 1467 1267 1532 25.
1286 1463 1336 1528 23.

312 1571 347 1618 et
371 1556 538 1638 pleraeque
562 1553 762 1618 Olivarianae
783 1556 973 1636 Alphaeum,
1006 1559 1091 1638 quod
1115 1571 1201 1618 recte
1222 1557 1336 1616 damna·

312 1671 387 1718 runt
404 1657 569 1718 Pintianua
591 1669 622 1716 et
640 1657 838 1718 Ciaccoaiua.
890 1660 977 1718 Tum
993 1658 1134 1721 Vindob.
1157 1679 1244 1740 quem
1266 1655 1336 1714 alixi-

313 1779 384 1820 mas
404 1773 437 1819 et
456 1753 711 1846 priaponesaaco;
747 1757 830 1840 Lipl.
854 1757 1137 1849 peloponenfiarar
1173 1758 1332 1841 Rehdiger.

310 1854 599 1948 palioponenflacar
624 1856 771 1922 Ciaacon.
796 1857 1050 1950 Peloponnestco.

390 2017 656 2118 consociare)
706 2027 879 2112 Rehdiger.
900 2031 993 2114 Prag.
1009 2021 1148 2121 saciare.
1192 2032 1275 2091 Tum
1294 2030 1333 2086 in·

311 2127 402 2192 verso
425 2129 536 2190 ordine
552 2127 635 2210 Lipl.
658 2129 770 2191 Venet.
791 2141 894 2192 terras
913 2135 1093 2215 mariaque,·
1129 2132 1220 2216 Prag.
1234 2121 1333 2220 subter

257 2244 260 2250 '
312 2245 404 2294 trans
419 2232 578 2312 mariaque
584 2251 597 2303 ,·
622 2231 708 2290 idem
725 2241 761 2289 at
774 2223 870 2321 hicse
884 2225 1043 2324 reversusr
1067 2231 1178 2295 Cibin.
1195 2231 1330 2294 attollere.

311 2331 387 2398 Poll
403 2331 510 2394 Cibin.
532 2328 615 2412 Lipl.
632 2331 849 2404 Patauinum
876 2333 961 2396 Gud.
979 2335 1069 2418 Prag.
1092 2335 1270 2414 pacatiana,
1290 2329 1331 2388 uti

310 2435 463 2516 quaedam
480 2433 647 2494 editiones.
683 2429 736 2494 Sic
751 2432 859 2496 Cibin.
876 2436 1049 2520 Rehdiger.
1071 2435 1235 2517 lylibeum
1250 2426 1329 2510 lips.

310 2537 363 2598 ed.
382 2551 414 2597 2.
433 2530 565 2594 lilibeum
572 2555 586 2607 ,·
622 2533 707 2595 Gud.
732 2533 822 2619 Prag.
848 2533 1022 2607 lilibaeurn,
1047 2557 1128 2620 quae
1151 2557 1190 2600 ex
1211 2534 1330 2616 superio·

309 2635 398 2698 ribua
418 2649 494 2697 nota
517 2633 589 2695 lunt
608 2649 641 2696 et
659 2655 715 2716 per
732 2634 762 2698 le
782 2637 877 2698 levia.
928 2639 1041 2700 Venet.
1065 2635 1121 2699 lic:
1152 2640 1242 2700 Inter
1258 2631 1330 2712 atty-

311 2734 400 2798 beum
422 2749 454 2798 et
475 2737 671 2809 Paetinam,-
706 2735 790 2818 Lipl.
813 2740 905 2800 Inter
933 2740 1131 2801 Pacltr'nnum
1154 2753 1187 2801 et
1209 2735 1329 2800 lilibeum

311 2851 342 2901 et
360 2839 476 2902 therme
492 2859 632 2920 agragas
651 2836 695 2930 est
713 2851 745 2900 et
764 2839 917 2901 luraalea.

386 3005 595 3088 Acragas)
646 3007 768 3070 Omnes
797 3009 890 3072 MSS.
916 3009 952 3072 A.
981 3011 1163 3083 Gronovii.
1202 3029 1240 3072 ex
1261 3003 1329 3066 meis

312 3109 397 3193 Lips.
426 3109 534 3174 Cibin.
566 3109 678 3176 Vener.
714 3109 897 3173 Vindobon.
929 3111 1037 3175 Havn.
1071 3112 1166 3175 Paris.
1196 3133 1224 3174 ι.
1249 3123 1278 3169 2.
1301 3116 1328 3180 5·

311 3213 411 3274 Vatia.
433 3229 463 3274 1.
479 3213 647 3290 Agragas,·
671 3211 755 3272 Gud.
771 3213 929 3292 Agaga&
951 3215 1051 3276 Vatia.
1070 3228 1101 3293 5.
1126 3216 1218 3298 Prag.
1233 3224 1326 3288 agras·

310 3313 396 3376 Edd.
421 3329 452 3374 1.
481 3310 523 3373 a?
547 3323 579 3390 5.
599 3321 635 3390 4.
659 3325 690 3388 5.
717 3313 750 3374 6.
774 3324 807 3390 8.
828 3331 862 3392 9.
892 3335 1024 3378 1().11.
1051 3313 1105 3376 (2.
1134 3327 1188 3396 14.
1209 3319 1325 3389 15.17·

314 3431 373 3494 19.
400 3431 457 3476 00.
481 3425 539 3491 05.
560 3415 707 3492 Agragas
727 3413 899 3495 praepofita
917 3417 1067 3495 particula
1087 3429 1138 3489 et,·
1173 3431 1225 3495 15.
1248 3413 1328 3488 Agre·

300 3536 392 3597 ,gasr
418 3529 451 3590 7.
470 3525 508 3572 et
528 3513 597 3594 post
611 3513 766 3576 Vedianue
788 3535 861 3576 cum
876 3517 1007 3597 reliquis
1022 3521 1185 3598 Arragan·
1217 3525 1326 3576 tantum

311 3617 364 3681 ed.
393 3628 452 3694 25.
484 3614 618 3675 alterum
653 3616 812 3696 exemplar
844 3619 987 3678 Acradar
1012 3618 1130 3679 librarii
1156 3619 1244 3679 vitio.
1297 3607 1326 3669 Si

314 3719 431 3780 Graeca
443 3716 523 3780 ratio
540 3719 574 3776 iu
591 3715 710 3777 Graeco
725 3717 857 3778 nomiae
879 3717 1019 3801 (Latinis
1034 3721 1121 3794 enirn
1136 3722 1324 3800 Agrigentum

313 3817 456 3906 dictum)
482 3817 585 3878 valere
608 3816 719 3888 debet.
753 3819 869 3879 recline
895 3809 1005 3902 utique
1025 3824 1167 3901 Acragas
1188 3817 1323 3881 scribitur,

313 3923 369 3983 elli
390 3923 486 3984 etiam
506 3919 631 4002 Virgilii
646 3919 726 3980 Aen.
745 3932 777 3996 3,
795 3933 877 3997 703.
905 3923 1094 3983 veterrimae
1115 3924 1234 3984 codices
1253 3919 1322 3976 inter

314 4039 480 4105 utramque
496 4019 678 4104 scripturam
696 4019 845 4082 fluctuare
858 4025 985 4083 notavit
1000 4023 1125 4102 Heyne,
1146 4024 1242 4105 quiin
1257 4016 1322 4080 aliis.

315 4127 419 4191 veluti
436 4124 595 4195 Lucretio,
614 4121 745 4195 Ouidio,
766 4121 914 4205 Agragas
934 4122 1125 4208 praeferunt,
1142 4129 1181 4188 de
1192 4139 1254 4206 ,qun
1267 4113 1323 4178 vid·
