2814 4946
342 449 406 518 oro
643 433 894 492 rouronrr
933 435 1097 491 uncae

497 613 527 688 §.
559 623 614 682 17.
666 605 1136 689 Praecipuimontinm)
1185 603 1360 690 Lipslleh·

349 715 448 796 (liger.
476 711 616 772 Vindob.
641 709 750 772 Cibin.
777 711 863 772 Gud.
885 711 983 772 Vatlc.
1012 731 1041 772 1.
1067 706 1160 773 Paris.
1185 729 1214 772 1.
1238 723 1269 786 3.
1292 727 1362 784 proe-

352 819 446 894 cipuo
470 813 532 882 vel,
558 833 596 874 ex
617 829 717 880 more,
743 811 910 892 precipiam·
953 813 1066 874 Vener.
1092 811 1192 872 Vatic.
1214 825 1246 888 5.
1273 811 1361 868 Hono.

352 919 445 998 Prag.
471 911 565 975 Paris.
586 931 617 974 o.
636 911 835 992 proecipuus.
875 913 1044 974 Editioneo
1058 914 1095 974 acl
1113 909 1255 973 Vossnrm
1270 925 1364 970 omneo

351 1017 527 1100 praecipuo
552 1015 601 1084 sic,
636 1027 672 1074 ut
698 1013 737 1073 ad
762 1015 861 1076 Erum
884 1011 1035 1076 referatur
1061 1014 1267 1074 distinctionis
1286 1011 1365 1069 mani·

354 1135 425 1180 mae
449 1117 535 1200 signo
558 1115 718 1196 adpofito;
751 1116 907 1178 Vadianoe
924 1129 1050 1176 tantum
1071 1117 1106 1175 in
1127 1117 1227 1196 prima
1245 1111 1364 1173 editione

356 1234 389 1282 et
411 1219 485 1278 hinc
510 1227 565 1292 ¹8·
599 1218 643 1276 ita
669 1215 745 1276 haec
770 1217 866 1276 verba
891 1217 1054 1277 ordinant:
1091 1213 1374 1294 Actora-praecipuo

358 1321 524 1382 monrium.
563 1317 657 1398 Eryx
679 1350 730 1362 -
754 1316 810 1378 elli
835 1319 869 1377 in
892 1331 967 1378 nota
988 1319 1063 1379 inde
1084 1336 1102 1378 a
1123 1318 1273 1377 montium
1289 1309 1365 1371 verbo

358 1421 398 1482 ad
416 1419 576 1500 sequentia
594 1416 708 1479 referre
727 1418 825 1479 malit.
878 1413 1003 1481 Vossius
1022 1420 1165 1500 primum
1180 1418 1266 1478 dedit
1279 1415 1365 1474 Ennio.

358 1521 529 1598 Praecipiti
562 1523 715 1580 montium
746 1520 840 1599 Eryx
862 1547 912 1562 -
945 1521 1031 1600 quod
1065 1520 1163 1610 ceteri
1197 1524 1364 1597 accepemus·

358 1621 546 1686 ciacconius
568 1619 722 1680 malebat:
754 1611 887 1710 famam
911 1619 1004 1681 habet
1032 1619 1070 1682 ob
1096 1621 1217 1682 Cereris
1244 1614 1365 1694 tenplum

358 1725 458 1786 Erum
493 1721 717 1802 praecipuam
759 1721 1033 1802 quemadmodum
1062 1735 1093 1801 5,
1123 1737 1157 1796 7,
1184 1730 1217 1798 lp.
1256 1717 1363 1779 Famam

359 1825 434 1886 hinc
458 1823 657 1902 praecipuam
685 1818 812 1886 habent.
873 1823 915 1882 Et
938 1821 1042 1892 facile,
1076 1823 1165 1904 quod
1189 1821 1316 1882 solemne
1333 1811 1363 1872 est

360 1924 561 1986 librariorum
583 1936 765 2003 peccatum,
801 1924 909 1984 omitti
936 1924 989 1984 hic
1017 1926 1125 2005 potuit
1153 1922 1271 2006 virgula
1291 1932 1362 1976 trans-

359 2023 457 2086 versa.
507 2027 658 2084 Attamen
678 2023 718 2082 sic
737 2023 864 2106 longino
882 2025 1108 2086 adiectivuma
1132 2024 1188 2086 suo
1206 2019 1362 2084 substantivo

356 2137 480 2207 praeter
497 2123 600 2185 Meloe
619 2143 744 2184 morem
760 2124 953 2194 abstrahitur,
983 2146 1052 2196 nec,
1080 2139 1114 2186 ut
1141 2130 1176 2187 in
1198 2127 1287 2186 altero
1302 2120 1361 2181 loco,

357 2239 467 2288 notata
484 2225 519 2284 in
541 2225 799 2306 praecedentibus
821 2227 1009 2288 celebritatis
1025 2225 1109 2288 causa
1134 2229 1305 2308 explicator,
1327 2215 1363 2275 sed

363 2325 544 2407 simpliciter
561 2327 650 2386 Enna
671 2325 885 2411 distinguitur.
935 2329 1039 2412 Quare
1055 2323 1198 2390 Vossiana
1213 2317 1361 2388 emendatio

360 2424 564 2511 praeferenda
584 2427 727 2497 videtur,
753 2447 832 2510 quae
853 2442 885 2490 et
906 2431 939 2491 in
956 2429 1018 2492 hoc
1038 2449 1126 2491 nexu
1148 2425 1316 2509 Pomponio
1332 2415 1362 2477 est

360 2529 461 2612 magia
476 2529 723 2596 accommodata.
759 2531 810 2592 Sic
823 2533 910 2592 enim
924 2544 957 2608 3,
972 2545 1003 2609 5,
1018 2543 1050 2608 3.
1077 2530 1240 2592 Montium
1253 2513 1361 2612 alriffios

365 2629 493 2690 Taunus
512 2641 544 2688 et
558 2629 702 2700 sisterico,
724 2643 756 2691 et
771 2632 876 2712 paullo
891 2631 974 2712 posi:
1004 2633 1154 2693 Ameriam
1174 2635 1205 2691 in
1223 2629 1293 2690 alios
1310 2639 1361 2701 gen·

361 2744 408 2793 tos
424 2732 601 2790 montorium
617 2729 791 2791 Danubius
805 2746 837 2794 ec
850 2732 1039 2793 Rhodanus.
1074 2730 1125 2794 Cs.
1150 2755 1179 2802 1,
1200 2743 1230 2807 5,
1245 2739 1276 2805 4.
1299 2721 1323 2790 s,
1340 2737 1358 2778 1.

363 2851 397 2912 9,
420 2849 454 2910 9.
493 2849 523 2902 2,
549 2843 581 2906 5.
608 2849 640 2892 2.
662 2847 695 2892 et
719 2832 804 2894 alibi.
857 2835 990 2914 Decepit
1020 2833 1164 2894 librarios
1188 2831 1309 2894 Henna,
1336 2817 1362 2878 ol

363 2933 448 3014 quod
483 2933 632 2993 atsiectivi
664 2930 821 3014 sequentia
857 2951 958 3016 genua
988 2931 1192 2994 referendum
1231 2932 1360 3012 putarunt.

362 3034 520 3095 olricum
544 3053 624 3094 voce
645 3035 798 3094 montium
818 3049 1070 3104 connexuerunt,
1095 3032 1147 3094 sed
1169 3036 1202 3094 in
1222 3051 1258 3092 eo
1272 3027 1362 3088 aberro·

359 3146 453 3202 runt‚
479 3134 563 3214 quod
588 3135 622 3192 in
641 3153 707 3194 uno
734 3136 834 3214 Eryce
854 3132 1071 3205 substiterunt,
1108 3155 1182 3195 cum
1206 3133 1295 3197 oleta,
1322 3120 1362 3181 ”bl

361 3234 497 3294 aliorum
513 3232 678 3296 recensum
702 3233 833 3304 subiicit,
859 3237 972 3317 plurali
992 3254 1127 3298 numero
1148 3237 1195 3294 uti
1215 3233 1307 3295 soleat.
1329 3221 1363 3281 nti

364 3351 395 3402 2,
414 3342 446 3415 4,
467 3350 500 3396 2·
529 3347 561 3411 5.
580 3353 611 3400 2.
641 3351 674 3414 7,
693 3354 749 3399 12.
791 3337 825 3398 Si
841 3337 891 3396 cui
908 3321 1013 3398 tamen
1031 3337 1192 3420 Ciacconii
1211 3326 1363 3396 emendatio

361 3437 462 3518 magis
482 3436 639 3516 adrideat‚
678 3431 773 3518 poffit
794 3439 822 3498 ie
847 3438 943 3498 etiam
966 3459 1005 3500 ex
1030 3440 1187 3521 plerisque
1213 3431 1364 3495 dissonet

362 3535 436 3596 edd.
457 3535 586 3597 vetustis
608 3556 754 3598 revocare
775 3551 973 3601 memoratur.
1015 3539 1079 3603 Pro
1093 3539 1185 3620 Eryx
1206 3549 1279 3597 noto
1294 3542 1364 3589 more

362 3635 487 3696 codices
503 3637 616 3706 multi,
643 3639 742 3699 veluti
764 3639 903 3722 Rehdig.
925 3638 1007 3720 Lips.
1033 3641 1170 3702 Vindob.
1196 3635 1273 3698 Gud.
1292 3631 1363 3707 Png.

324 3812 327 3818 ,
362 3753 437 3796 com
450 3739 522 3798 edd.
547 3759 574 3800 1.
594 3755 626 3802 2.
643 3741 675 3801 6.
695 3753 728 3814 7.
747 3751 780 3816 8.
798 3759 832 3818 9.
854 3761 909 3802 10.
929 3754 982 3819 13.
998 3741 1100 3812 Erice:
1125 3731 1364 3802 ciacconEn‘cer

360 3835 470 3899 Cibin.
490 3860 552 3920 ery.
602 3839 664 3902 Pro
685 3843 922 3902 memoratoria
940 3843 1049 3902 multis
1069 3843 1156 3901 libris
1177 3833 1304 3899 inveniri
1318 3847 1363 3887 oto·

359 3941 583 4000 moratoriam
606 3942 729 4002 dictum
753 3941 807 4004 est.
858 3943 905 4002 lta
925 3943 1011 4004 enim
1032 3943 1171 4024 plerique
1189 3937 1287 4000 MSSti
1304 3929 1361 3991 oon

360 4037 536 4114 Gronovii,
566 4061 606 4105 ex
621 4045 703 4108 mele
724 4041 809 4126 Lips.
830 4043 928 4107 Vatic.
952 4043 1058 4109 llam.
1082 4046 1191 4108 Vener.
1213 4035 1359 4116 liohdigeo
