2826 4936
325 401 367 476 86
627 405 868 464 POMPONH
909 409 1065 466 MELAE

330 577 386 640 nbi
408 579 540 664 legitur:
566 577 608 641 ud
622 576 721 672 insuta
735 581 853 643 animis
870 580 1001 644 leuitate
1019 611 1066 624 -
1088 580 1248 660 pomituit.
1277 576 1338 647 Sed·

331 671 419 765 quod
436 679 500 764 ipse
513 681 614 744 stetim
629 683 729 755 vidit,
754 701 824 746 non
840 701 922 767 opus
934 683 978 746 eu
992 683 1221 746 emendatione.

406 875 770 978 consuetudinem)
827 887 880 951 Sic
911 885 1059 950 Cieccon.
1086 881 1261 948 Perifieusee
1283 895 1342 948 net,

332 985 561 1050 Gronovienee
584 987 737 1071 plerique,
764 987 848 1072 Lipi.
874 989 960 1052 Gud.
987 989 1157 1072 Rebdiger.
1192 983 1343 1046 Discedunt

333 1089 397 1150 elit
436 1087 517 1152 Voss'.
541 1109 569 1152 r.
592 1089 700 1153 Cibin.
717 1081 912 1180 effetetudc'rte
933 1089 1104 1162 maionem
1133 1089 1227 1148 Votic.
1248 1087 1343 1145 Vener.

334 1191 443 1252 Horu.
460 1189 597 1254 vindob.
617 1191 818 1254 Gronovieni
833 1205 971 1273 quatuor
986 1190 1031 1251 od
1048 1179 1287 1281 consuetudines,
1304 1185 1343 1244 uti

334 1291 410 1354 edd.
429 1293 504 1354 inde
525 1293 669 1376 eprimiu
691 1293 829 1375 reliquae
845 1293 885 1354 ed
904 1294 1056 1355 Viuetum
1070 1307 1106 1354 et
1121 1285 1267 1354 Voffium.
1298 1287 1344 1346 lile

336 1393 427 1455 dedit
457 1391 604 1477 sequente
634 1395 698 1456 hoc
723 1409 756 1456 et
782 1395 855 1458 edd.
884 1401 945 1476 40.
971 1405 1032 1473 (μ.
1057 1403 1118 1474 42.
1146 1382 1344 1481 adsuetudine

334 1493 405 1577 post
426 1510 596 1576 praeeunte
611 1497 785 1559 Reinoidio
799 1495 970 1578 repofitum
991 1495 1034 1557 est
1048 1495 1095 1556 ad
1108 1485 1344 1584 consuetudinem.

337 1615 535 1658 rzecrrvcrc.
574 1597 787 1660 Scribeudum
803 1611 884 1680 puto
900 1617 1035 1678 corporo
1047 1587 1244 1687 affuesccndo
1255 1589 1344 1655 nturi

338 1709 375 1758 ut
394 1697 529 1758 verbum
554 1698 589 1758 sn
611 1699 710 1762 verbo
733 1699 833 1760 fimiie
856 1696 1019 1768 beiiondo,
1044 1687 1252 1789 offueseendo.
1289 1707 1346 1752 urr-

225 1852 226 1861 ,
337 1815 476 1862 uterve.
530 1799 625 1862 Forte
646 1801 819 1884 legendnm
841 1819 975 1877 corporo
995 1791 1205 1890 adsuetudine
1218 1792 1344 1856 indorum.

336 1897 451 1961 Cicero
474 1908 510 1979 4,,
531 1902 565 1961 in
590 1903 719 1964 Verrem
739 1895 796 1988 [2.
819 1915 853 1971 n,
875 1896 957 1988 73.]
982 1893 1072 1992 sctis
1097 1900 1176 1961 mihi
1196 1896 1293 1959 videor
1310 1911 1345 1951 co·

337 2021 405 2060 runc
424 1994 676 2090 cousrretudt'nem
699 1993 758 2093 risu
783 2001 1017 2084 tractandoque
1036 1991 1227 2089 cognoviffe.
1274 1996 1344 2057 Idem

335 2099 371 2160 in
394 2099 564 2164 Paradoxit
590 2097 768 2189 1.[extr.]
802 2107 852 2166 An
874 2102 1045 2186 qrridqrcom
1069 2105 1104 2163 in
1127 2097 1286 2183 potiundis
1304 2114 1344 2156 vo

335 2199 514 2282 luptatibus
529 2202 696 2283 gloriando
708 2196 780 2296 sese
795 2217 828 2266 et
848 2204 1083 2284 praedieatione
1102 2199 1219 2294 effert?
1253 2197 1343 2260 Liviut

334 2299 393 2366 lib.
406 2319 423 2367 α
435 2323 463 2366 ι.
478 2301 534 2366 foi.
555 2323 634 2368 reo.
650 2305 726 2384 [ομ
744 2317 802 2384 35,
819 2307 869 2387 5.]
887 2297 1042 2397 feffnque
1056 2303 1166 2366 labore
1179 2317 1209 2365 et
1226 2315 1344 2383 pugnen-

336 2401 378 2465 do
394 2405 481 2486 quies
496 2405 587 2469 dota.
623 2407 714 2470 Idem
729 2405 784 2471 fol.
803 2421 887 2487 241.
905 2401 986 2493 [34
1003 2422 1035 2486 3,
1051 2401 1111 2492 4.]
1135 2398 1193 2499 usu
1209 2415 1255 2464 tot
1268 2415 1344 2460 anuo

334 2525 405 2568 rum
440 2517 472 2566 et
497 2508 689 2586 experiundo
718 2507 954 2602 comprobastis.
1004 2509 1138 2570 Tacitus
1179 2502 1236 2594 [de
1257 2501 1344 2564 Germ.

336 2627 364 2670 c.
388 2599 472 2692 4ο.]
509 2607 657 2701 Consiliis
687 2605 853 2698 [proeliis]
890 2621 922 2670 et
950 2609 1166 2689 periclitando
1191 2605 1253 2668 cuti
1271 2591 1343 2692 sunl

336 2727 547 2773 crocconrve.
603 2712 666 2774 Pro
689 2711 734 2772 ud
757 2702 997 2802 eonsuetudines
1016 2707 1161 2794 ledor-um
1184 2707 1284 2769 malim
1303 2695 1345 2761 od·

328 2801 502 2903 suetudine
523 2809 675 2875 taborum.
709 2832 885 2875 ectro'r'rve.
949 2811 1216 2891 Oudendorpiue,
1239 2814 1345 2867 notente

335 2914 374 2976 A.
400 2913 578 2986 (trunceto,
603 2914 742 3000 legebat:
774 2913 819 2976 ad
839 2903 1092 3003 cousuetudinem
1109 2909 1257 2972 laborum.
1289 2897 1346 2964 vd·

334 3013 413 3084 stuc.
448 3017 502 3096 qui
529 3017 619 3077 dedit
645 3007 851 3106 adsuetudine
875 3015 1039 3084 laborum,
1073 3013 1153 3074 dicit
1173 3010 1203 3074 se
1224 3019 1347 3070 veterum

334 3118 482 3180 codicum
499 3115 683 3200 scripturam
703 3116 868 3178 reduxiffe.
923 3117 1021 3199 Quod
1037 3127 1163 3175 tentum
1181 3114 1219 3174 de
1236 3105 1306 3170 roff.
1324 3121 1347 3165 ι.

333 3238 451 3280 verum
471 3217 549 3288 effe,
579 3219 697 3282 docent
719 3217 788 3280 satie
809 3238 861 3290 ea,
895 3237 974 3300 quae
996 3239 1035 3280 ex
1057 3213 1261 3277 Gronovieno
1279 3205 1349 3268 codi-

334 3339 410 3382 cum
429 3317 557 3380 recensu
578 3319 821 3405 cognoscuntur.
874 3321 921 3380 lte
940 3339 1017 3380 vero
1035 3338 1100 3380 non
1123 3317 1243 3378 codices
1264 3308 1348 3370 10111111

334 3421 475 3490 variant,
504 3417 556 3482 red
576 3435 608 3484 et
631 3425 801 3484 doctorum
822 3421 965 3482 virorum
988 3417 1161 3482 sententiae
1183 3410 1348 3476 discordent.

338 3514 590 3614 Consuetudines
616 3525 655 3584 ad
677 3525 826 3586 infimum
852 3541 891 3583 ex
915 3522 964 3583 hie
988 3522 1099 3583 locum
1127 3520 1211 3579 ultro
1239 3509 1348 3574 cederit.

333 3625 389 3688 etsi
424 3643 597 3686 nnmerum
624 3626 658 3684 in
689 3625 861 3708 eliotnexu
888 3624 1024 3684 minime
1050 3623 1181 3682 damno.
1227 3605 1349 3676 Pintirni

332 3715 547 3816 edsrtescendo
578 3727 820 3789 concinniorem
853 3722 977 3787 efficere
1014 3725 1143 3786 videtur
1179 3717 1346 3781 orationem.

333 3827 407 3896 Sed,
429 3839 464 3886 ut
481 3845 497 3886 a
516 3826 606 3888 nulio
621 3828 735 3890 'codice
753 3826 927 3896 sustinetur.
952 3823 999 3888 ito*
1018 3838 1184 3886 auctorum
1205 3817 1272 3878 uiue
1287 3811 1348 3873 tritt

334 3927 532 3994 inverfiones
554 3928 667 3990 lubenr
682 3929 839 3997 admittit,
866 3929 950 4008 quod
970 3942 1003 3989 et
1018 3927 1085 3988 loce
1099 3945 1116 3986 a
1132 3919 1291 3987 Ciacconio
1305 3909 1347 3972 ed·

333 4028 431 4116 posite
457 4029 602 4111 probant.
654 4031 704 4090 Ex
727 4027 794 4111 ipio
818 4029 902 4090 Mela
925 4027 1040 4090 addere
1063 4021 1155 4108 poffir
1185 4043 1212 4093 1.
1241 4033 1290 4084 12·
1310 4013 1346 4070 111·
1375 4077 1376 4082 ,

334 4133 390 4198 ubi
418 4143 505 4194 artes
531 4165 582 4182 -
610 4131 790 4215 imperitare
823 4127 968 4214 gentibus
999 4149 1125 4212 regnum
1156 4121 1346 4206 praelumque
