2864 4944
333 377 396 456 566
632 381 871 438 rostrorttr
914 377 1076 436 usses

336 565 478 618 occurrat
501 553 691 635 complures.
744 555 793 618 Ab
815 556 940 637 elephas
956 567 1064 616 autem
1085 573 1184 635 aeque
1204 571 1239 614 ac
1258 551 1363 616 abele·

336 659 475 738 pltantrrs
500 655 535 714 in
565 655 705 736 plurium
731 677 867 719 nurnero
895 660 929 719 lit
962 658 1155 737 elephantis,
1192 669 1363 715 mutatam

337 753 525 838 saepissime,
557 757 787 828 declinatione.
822 779 889 820 non
911 758 1151 839 elephantibus,
1186 757 1273 838 qnod
1299 775 1364 817 nus·

337 879 449 941 quam,
483 857 568 938 qnod
598 856 707 930 sciam,
746 862 874 944 legitur.
929 881 1060 922 vossrvs
1094 878 1130 919 trs
1168 876 1363 920 assessores.

337 963 489 1028 Adverte,
515 959 633 1032 lector;
667 981 706 1022 an
724 963 756 1022 in
780 977 854 1022 nota
871 961 953 1031 dixi,
981 964 1012 1021 in
1030 961 1155 1022 duobus
1175 959 1263 1020 libris
1279 981 1365 1018 manu

339 1065 472 1123 exaratis
497 1061 626 1122 Pelorus
658 1060 806 1145 scriptum
838 1085 891 1124 me
923 1061 1090 1143 reperisse?
1149 1063 1290 1124 Rectum
1315 1061 1365 1121 elle

341 1176 513 1243 utrumque
534 1175 599 1224 tam
620 1163 746 1230 Peioris.
772 1185 867 1246 quarn
884 1165 1042 1232 Peiorins,
1076 1186 1141 1226 non
1159 1165 1286 1244 negavi.
1334 1163 1365 1221 ln

338 1264 494 1326 Strabone
515 1283 581 1324 non
603 1264 643 1325 lic
670 1267 845 1348 propinqua
869 1265 1094 1358 denqonslrabit
1119 1263 1244 1326 Vossius
1266 1258 1366 1324 sielso-

340 1358 435 1452 pro'du
461 1379 495 1426 et
520 1361 714 1450 Thirmida,
751 1381 788 1428 ut
813 1369 846 1428 in
880 1367 965 1427 Mela
990 1369 1153 1427 connectit
1181 1365 1318 1426 Pelorius
1340 1377 1365 1424 et

341 1467 500 1528 Pelorida.
545 1487 569 1528 t.
600 1486 796 1530 onouovrrs
823 1471 855 1528 irs
881 1482 960 1528 nora
984 1467 1163 1560 ptyt'sriore.
1230 1461 1364 1530 Volsrunr

337 1567 507 1650 impugnat
524 1569 619 1628 etiam
636 1569 669 1629 in
684 1570 810 1650 epillola
830 1571 951 1630 deeius
968 1571 1142 1650 appendice
1166 1590 1199 1650 p.
1218 1570 1277 1647 63.
1310 1567 1362 1628 Sed

339 1687 412 1728 cum
432 1667 512 1728 rrilril
534 1671 614 1730 novi
634 1671 799 1741 adtulerit,
829 1671 919 1731 nolui
940 1687 1093 1753 repetere.
1149 1671 1233 1731 Loca
1253 1671 1292 1729 de
1311 1668 1363 1726 hoc

337 1771 561 1851 promontorio
594 1768 748 1855 congessit
779 1773 950 1834 Cluverius
984 1775 1017 1832 in
1054 1773 1160 1835 Sicilia
1193 1785 1259 1832 snt.
1285 1788 1312 1839 s,
1333 1769 1360 1830 6.

337 1891 370 1952 p.
389 1883 435 1947 7ss
453 1869 515 1952 sqq.
540 1891 579 1932 ex
603 1873 718 1953 quibus
741 1873 879 1943 discitur,
908 1874 1050 1934 Pelorum
1070 1872 1209 1934 sormam
1230 1871 1287 1932 esse
1305 1889 1361 1930 raro

341 1971 484 2032 obviam.
531 1971 669 2035 Certiori
689 1976 751 2036 sule
771 1977 918 2035 nituntur
938 1975 1055 2036 Peioris
1077 1992 1110 2036 et
1135 1975 1290 2042 Pelorum,
1313 1969 1362 2031 ire·

337 2085 509 2152 quentatur
524 2072 721 2154 potissmium
732 2076 870 2139 Pelorus.
899 2079 948 2137 Ex
963 2076 1078 2156 quibus
1089 2075 1212 2137 Peioris
1225 2073 1361 2155 respuunt

335 2173 425 2244 libri,
452 2175 537 2255 qnod
553 2195 592 2236 ex
614 2173 818 2256 sequentibus
841 2178 904 2238 buc
926 2173 1082 2239 arcesl'mit
1102 2177 1304 2244 Gronovius,
1327 2193 1359 2233 ne

337 2273 512 2355 discrepare
533 2297 549 2336 a
568 2274 599 2337 se
619 2277 705 2339 Nlela
726 2293 904 2363 cogeretur.
959 2283 996 2340 lit
1020 2280 1211 2340 huiusmodi
1233 2275 1359 2355 exempla

336 2371 447 2456 passim
470 2379 504 2436 in
525 2377 680 2440 Strabone
702 2393 735 2441 et
757 2383 824 2464 eliis
844 2395 1029 2450 occurrunt,
1056 2383 1104 2441 uti
1130 2380 1194 2441 hoc
1210 2377 1358 2460 aliquoties

336 2477 376 2536 ad
395 2479 583 2540 Strabonem
607 2483 734 2544 monui.
787 2483 899 2562 Neque
916 2483 948 2542 id
967 2497 1090 2542 tantum
1109 2485 1142 2542 in
1164 2483 1243 2543 locis
1262 2478 1358 2541 dissttis

337 2590 370 2639 et
386 2581 613 2644 remotioribus
630 2582 822 2655 observatur,
845 2583 896 2644 sed
913 2587 990 2644 etin
1010 2585 1134 2652 vicinis,
1151 2584 1211 2642 nisr
1228 2583 1265 2642 ad
1280 2581 1359 2640 libro·

337 2699 409 2740 rum
425 2683 643 2765 corruptiones
660 2705 818 2748 recurrere
836 2685 925 2746 velis.
978 2687 1026 2745 Ita
1044 2688 1173 2764 quidam
1191 2684 1274 2765 apud
1289 2684 1357 2743 Stra·

336 2779 456 2842 bouem
475 2785 529 2846 lib.
550 2786 583 2848 6.
602 2807 634 2866 p.
649 2807 694 2848 m.
717 2799 796 2866 184.
813 2786 832 2848 s.
851 2784 932 2849 266.
955 2782 1126 2872 Πελωρίδα
1145 2785 1275 2854 habent,
1296 2800 1358 2842 cum

264 2909 267 2918 ·
336 2885 478 2966 undique
501 2885 557 2946 stet
577 2883 784 2975 Πελωριάδα.
846 2887 941 2968 Apud
965 2888 1112 2948 Solinum
1134 2906 1161 2947 c.
1190 2887 1212 2949 l.
1234 2885 1356 2950 Pelorus,

335 2985 405 3064 post
425 2987 565 3048 Pelorias
587 2989 722 3072 legitttr;
760 2987 933 3081 Tergestum
956 3001 988 3049 et
1009 2990 1115 3071 paullo
1141 2987 1212 3069 posi
1238 2980 1358 3076 Tergeste

336 3086 371 3144 in
390 3087 473 3146 lllela
493 3103 525 3158 α,
546 3104 580 3166 5.
596 3087 619 3152 f.
657 3091 786 3151 Boeotis
807 3103 839 3151 et
862 3091 1000 3150 Boeotio
1025 3107 1057 3160 Ω,
1077 3105 1108 3169 5,
1131 3101 1166 3167 lp.
1207 3088 1311 3170 Illyris
1330 3097 1357 3144 et

334 3185 507 3267 Illyricum,
537 3191 591 3250 etlr
609 3191 671 3251 hoc
694 3193 772 3253 locis
794 3193 936 3260 remotis,
964 3210 993 3260 r,
1014 3207 1045 3268 3,
1068 3200 1102 3269 4.
1123 3205 1155 3252 et
1177 3209 1208 3261 e,
1235 3205 1265 3268 3.
1290 3199 1356 3248 extr·

336 3285 387 3348 cf.
405 3286 493 3368 supra
509 3291 548 3348 ad
567 3308 597 3361 2,
617 3305 649 3370 5.
668 3290 690 3353 s.
725 3295 856 3354 Summa
873 3294 1097 3374 disputationis
1113 3292 1220 3353 haeret
1237 3293 1268 3351 in
1283 3287 1357 3348 Pelo·

335 3389 402 3449 rius
417 3403 449 3450 et
464 3391 602 3454 Pelorus.
651 3395 854 3455 Retinnetim
870 3397 967 3475 prius,
994 3396 1067 3476 quia
1083 3395 1232 3455 meliores
1249 3391 1315 3452 libri
1329 3385 1357 3446 id

335 3503 504 3571 praeeunt,
538 3505 571 3553 et
586 3495 661 3555 inde
682 3494 794 3556 omisso
816 3497 827 3555 i
846 3495 1044 3556 librariorum
1066 3496 1258 3579 negligentia
1278 3489 1356 3551 facile

335 3593 373 3651 ad
390 3591 519 3654 Pelorus
536 3597 668 3658 transiit.
713 3597 765 3658 Sic
778 3597 944 3658 Salmasius
960 3616 998 3656 ex
1015 3595 1112 3667 libris,
1136 3597 1221 3678 quod
1237 3596 1287 3663 ait,
1306 3605 1355 3672 pro

334 3691 465 3754 Pelorus
481 3696 631 3758 emendat
647 3697 806 3770 Pelorias,
832 3699 866 3758 in
888 3696 1020 3770 Selino,
1048 3700 1087 3760 de
1108 3717 1171 3780 quo
1190 3694 1355 3760 conseratur

332 3813 365 3876 t>-
391 3815 436 3858 m·
464 3809 523 3874 rs·

411 3997 616 4084 Scyllaei
657 4001 802 4068 Vindob.
816 3999 897 4096 file‚·
924 3993 1125 4094 Gttdefcilu
1150 4003 1199 4067 ed.
1220 4021 1250 4066 ι.
1284 3997 1354 4066 titre:

332 4117 367 4179 9·
383 4089 512 4204 sellae..
533 4105 596 4166 Sed
613 4106 685 4167 talia
703 4125 770 4169 nou
793 4127 913 4170 moror.
955 4108 1008 4171 Sic
1026 4125 1084 4190 pro
1106 4097 1299 4173 Hannibale.
1313 4095 1353 4157 uti
