2836 4940
364 427 468 512 tre.
487 429 538 484 ru.
583 429 616 486 c.
644 429 694 486 vr.
737 427 763 498 a.
786 443 815 496 7.
1055 435 1114 502 ²85

71 601 171 666 etiam
194 592 290 664 variis
312 600 419 662 modia
441 601 567 682 prodita
591 602 726 663 Diodor.
750 601 814 664 stc.
838 613 871 678 5.
898 617 955 666 22.
981 593 1115 684 (Ἴκτις)

73 704 204 768 Plinius
224 713 260 782 4,
281 717 339 782 30.
358 701 378 764 s.
402 704 455 765 16.
491 703 608 787 Geogr.
632 703 777 764 liarenn.
794 713 826 779 5,
852 716 909 782 30.
927 701 950 767 s.
977 701 1050 784 (hia
1073 705 1117 766 est

79 804 116 868 V
116 804 206 874 actis,
228 808 277 866 uti
293 805 467 882 Suetonio)
499 805 677 866 Eumenius
693 807 726 866 in
744 825 895 888 panegyr.
911 805 950 866 ad
967 805 1118 868 Conslan-

77 909 165 967 tium
186 903 273 968 Caes.
295 927 322 968 c.
346 917 402 984 15.
426 905 482 984 (V
484 907 572 984 erto)
594 919 626 967 et
647 927 725 987 quae
747 905 892 968 disseruit
913 907 1067 970 Cellariua
1083 909 1119 970 in

82 1009 202 1092 Geogr.
224 1021 288 1070 ant.
310 1023 342 1079 e.
360 1019 394 1086 4.
413 1023 472 1088 79.
507 1021 541 1070 et
564 1010 752 1090 interpretes
777 1007 815 1068 ad
837 1009 1031 1090 Eutropium
1048 1031 1074 1072 c.
1095 1011 1118 1074 l.

79 1110 191 1170 Hodie
209 1109 326 1170 dicitur
349 1107 486 1190 Wignt,
513 1129 572 1171 nec
593 1111 770 1171 audiendus
786 1109 999 1172 llurlbeclriue
1017 1113 1050 1172 in
1068 1113 1121 1174 rlt·

80 1211 198 1272 lantica
214 1211 252 1272 P.
271 1223 304 1289 3.
328 1231 394 1293 cap.
417 1231 471 1273 ro.
495 1215 524 1290 §.
542 1227 575 1272 2.
593 1233 625 1292 p.
643 1227 727 1274 202.
755 1213 808 1292 qui
826 1213 940 1274 relecta
957 1207 1054 1272 Vossti
1070 1233 1121 1276 ex·

82 1313 256 1394 plicatione
280 1309 335 1372 suo
361 1331 452 1374 more
482 1313 521 1374 de
552 1311 708 1373 blendia
732 1313 892 1396 intelligit.
952 1315 1018 1375 lam
1044 1333 1121 1376 vero

83 1413 187 1474 noller
200 1433 239 1474 ex
251 1412 424 1474 Britannici
439 1416 532 1476 maria
549 1413 656 1476 insulis
672 1413 768 1476 solam
783 1415 898 1476 Senam
916 1414 1123 1496 descripserat,

83 1515 173 1576 unde
194 1533 269 1576 cum
293 1515 331 1576 ad
361 1515 558 1576 Britanniam
581 1529 614 1576 et
640 1518 810 1578 lucernam
841 1515 1016 1600 progressae
1039 1517 1124 1588 esset,

86 1617 225 1678 Orcadas
241 1628 274 1676 et
290 1617 471 1678 Haemodae
486 1617 627 1680 breviter
639 1618 784 1700 adtingit,
809 1636 824 1677 a
839 1617 955 1698 quibua
969 1619 1006 1678 ad
1021 1619 1126 1679 sinum
1181 1675 1185 1684 .

84 1719 259 1781 Codanum
278 1717 464 1790 devehitur.
495 1721 529 1780 in
552 1738 616 1800 quo
634 1717 853 1780 cursuVectae
875 1721 993 1779 nullam
1016 1720 1128 1781 habuit
1178 1699 1185 1716 ⁸

85 1822 267 1890 rationem,
299 1821 414 1880 necin
437 1819 496 1880 hac
518 1819 594 1880 serie
617 1833 650 1881 et
673 1820 730 1882 srtu
752 1819 867 1882 habere
887 1823 1004 1902 potuit.
1056 1821 1128 1884 Alia

87 1923 132 1982 est
153 1910 299 2006 Οὖῆκτις
320 1921 497 1984 Ptolemaei
517 1939 548 1992 e,
566 1935 598 2002 3.
613 1933 691 1984 extr.
716 1923 848 1983 aVecta
868 1923 1055 2004 discrepans.
1079 1925 1128 1983 uti

87 2021 154 2104 ipsa
181 2024 336 2103 expositio
360 2023 472 2092 docet.
505 2036 538 2084 et
561 2024 694 2084 ulterine
717 2042 816 2106 prope
835 2025 975 2086 Scotiam
996 2039 1129 2096 remota.

88 2145 186 2206 qnam
215 2125 311 2185 hodie
334 2123 443 2206 Iletdy
474 2138 512 2184 ut
538 2123 760 2194 Cambrlenue.
795 2125 847 2186 vel
873 2125 1132 2186 Sentit-Kahalr

89 2227 153 2288 ell'e
174 2239 301 2308 putant.
352 2225 470 2288 Procul
489 2227 587 2309 igitur
605 2225 726 2288 distata
749 2225 814 2285 srnu
832 2225 983 2296 (iudano.
1008 2227 1042 2286 in
1064 2246 1131 2308 quo

91 2323 196 2388 t'osfit
215 2325 299 2388 Mela
315 2328 420 2408 ponit.
455 2327 518 2389 Sed
542 2329 609 2390 vid.
626 2327 743 2410 Cuper.
760 2325 884 2389 observ.
903 2331 936 2408 4.
955 2329 988 2391 6.
1002 2339 1130 2410 pitto.

93 2431 190 2513 Quae
214 2429 302 2489 enim
324 2429 363 2490 de
389 2429 506 2509 triplici
528 2429 623 2491 Vecta
643 2445 676 2490 et
699 2431 738 2490 de
761 2429 947 2490 Germaniae
975 2443 1059 2490 tanta
1081 2449 1134 2490 ex·

92 2531 239 2591 tensione
259 2531 394 2612 protulit
410 2527 549 2600 Vossius,
579 2531 738 2592 arbitraria
760 2527 841 2592 sunt.
895 2529 979 2590 Male
999 2549 1076 2592 vero
1098 2531 1133 2592 in

93 2630 312 2708 superioribus
351 2631 547 2693 editionibus
580 2646 654 2694 tota
691 2632 876 2692 narrationis
910 2628 1001 2692 seriea
1038 2651 1135 2713 prava

93 2733 312 2802 distinctione,
335 2753 429 2814 quam
446 2733 515 2816 post
528 2732 669 2794 diximus
684 2745 819 2814 ponunt.
836 2730 988 2801 turbatur,
1009 2745 1040 2794 et
1056 2753 1135 2813 quae

95 2833 302 2914 sequentibua
337 2835 437 2895 danda
470 2847 577 2905 erant,
619 2835 694 2896 inde
734 2831 839 2894 avulsa
876 2834 1136 2913 praecedentibue

95 2937 183 2996 male
204 2935 439 3016 adpenduntur.
491 2936 619 2996 Habent
647 2955 765 3016 nempe
788 2933 924 2996 Orcadea
955 2932 1038 2994 suam
1063 2935 1138 2996 litua

99 3037 362 3108 denotationem,
395 3036 515 3098 habent
549 3037 744 3100 Haemodae.
809 3037 876 3096 lam
909 3036 1008 3118 igitur
1042 3038 1137 3098 etiam

97 3139 248 3220 proxima
265 3135 364 3199 insula
382 3137 467 3199 suam
483 3139 634 3201 desiderat
652 3139 725 3199 silue
742 3139 951 3198 notationem.
999 3137 1096 3220 Quod
1117 3137 1139 3198 si

100 3251 267 3308 teneatur,
302 3241 351 3300 uti
373 3241 572 3302 intellectum
595 3239 638 3302 ell
662 3259 679 3300 a
702 3237 930 3300 recentioribus
954 3238 1140 3310 editoribus,

100 3342 189 3402 bene
213 3359 349 3421 vereque
372 3343 490 3426 singula
512 3341 697 3423 procedent.
750 3342 792 3400 Et
814 3339 868 3408 lic.
894 3339 948 3400 etsi
969 3338 1072 3401 Vecta
1094 3360 1141 3402 re·

101 3441 183 3512 serr,
209 3443 299 3504 hunc
314 3443 421 3508 locum
438 3441 602 3530 distinguit
619 3443 766 3526 Cuperue
779 3443 813 3502 ln
829 3441 957 3524 epistola
971 3439 1060 3523 supra
1076 3461 1141 3504 me·

99 3555 235 3606 morata.

186 3749 381 3824 diximus,
413 3771 459 3810 ex
484 3739 666 3842 insulis)
716 3745 809 3809 MSS.
834 3743 871 3806 Δ.
890 3743 1146 3825 Gronovii7ex

106 3851 177 3925 his,·
203 3851 285 3912 Vols.
309 3875 338 3916 r.
359 3865 389 3914 et
406 3855 475 3924 tin·
500 3853 537 3914 ll.
553 3851 653 3912 Gron.
676 3861 706 3910 et
727 3848 811 3909 hinc.
863 3845 911 3904 Ex
931 3847 1013 3908 mele
1035 3845 1144 3908 Cibin.

107 3952 204 4014 Paris.
225 3973 255 4016 r.
274 3967 304 4015 et
327 3955 395 4026 Ιιίς,Ι
432 3951 526 4016 Paris.
549 3967 581 4029 3.
599 3963 629 4013 et
650 3951 708 4021 iis,·
745 3945 929 4008 Vindobon.
953 3945 1035 4028 Lips.
1059 3946 1146 4010 Gnd.

107 4055 426 4138 Rehdiger.exhr'r,·
459 4055 622 4136 Angustia.
644 4051 743 4112 Vatic.
764 4050 877 4111 Venet.
896 4049 1005 4120 exilu
1039 4048 1146 4112 Havn.

110 4159 203 4244 Prag.
225 4157 318 4220 Paris.
335 4173 367 4220 Ω.
386 4157 517 4219 ethirrc.
553 4151 856 4221 EditioneeExt't's,
883 4147 939 4234 (r.
957 4147 1082 4235 mltis)
1108 4151 1147 4212 ad
1184 4235 1188 4246 Ι
