2752 4944
309 417 372 479 166
612 415 857 474 POMPONII
894 417 1054 472 MELAE

309 587 434 657 Voisrus
463 589 657 676 repudiaret.
710 589 960 651 Terminationis
989 591 1122 652 variatio
1154 589 1258 652 eadem
1282 588 1327 654 eit.

307 715 368 778 qua
403 693 491 776 iupra
522 693 606 753 dixit
636 691 767 754 Boeotis
800 705 834 755 et
860 691 1016 764 Boeotia,
1057 689 1161 754 Iberes
1185 705 1217 754 et
1244 689 1326 752 Iberi.

294 795 360 862 ‚Ci.
383 797 421 859 ad
450 813 480 868 1,
503 810 535 872 7,
560 807 616 873 15.

382 995 665 1082 italicisque)
715 999 857 1060 Vaticani
881 1019 953 1064 enm
979 999 1030 1064 ed.
1057 1013 1120 1078 18.
1138 995 1268 1060 habuille
1288 996 1328 1055 ri·

307 1103 442 1174 dentur,
477 1103 523 1162 uti
547 1113 630 1162 certe
654 1098 772 1162 habent
795 1100 879 1162 Gud.
904 1101 1076 1184 llelrdiger.
1102 1100 1267 1181 italisque,
1291 1111 1327 1156 at·

305 1226 367 1287 que
388 1205 472 1264 idern
497 1201 605 1264 ferunt
619 1202 715 1262 etiarn
732 1203 892 1264 editiones
915 1223 1038 1272 omnes.
1063 1203 1201 1283 exceptis
1218 1199 1328 1261 Canter-

305 1309 382 1368 tiuis
405 1319 437 1366 ot
460 1305 642 1372 vinniano.
680 1305 714 1364 in
739 1305 854 1385 quilius
880 1304 923 1365 ett
946 1305 1150 1388 italicisque,
1184 1302 1263 1382 qnod
1285 1319 1328 1359 ex·

306 1411 391 1490 cepit
411 1403 535 1468 Vollrus
551 1419 583 1467 et
601 1419 812 1490 propagarunt
826 1407 952 1488 reliqui.
990 1407 1082 1490 Psag.
1100 1404 1226 1467 Italicis
1243 1401 1328 1463 Galli·

306 1511 423 1592 cr'sque.
476 1507 602 1569 Italicis
624 1526 682 1589 pro
703 1507 799 1567 Italis
820 1509 882 1590 legi
904 1509 999 1569 etiarn
1023 1507 1154 1568 volebat
1178 1503 1329 1568 Cluverius

306 1611 340 1672 in
364 1611 434 1672 ltal.
460 1623 525 1671 ant.
554 1629 582 1676 1,
608 1623 639 1670 1.
664 1628 696 1690 p.
720 1619 774 1686 18.
825 1609 995 1672 Sienoller
1014 1609 1083 1690 post
1102 1628 1131 1671 c.
1148 1629 1181 1688 n.
1205 1617 1236 1683 5.
1260 1605 1331 1664 inter

309 1711 453 1774 Gallicas
476 1709 670 1792 italicasque
691 1721 808 1790 gentes.
861 1711 1008 1773 Frontin.
1035 1729 1065 1780 1,
1084 1724 1116 1788 5,
1139 1725 1193 1778 17.
1225 1704 1330 1768 italica

305 1835 381 1895 gens
388 1793 406 1886 ,i
433 1813 487 1874 etsr
505 1813 601 1872 etiarn
617 1811 751 1872 alterurn
768 1809 840 1872 ferri
862 1808 972 1894 polin,
1006 1813 1054 1872 uti
1077 1813 1187 1895 Virgil.
1210 1811 1283 1870 Aen.
1301 1807 1329 1874 6,

308 1929 394 1990 757.
427 1913 518 1974 Itala
547 1911 586 1972 dc
611 1925 713 1992 gente.
777 1911 849 1974 l'oll
874 1934 932 1996 pro
963 1915 1105 1994 cingitur
1128 1910 1221 1974 Parii.
1250 1929 1276 1971 t.
1301 1922 1328 1967 2.

306 2015 415 2078 Cibin.
445 2015 617 2096 llehrliger.
645 2013 782 2076 Vindola.
807 2014 892 2077 Gud.
917 2014 1007 2099 Prag.
1032 2027 1111 2097 puto
1140 2015 1236 2076 etiam
1257 2011 1330 2070 Vati·

306 2119 377 2178 cani
406 2135 479 2176 curn
504 2117 577 2176 edd.
604 2115 780 2187 veteribus,
816 2129 885 2176 turn
908 2117 1116 2186 Cantertinis,
1152 2117 1222 2177 std.
1252 2115 1328 2173 lunt.

304 2220 487 2297 cinguntur.
539 2216 698 2278 Vedianue
725 2215 864 2299 reposuit
886 2220 1025 2299 cingitur
1046 2232 1078 2280 et
1101 2217 1177 2278 hinc
1202 2227 1254 2292 18.
1280 2227 1329 2275 11.

308 2337 365 2380 aa.
390 2329 448 2397 14.
470 2327 527 2394 15.
550 2319 688 2398 reliquae
712 2320 860 2399 cingitur.
903 2319 1030 2400 Nempe
1052 2317 1179 2401 decepit
1199 2313 1331 2378 librarios

303 2420 376 2484 illos
396 2432 514 2489 cetero.
546 2433 579 2482 et
601 2421 864 2502 depravationem
885 2424 1019 2505 peperit.

380 2621 613 2706 Partheni)
654 2622 762 2686 Cibin.
783 2623 921 2686 Vindob.
945 2625 1029 2689 Gud.
1051 2625 1145 2710 Prag.
1166 2621 1330 2704 Rehdiger.

303 2725 418 2806 aliique
441 2727 571 2806 qnidam
594 2725 690 2787 etiarn
712 2725 913 2787 Gronoviani
932 2741 964 2789 et
984 2729 1144 2810 quinque,
1176 2743 1254 2807 quos
1271 2741 1287 2782 a
1307 2717 1332 2780 le

302 2825 461 2908 inspectos
484 2823 586 2886 icribit
604 2826 812 2909 Oudendorp.
829 2829 866 2888 ad
882 2829 1015 2891 Sueton.
1034 2831 1067 2890 in
1085 2827 1226 2913 Angullo
1241 2844 1267 2886 c.
1282 2839 1332 2899 19.

302 2929 487 3000 Parthenio
514 2925 597 3010 Lipi.
621 2930 775 3004 partenir'3
801 2929 947 2992 Ciaccon.
966 2945 1056 2992 notat
1079 2928 1251 2998 Partlteni;
1283 2925 1333 2985 l‘tt·

301 3029 353 3091 rii.
378 3047 407 3091 1.
432 3044 465 3089 1.
490 3030 641 3090 Parthini
661 3031 813 3092 videntur
836 3029 994 3106 habuille3
1025 3047 1057 3094 at
1073 3030 1170 3092 habet
1188 3025 1280 3090 Parii.
1304 3043 1332 3106 5.

301 3131 504 3212 particensem.
553 3131 636 3191 Edd.
668 3131 823 3200 verullae,
859 3133 976 3212 quibus
1005 3133 1178 3194 adhaerent
1201 3129 1332 3194 Camert-

302 3233 376 3296 Ald.
402 3233 489 3293 lunt.
513 3231 696 3302 Parthenii;
729 3234 886 3295 vadianus
909 3233 1015 3319 (16.)
1042 3249 1075 3298 et
1096 3235 1174 3296 hinc
1197 3249 1253 3298 11.
1281 3243 1331 3292 11.

306 3343 451 3410 1815.
481 3329 537 3395 16.
565 3347 622 3401 17.
651 3345 708 3410 18.
733 3335 907 3404 Vedianae.
942 3335 1159 3407 Olivnrianae,
1195 3335 1332 3398 vinetus.

302 3434 472 3501 Schottus,
507 3427 647 3504 Voltus.
680 3435 840 3497 Gronovii
861 3439 894 3497 in
917 3437 989 3500 edd.
1012 3449 1073 3516 40.
1098 3447 1157 3517 41.
1176 3446 1238 3514 41.
1262 3433 1334 3492 Par·

302 3536 401 3604 tlriui,
435 3546 561 3594 tanturn
588 3545 642 3612 18.
666 3537 810 3611 Pertini;
843 3551 913 3599 tum
936 3539 1143 3621 praecedente
1165 3533 1332 3599 lieinoldio

303 3646 365 3716 44.
389 3645 450 3714 45.
474 3648 594 3697 ceterae
617 3637 778 3702 Partheni.
814 3658 1020 3702 rzscuvcne.
1073 3641 1161 3722 Lego
1187 3633 1335 3698 Partheni

303 3758 342 3801 ex
362 3737 543 3818 Stephano.
575 3739 631 3819 qui
653 3758 669 3798 a
692 3739 817 3802 Partito
840 3743 918 3803 urbe
943 3741 1046 3821 lllyria
1069 3741 1191 3826 gentile
1219 3753 1333 3800 nomen

303 3840 437 3901 deducit
458 3838 621 3902 Partheni.
674 3841 728 3902 Sic
747 3843 843 3904 etiam
862 3841 1030 3926 proferunt
1049 3843 1173 3905 Plinius
1194 3843 1228 3902 in
1243 3837 1334 3898 tertio

304 3939 355 4032 [e.
373 3943 432 4004 16.
448 3937 470 4000 l.
491 3935 569 4028 aa]
594 3955 627 4002 et
648 3943 809 4024 epplenus
829 3947 862 4004 in
885 3947 1023 4024 illyrico.
1060 3941 1107 4031 [c.
1127 3955 1158 4006 1.
1180 3944 1247 4004 line
1265 3951 1337 4000 nota

303 4034 497 4127 varietatis.]
548 4045 663 4106 Strabo
687 4039 742 4129 [7.
766 4065 796 4127 p.
815 4066 860 4107 m.
880 4059 962 4122 115.
983 4043 1004 4110 i.
1023 4038 1129 4130 816.]
1159 4043 1244 4106 iolns
1264 4041 1337 4101 Pcr-

305 4147 403 4218 tisint’,
426 4143 478 4207 led
502 4143 626 4218 ritiole,
654 4145 730 4206 ficut
744 4161 777 4209 et
795 4145 937 4210 Tiberini
950 4149 984 4208 in
1000 4148 1117 4212 eodem
1138 4141 1223 4234 [11.
1245 4163 1278 4227 p.
1295 4160 1337 4202 ns.
