2814 4946
334 451 398 530 564
634 445 881 508 9999099
921 449 1082 506 uncte

337 628 481 690 adfirmet
503 621 713 705 Oudendorp.
736 623 776 686 ad
798 625 917 686 Lucan.
945 639 978 700 7.
1004 636 1089 702 871.
1130 622 1182 688 ct.
1204 637 1236 684 et
1257 621 1371 684 Havet-

338 749 440 809 camp.
457 728 495 787 ad
512 724 602 788 Oros.
624 745 652 796 ι,
674 737 706 787 9.
729 745 763 808 p.
780 737 839 804 33.
882 723 1068 806 Lilybaeum
1088 723 1144 808 luo
1162 745 1253 786 more
1275 727 1371 784 inrer-

339 843 413 891 tunt
433 829 516 890 libri.
569 825 677 889 Cibin.
697 825 901 908 Lylilreeumr
927 825 1013 889 Gud.
1035 825 1207 911 Rehdiger.
1228 825 1370 888 Vindob.

339 931 433 1016 Prag.
449 926 626 1002 Lilibeuurr
650 925 735 1011 Lipi.
750 926 940 992 Lilibaeum.
973 929 1058 991 Edd.
1074 943 1107 1006 ⁴7.
1126 941 1160 1006 8.
1177 925 1350 1010 Lylibeum.

416 1131 521 1216 quod
546 1123 731 1218 Africam
740 1129 758 1213 )
799 1129 991 1195 Vindobon.
1013 1131 1099 1194 Gud.
1127 1129 1212 1214 Lipi.
1236 1130 1325 1214 quod
1343 1131 1370 1188 iu

340 1227 478 1323 affrica,·
503 1232 596 1295 Perii.
620 1255 649 1294 ι.
668 1249 700 1296 9.
721 1246 755 1293 et
770 1231 876 1294 Vatic.
900 1231 1040 1293 hebuiss‘e
1064 1233 1216 1294 videntur
1236 1232 1322 1313 quod
1344 1233 1371 1290 iu

341 1327 506 1425 Africum,
544 1337 593 1394 uti
617 1334 732 1417 legitur
753 1347 839 1396 certe
866 1336 900 1394 in
927 1335 1100 1418 Rehdiger.
1124 1347 1158 1394 et
1183 1333 1371 1394 editionibus

343 1437 495 1500 omnibue
513 1435 551 1496 ad
570 1445 629 1514 49.
656 1449 789 1515 excepto
815 1434 953 1506 vineto,
988 1437 1045 1517 qui
1072 1435 1228 1497 exclufiiie
1250 1436 1371 1496 videtur

342 1533 383 1602 rit
405 1541 453 1611 iu,
479 1539 528 1598 uti
543 1552 626 1598 certe
644 1533 719 1597 iecit
735 1535 935 1607 lieinoidiue,
955 1549 988 1598 et
1003 1537 1078 1597 hinc
1093 1537 1167 1598 edd.
1181 1547 1243 1618 44.
1260 1548 1293 1598 et
1310 1535 1372 1594 reli·

341 1660 433 1722 quae.
483 1637 617 1698 Librarii
639 1637 819 1698 retulerunt
841 1638 879 1698 ed
903 1639 1089 1720 proximum
1103 1659 1242 1717 vergms,
1271 1640 1371 1696 minus

342 1743 377 1802 id
398 1741 527 1822 quidem
545 1739 724 1810 commode,
754 1757 828 1798 cum
847 1743 956 1820 potine
976 1740 1234 1801 connectendum
1252 1738 1291 1798 stt
1306 1756 1372 1796 cum

342 1841 550 1924 praecedente
565 1828 707 1929 spectat.
760 1838 829 1900 Nec
844 1839 1020 1923 agnoscunt
1037 1861 1106 1902 eam
1123 1840 1271 1900 voculam
1290 1837 1311 1903 6
1327 1857 1371 1898 co·

344 1945 429 2004 dices
454 1942 491 2002 A.
510 1941 685 2008 Gronovii,
712 1953 746 2001 et
763 1959 803 2002 ex
823 1943 904 2004 meie
925 1943 1038 2015 ceteri,
1072 1941 1241 2025 inquibus
1264 1939 1370 2002 diserte

340 2057 490 2106 notatum
513 2043 584 2103 vidi
603 2039 698 2104 Parii.
720 2057 754 2104 9.

419 2243 606 2327 Peioris)
656 2245 815 2306 Incertam
841 2245 938 2310 huius
967 2249 1111 2312 nominis
1139 2246 1276 2310 sormam
1308 2245 1371 2306 red·

342 2349 428 2409 dunt
444 2347 515 2408 iibri
530 2359 563 2408 et
578 2348 748 2408 doctorum
763 2349 907 2409 virorum
929 2351 1168 2431 dieputetionee.
1220 2349 1321 2410 Vetic.
1342 2367 1368 2408 1.

341 2449 452 2512 Cibin.
473 2447 558 2528 Gud.
582 2439 933 2530 membranei'quatuor
946 2466 979 2513 et
995 2453 1132 2512 totidem
1152 2451 1205 2512 eiii
1222 2452 1254 2510 in
1270 2451 1370 2510 charta

341 2551 440 2613 lintea
454 2549 617 2632 descripti,
639 2552 689 2609 uti
707 2550 741 2610 in
757 2551 932 2633 appendice
949 2553 1034 2614 adh.
1047 2551 1068 2616 l.
1090 2552 1217 2614 testetur
1233 2546 1367 2618 Voffius,

341 2653 499 2722 Pelorios.
526 2650 679 2732 aquibus
700 2669 768 2712 non
790 2650 959 2714 dieieniiffe
975 2652 1069 2716 Parii.
1089 2674 1120 2718 1.
1141 2653 1285 2724 videtum
1316 2637 1367 2712 no·

342 2768 425 2815 tatur
448 2755 534 2814 idem
559 2757 591 2812 in
613 2754 686 2814 edd.
707 2768 764 2827 27.
782 2765 813 2814 et
834 2769 890 2832 99.
914 2774 953 2814 err
974 2757 1105 2836 antiquo
1129 2757 1256 2826 codice;
1289 2752 1365 2834 Lipi.

341 2853 486 2918 Vindob.
510 2875 586 2916 cum
611 2853 728 2916 Venet.
751 2867 784 2916 et
807 2854 914 2916 Havn.
941 2858 1067 2936 opinor,
1090 2855 1256 2927 Peloruru‚·
1288 2855 1367 2916 Vati·

339 2977 410 3019 cau.
427 2971 460 3038 3.
484 2955 575 3039 Prag.
598 2954 690 3016 Perii.
709 2972 740 3016 2.
759 2971 792 3032 3.
813 2955 986 3039 Rehdiger.
1006 2971 1040 3018 et
1055 2959 1154 3019 codex
1170 2959 1196 3018 1.
1213 2958 1367 3018 Gronovii

339 3058 449 3138 (Gud.
474 3077 591 3138 nempe
612 3058 664 3116 iric
685 3075 725 3116 ex
746 3059 964 3138 correctione)
986 3057 1124 3120 Pelorus.
1176 3059 1260 3119 Edd.
1284 3080 1313 3119 ι.
1341 3077 1367 3121 9.

340 3177 388 3238 9..
405 3173 459 3236 13.
481 3159 626 3230 Pelorus‚·
660 3171 693 3236 3.
714 3165 749 3234 4.
772 3169 805 3234 5.
828 3158 861 3220 6.
888 3175 921 3230 7.
939 3171 973 3235 8.
991 3145 1054 3222 ¹10.
1078 3179 1131 3220 ιι.
1155 3174 1210 3222 ι9.
1235 3171 1291 3237 94.
1320 3174 1367 3238 ¹5·

343 3261 481 3334 16.17·
512 3271 649 3336 15.19.
680 3273 738 3327 9ο.
766 3273 824 3321 99.
851 3273 909 3320 99.
941 3275 998 3342 25.
1027 3271 1166 3338 9495.
1200 3259 1368 3331 ναᾱὶεηεε,

339 3359 539 3421 Olirarianee
553 3379 626 3420 cum
640 3359 773 3421 Schotto
783 3358 945 3430 Pelorum
966 3358 1097 3422 Voffius
1113 3361 1202 3422 dedit
1218 3362 1367 3434 Pelodes,

338 3473 511 3544 praeeunte
528 3473 635 3520 tamen
652 3459 790 3531 Vineto;
816 3459 979 3541 sequentes
1000 3461 1128 3522 Peioris.
1164 3481 1368 3526 nzecnvctre

338 3563 503 3644 Pelorum)
562 3562 672 3624 Scribo
694 3562 840 3632 Pelorus,
868 3581 936 3622 non
955 3561 1100 3622 Pelorum
1122 3582 1160 3623 ex
1181 3562 1367 3628 Ptolemaeo

338 3665 389 3744 [3.
404 3667 455 3744 4.]
472 3677 505 3724 et
521 3663 680 3724 Marciano
697 3665 728 3724 6.
746 3683 777 3742 p.
792 3674 874 3738 998.
900 3662 1045 3723 Pelorias
1062 3663 1105 3725 est
1118 3663 1267 3725 Straboni
1291 3662 1305 3752 [
1312 3669 1365 3729 lib.

337 3763 372 3828 6.
391 3785 423 3845 p.
438 3777 515 3843 183.
527 3763 547 3826 i.
559 3759 663 3849 965.]
679 3777 711 3824 et
726 3764 898 3844 Stephano.
926 3761 1036 3824 Variat
1049 3765 1187 3832 Solinus.
1208 3758 1297 3849 [cap.
1313 3789 1366 3831 11.

336 3863 359 3926 i.
381 3860 437 3950 5.]
465 3867 655 3934 mostotroc,
682 3865 781 3926 modo
798 3865 852 3924 illo
869 3866 1002 3924 nomine
1020 3877 1123 3928 utens.
1160 3866 1366 3945 Thucydides

335 3983 446 4050 quarto
471 3963 558 4054 [cap.
579 3961 656 4050 25.]
688 3981 721 4026 et
748 3965 918 4044 Dionysius
948 3965 1121 4042 Byzantius
1149 3960 1203 4053 [r.
1222 3971 1307 4049 469.
1335 3985 1366 4031 et

315 4063 443 4154 479]
463 4071 600 4140 Peterin·
624 4069 719 4130 sitini
736 4068 864 4126 Pelorus
884 4067 1030 4128 nominat
1050 4067 1105 4128 lib.
1129 4081 1182 4149 14.
1206 4064 1261 4154 [v.
1285 4068 1364 4158 73.]

334 4162 467 4262 arenosa
500 4170 587 4232 tollit
605 4161 646 4261 se
679 4168 758 4230 mou
788 4168 927 4230 Pelorus.
970 4188 1169 4232 recurreret.
1222 4170 1367 4261 Peioris)
