2810 4944
357 481 446 536 ΗΒ.
476 483 512 536 11.
564 480 596 536 c.
618 481 670 540 vt.
712 479 737 548 ς.
763 489 793 548 5.
1036 491 1098 558 427

66 653 164 727 tnrr'03
198 647 326 718 Vossius
344 665 377 716 et
399 663 459 734 4ο.
486 647 631 736 [pistre.
656 653 821 727 Baetullo;
858 653 1004 734 Vinetua,
1030 655 1099 738 poll

67 756 272 826 lieinoldine,
306 757 342 820 t.
364 757 549 819 Gronoviua
573 757 611 818 ab
635 757 928 838 *3ῑ1·6ι4·ΚῦΡΡῑ“ε
953 757 1100 828 Baetulo,

66 879 154 937 qnam
172 855 358 940 scripturam
372 859 485 940 probat
500 859 702 922 Ptolemaeus
720 875 750 927 a.
770 859 804 920 6.
828 857 885 919 ubi
906 853 1099 922 Βαιτουλῶν

65 961 189 1042 legitur,
222 973 381 1042 tamqnam
404 963 509 1045 gentie
535 980 666 1030 nomen,
699 957 813 1020 vitiose
836 973 873 1020 ut
893 973 982 1042 putat
1010 959 1100 1022 blan·

65 1075 131 1122 nert
154 1065 189 1122 iu
214 1061 414 1146 Geograpbie
433 1065 473 1126 T.
506 1083 534 1126 ι.
557 1083 589 1144 p.
611 1082 655 1123 m.
677 1071 762 1126 lton.
814 1059 877 1126 Sed
898 1063 985 1142 quod
1008 1061 1099 1126 idern

65 1165 101 1224 de
123 1163 182 1224 hac
204 1162 284 1224 urbe
307 1167 437 1224 Liviunr
467 1165 632 1248 producit,
672 1164 758 1244 quod
781 1177 813 1222 et
834 1163 1036 1224 Hardninnnr
1060 1165 1100 1226 ad

64 1267 145 1328 Plio.
176 1281 209 1344 5,
233 1279 267 1344 4.
292 1263 312 1328 l'.
337 1279 371 1344 5.
407 1287 445 1327 ex
469 1269 564 1328 Livio
583 1265 639 1326 lib.
664 1279 722 1338 27.
753 1261 855 1326 lecille
879 1265 967 1335 ridi,
1000 1265 1099 1326 ineo

64 1369 115 1428 lib.
135 1383 196 1440 27,
218 1381 275 1444 18.
294 1369 339 1430 in.
367 1381 399 1429 et
418 1379 472 1446 23.
495 1382 549 1447 13.
568 1379 601 1448 5.
625 1366 701 1428 olim
720 1365 849 1448 quidem
866 1365 1005 1426 Baetulo
1022 1363 1100 1428 lere·

65 1469 169 1537 batur.
197 1489 287 1531 nnnc
309 1473 493 1532 anctoritate
510 1469 638 1549 Polybii
661 1489 714 1538 ro.
740 1479 797 1548 55.
819 1469 993 1549 repolitum
1014 1481 1099 1530 recte

66 1571 105 1631 est
123 1571 288 1640 Baecula.
316 1574 363 1631 uti
378 1573 412 1632 in
431 1573 538 1634 Plinio
557 1585 588 1650 5.
607 1579 641 1652 4.
659 1567 679 1632 l.
697 1583 729 1648 5.
771 1561 1017 1660 Baeculonerrses
1040 1589 1099 1652 pro

63 1665 309 1764 Baetrrloncrrses
332 1673 553 1736 addicentibus
570 1675 665 1734 etiam
683 1671 771 1732 libria
791 1685 824 1732 et
846 1687 936 1733 antea
953 1669 1100 1734 censente

63 1791 93 1834 et
112 1774 271 1856 probante
289 1775 392 1836 Merca
409 1777 441 1836 in
460 1775 563 1836 Marce
579 1771 708 1856 Hispan.
729 1791 759 1844 t,
780 1787 837 1842 21.
854 1774 886 1836 6.
905 1794 937 1856 p.
953 1793 998 1835 tn.
1020 1787 1101 1852 193.

66 1875 112 1938 Cf.
130 1879 221 1937 viror
238 1879 350 1938 doctos
371 1878 409 1938 ad
426 1877 557 1938 Livium
575 1895 620 1938 cc.
644 1875 678 1938 ll.
711 1889 743 1936 et
764 1895 844 1955 qnae
868 1875 929 1934 iam
948 1873 1101 1936 Cellariue

65 1991 232 2039 monuerat
248 1980 281 2038 in
299 1979 416 2062 Geogr.
432 1993 497 2040 ant.
517 1993 550 2048 Ω,
572 1998 601 2048 ι,
620 1993 699 2068 107.
729 1977 828 2058 iisque
843 1977 924 2036 adde
940 1975 1101 2060 Schweig-

66 2079 204 2142 haenler.
227 2079 265 2138 ad
289 2081 423 2162 Appian.
443 2081 514 2142 Vol.
540 2093 572 2158 5.
593 2099 625 2160 p.
645 2091 713 2156 253
734 2075 774 2158 sq.
829 2075 940 2138 Nostra
961 2077 1101 2138 Baetulo

67 2181 208 2242 scribitur
230 2184 262 2240 in
284 2181 388 2242 Plinio
406 2201 433 2244 c.
449 2181 471 2243 l.
494 2201 554 2242 nec
574 2181 680 2242 renuit
702 2179 913 2241 Ptolemaeus.
952 2179 1101 2240 Betulum

67 2298 156 2344 uocat
179 2283 345 2344 Boccatiua
361 2281 380 2344 s.
400 2303 432 2346 v.
455 2283 602 2366 llpanum
626 2301 729 2350 mare.
762 2279 811 2340 led
833 2293 865 2342 et
887 2281 972 2342 idenr
990 2283 1102 2342 coelem

68 2383 165 2446 londa
189 2385 360 2444 barcinum
386 2381 521 2446 subiicit.
574 2385 657 2444 Rern
681 2383 860 2444 conficiunt
882 2381 1102 2464 inscriptiones

69 2487 245 2569 dnaeapud
264 2486 402 2546 Marcam
425 2487 457 2546 in
475 2487 578 2546 Nlarca
594 2481 683 2566 llilp.
706 2501 735 2554 t,
756 2495 810 2560 15.
833 2505 862 2546 ι.
887 2497 920 2545 et
947 2501 977 2545 2.
1003 2505 1034 2565 p.
1057 2505 1101 2548 ru.

73 2603 136 2667 159
162 2589 205 2668 lq.
240 2607 373 2667 quarum
402 2589 532 2668 quidem
559 2589 647 2668 prior
670 2585 764 2646 habet
787 2575 934 2656 Betnlo‚'
951 2585 1103 2666 posterior

66 2691 219 2758 Baetulo,
252 2703 344 2769 atque
368 2689 444 2750 haec
465 2689 577 2748 maiori
602 2687 662 2748 fide
686 2687 799 2768 digna,
832 2687 949 2770 quippe
971 2687 1103 2746 ductoa

69 2793 123 2852 buti
148 2791 284 2859 statuae,
316 2811 410 2872 quam
440 2791 519 2852 ordo
543 2787 781 2851 Baetulonenstt
807 2789 924 2872 Imper.
949 2785 1103 2848 Gordiani

65 2895 154 2954 terrori
180 2889 336 2975 posuerat.

135 3093 350 3177 Barcino)
397 3093 493 3159 Parii.
513 3107 546 3175 5.
568 3093 707 3156 Vindob.
732 3093 831 3156 Varie.
849 3105 883 3172 5.
908 3089 1001 3177 Prag.
1022 3091 1120 3154 Ven.·

63 3199 173 3261 llavn.
205 3199 253 3256 uti
277 3213 349 3258 ante
371 3197 541 3258 Schottunr
564 3197 740 3266 editiones,
774 3195 870 3256 etiam
892 3195 1048 3254 vadianto
1072 3207 1105 3255 et

64 3300 286 3372 Olivarianae;
335 3299 504 3384 liebdiger.
541 3295 687 3369 bertium
731 3297 826 3358 ceteri
858 3295 998 3356 Barcino
1030 3315 1104 3356 cum

63 3401 268 3462 editionibus
286 3401 360 3462 inde
379 3421 395 3460 a
414 3401 546 3462 Schotto
567 3413 599 3460 et
615 3393 734 3460 Voffio.
785 3397 985 3458 Eiiciendam
1006 3395 1104 3478 adlpi·
1198 3422 1201 3429 ·

60 3507 224 3564 rationein
250 3501 311 3563 iam
342 3513 512 3562 monuerat
533 3519 572 3562 ex
593 3499 778 3564 Ptolemaeo
805 3513 836 3567 Ω,
862 3499 895 3562 6.
928 3499 1104 3560 Pintianua.

61 3605 199 3666 Accedit
222 3603 347 3664 l'liniua
366 3617 397 3680 5,
421 3615 454 3684 lt·
479 3601 500 3665 l.
526 3615 558 3682 5.
590 3621 629 3663 ex
655 3620 719 3684 quo
742 3601 880 3660 Borrine
900 3599 1106 3661 adnotaverat

63 3709 129 3776 ille,
158 3707 345 3768 Antonione
360 3705 393 3764 in
410 3705 519 3766 itiner.
542 3723 574 3784 p.
595 3717 678 3782 590.
702 3713 785 3780 598.
821 3701 938 3783 Geogr.
959 3701 1104 3764 liavenn.

66 3821 98 3884 5,
126 3821 161 3886 5.
197 3825 342 3890 proquo
364 3815 397 3886 lp,
420 3815 480 3884 [μ’.
507 3807 667 3866 recentior
692 3823 812 3864 nomen
834 3801 985 3873 Bureelo,
1016 3815 1048 3864 et
1070 3803 1105 3864 in

62 3913 178 3990 primia
190 3908 312 3968 multae
328 3905 556 3989 inscriptiones,
578 3906 680 3968 veluti
693 3905 776 3986 apud
794 3903 919 3966 Gruter.
933 3924 965 3986 p.
975 3921 1060 3982 [μς.
1070 3915 1106 3982 5.

65 4011 212 4072 Godinrn
233 4011 289 4080 26.
308 4021 343 4090 5.
370 4009 428 4086 56,
451 4029 480 4072 r.
508 4009 647 4070 Marcam
663 4027 690 4068 c.
707 4007 730 4068 l.
751 4022 782 4074 a.
800 4015 853 4084 ¹4·
868 4027 900 4088 p.
918 4025 962 4068 nr.
985 4027 996 4064 r
1007 4003 1105 4087 5olq.
1224 3993 1227 4000 ⁴

68 4113 168 4174 Numi
200 4115 290 4174 eninr
315 4111 516 4174 Goltzianam
544 4109 640 4172 sidem
664 4105 794 4170 faciunt.
844 4109 883 4168 ln
908 4103 1010 4168 Subur
1032 4125 1106 4168 con·

67 4213 208 4276 lentiunt
232 4231 348 4278 omnet
369 4213 453 4276 libri.
494 4211 566 4274 Vid.
592 4225 698 4274 tamen
722 4207 800 4292 poll.
