2784 4944
205 417 210 438 ,
276 369 340 436 544
582 356 828 418 toutotttt
863 361 1023 420 Mutae

280 549 487 604 memoratur.
512 553 580 598 non
597 530 780 622 Taepauiu.
821 533 928 598 Potest
949 549 1058 598 tamen
1076 533 1138 600 elle
1158 533 1317 596 Taurania

280 641 378 702 Plinii
397 651 429 718 3,
449 656 484 719 9.
500 636 522 700 s.
541 649 575 716 5.
601 639 634 700 iu
654 636 819 719 Campano
837 658 922 723 agro,
949 659 1043 720 quam
1061 636 1248 700 intercidille
1263 635 1317 698 [uo

282 755 428 823 tempore
449 740 604 803 adfirmat.
663 741 824 821 Equidem
846 740 916 810 hic,
948 760 1023 802 cum
1052 739 1221 800 Taurinum
1245 739 1317 800 liare

281 857 430 924 nequeat,
456 842 682 904 terminatione
707 839 835 912 servata,
862 845 934 924 qnia
950 842 1079 902 urbium
1095 833 1215 903 formae
1234 839 1317 920 saepe

283 943 323 1005 stc
342 947 478 1016 variant,
504 943 696 1004 Taurianum
714 942 848 1025 probavi
859 963 869 1016 ;
894 965 988 1026 quam
1010 941 1147 1006 formam
1164 943 1236 1004 loco
1252 944 1319 1002 vin·

283 1047 401 1106 dicavit
421 1047 460 1106 ad
491 1043 650 1106 saeculum
670 1065 771 1126 utque
794 1063 828 1124 9.
866 1046 1049 1108 Matthaeus
1079 1047 1257 1128 Aegyptini
1281 1043 1318 1102 ad

280 1147 403 1211 SCtum
423 1149 464 1210 de
478 1146 723 1208 Bacchanalibue
738 1167 768 1228 p.
786 1147 911 1230 er7iq.
934 1149 968 1208 in
983 1149 1034 1210 ed.
1052 1148 1139 1208 Livii
1157 1143 1315 1206 Drakenb.

209 1263 214 1270 ·
282 1251 322 1312 Τ.
345 1265 378 1324 7.
396 1243 399 1248 ’
423 1250 524 1312 Sooni
546 1261 580 1312 et
597 1247 759 1312 Heniiehii
774 1249 975 1312 Laurianum
993 1251 1139 1312 alienum
1154 1247 1207 1309 hic
1223 1246 1266 1310 est
1286 1260 1317 1308 et

280 1370 319 1413 ex
339 1369 443 1414 errore
464 1365 588 1414 natum.

356 1551 621 1635 Metaurum)
670 1553 762 1638 Prag.
789 1554 962 1640 Rehdiger.
985 1554 1216 1627 Metinaurnm5
1245 1552 1317 1614 Vin·

281 1654 404 1718 dobon.
431 1657 664 1728 metitaurium,·
708 1657 760 1716 alii
794 1677 867 1718 cum
894 1659 1093 1720 editionibus
1124 1657 1315 1724 Metaurum,

280 1770 406 1818 tantum
434 1771 493 1836 go.
531 1772 589 1837 52.
622 1757 788 1820 Maurum.
832 1753 1059 1820 rzscuvcrot.
1105 1757 1313 1821 Scribeudum

279 1856 466 1930 Metaurus,
498 1878 565 1919 non
586 1859 772 1920 Metaurum
796 1879 835 1920 ex
856 1861 1011 1923 Strabone
1037 1857 1093 1947 [6.
1117 1883 1149 1942 p.
1169 1879 1213 1919 m.
1238 1872 1313 1932 177.

281 1959 302 2023 i.
328 1956 433 2048 256.]
460 1973 492 2022 et
512 1961 630 2022 Plinio.
668 1961 724 2040 [3‚
752 1955 926 2048 to.l.5.]
964 1981 1168 2024 rrurtnuve.
1233 1959 1313 2041 Lege

280 2061 459 2123 Metaurus.
493 2080 698 2125 ciacconius.
757 2059 945 2124 Pintianum
967 2064 1029 2126 hoc
1059 2065 1195 2126 nomine
1216 2079 1314 2141 repre·

280 2161 395 2224 beodit
422 2163 574 2226 Arutzen.
608 2163 648 2223 ad
680 2163 788 2224 Attrel.
824 2165 942 2228 Victor.
978 2166 1019 2227 tle
1047 2167 1136 2227 V.·l.
1170 2183 1235 2245 cap.
1255 2172 1311 2243 43.

279 2284 313 2345 p.
338 2275 420 2341 205.
456 2265 544 2344 quod
575 2277 608 2325 et
634 2263 817 2325 Metaurum
850 2281 993 2328 occurrat
1025 2267 1108 2348 apud
1146 2266 1255 2326 Horat.
1279 2271 1313 2340 lp.

281 2365 335 2428 od.
352 2375 386 2445 4,
407 2375 466 2442 38.
493 2378 527 2426 et
548 2364 588 2426 stc
604 2365 782 2446 Saguntum
797 2379 830 2426 et
848 2368 906 2428 alia
924 2369 1086 2439 dicantur,
1112 2367 1257 2448 quamvis
1271 2363 1313 2422 ibi

255 2487 347 2538 uuon
370 2465 472 2527 solum
495 2468 631 2528 omnino
655 2465 775 2528 fluvius
796 2467 856 2539 etl,
892 2467 945 2530 led
968 2483 1001 2530 et
1023 2469 1142 2530 fluvius
1160 2467 1313 2534 Vmbriae,
1369 2453 1370 2456 ¹

279 2587 376 2649 quem
399 2566 486 2649 supra
503 2567 607 2630 noster
627 2571 831 2634 memoravit.
882 2571 946 2632 Hic
966 2571 1172 2636 Bruttiorum
1193 2567 1313 2649 oppidis

279 2670 520 2738 adnumeratur,
551 2689 613 2751 qua
635 2669 790 2754 dignitate
813 2673 908 2732 etiam
930 2670 1071 2756 agnoscit
1086 2673 1216 2734 solinus
1237 2689 1261 2729 o.
1279 2677 1310 2743 3.

281 2771 302 2832 l.
329 2787 362 2834 2.
398 2771 435 2832 ln
451 2770 607 2834 Strabone
623 2771 786 2833 Metaurus
808 2773 927 2834 fluvius
947 2773 990 2835 est
1011 2787 1045 2834 et
1065 2775 1201 2833 navium
1218 2769 1311 2831 ilatio.

278 2875 333 2936 Sic
346 2873 433 2934 idem
449 2873 568 2942 evenit,
589 2873 676 2954 quod
693 2873 732 2933 de
747 2873 850 2952 Scylla
864 2875 971 2956 paullo
987 2887 1078 2936 antea
1093 2873 1219 2935 monui.
1249 2871 1311 2932 Ste-

278 2975 388 3057 phano
412 2974 454 3036 est
475 2968 671 3062 Mirravpoc,
698 2973 754 3036 etit
775 2977 899 3037 Siciliae
918 2975 1030 3036 tribuit
1051 2973 1106 3037 luo
1124 2993 1231 3043 more,
1257 2968 1311 3030 ubi

278 3078 361 3138 banc
386 3076 492 3138 ltaliae
522 3089 645 3158 partem
669 3076 792 3138 Siciliae
819 3076 992 3158 obpositam
1014 3077 1163 3160 adtingit.
1214 3077 1310 3136 Docet

277 3180 311 3238 id
338 3192 463 3260 aperte,
505 3179 592 3260 quod
622 3177 834 3240 stefichorum
866 3180 935 3241 eiua
961 3181 1066 3240 civem
1094 3176 1188 3248 facit,
1220 3190 1310 3256 quem

279 3279 478 3365 Maraupiar
502 3281 561 3364 τῆς
587 3275 618 3342 ἐν
652 3274 779 3364 Ἰταλίᾳ
809 3277 900 3340 fuisse
928 3277 1034 3340 scribit
1061 3281 1174 3342 Stridaa
1204 3275 1258 3336 lub
1278 3293 1308 3333 v.

278 3377 498 3468 Στησίχορος.
544 3381 736 3443 Metaurum
758 3401 798 3441 ex
820 3381 926 3444 nostro
946 3381 1017 3443 loco
1039 3378 1162 3464 profert
1178 3375 1309 3441 Ortelius

278 3481 301 3546 l.
323 3503 355 3544 v.
377 3483 548 3544 Metaurus
569 3480 681 3564 inopte
705 3483 850 3565 ingenio.
903 3483 1033 3566 Triplex
1060 3484 1159 3566 igitur
1184 3475 1309 3542 occurrit

279 3584 427 3656 variatio,
460 3603 566 3665 neque
598 3596 706 3644 tamen
736 3583 910 3666 quidquam
942 3587 977 3645 in
1003 3583 1088 3645 Mela
1114 3581 1308 3644 mutandum.

276 3687 330 3748 Sic
355 3698 387 3748 et
418 3686 622 3756 Metaurum,
662 3686 812 3747 Rhenum
845 3687 996 3757 flumina,
1034 3697 1067 3747 et
1090 3672 1307 3774 Lanrpsocum,

278 3787 474 3866 Saguntum,
509 3787 669 3870 Cyzicum.
720 3787 793 3848 vid.
815 3787 854 3848 ad
882 3807 912 3858 t,
940 3806 997 3866 19.
1022 3789 1067 3850 in.
1090 3775 1305 3878 Lampsacum.

277 3891 362 3966 Ager
383 3888 527 3952 Metaur.
550 3890 585 3951 in
607 3888 819 3952 marmoribue
840 3887 1075 3954 Piluurenllbue
1094 3911 1129 3953 n.
1149 3903 1206 3970 30.
1229 3897 1307 3946 com·

276 4003 487 4054 memoratur.
