2788 4942
341 447 431 504 ΗΒ,
463 447 501 500 ll.
544 445 665 504 ovat.
706 447 732 516 d.
757 461 804 502 αι.
1037 445 1099 526 607

58 641 90 704 p.
105 641 153 684 m.
177 642 215 682 ιι
224 631 257 700 5.
275 619 297 684 s.
318 621 398 696 167.
439 619 548 684 Plinio
566 632 598 698 3,
621 639 675 682 tt.
691 617 711 682 s.
731 629 763 696 5.
801 615 989 684 Ptolemaeo
1007 638 1040 694 tt,
1064 625 1099 687 6.

58 723 124 787 Pro
141 723 301 786 Pollentia
316 721 399 806 Lips.
421 721 515 806 Prag.
531 719 615 784 forte
639 723 734 782 etiam
755 721 834 784 Ven.
854 736 887 782 et
903 723 1009 788 Havn.
1025 743 1100 786 cum

58 825 218 888 Vaticanis
239 825 403 898 Polemio:
434 824 519 886 Gud.
542 823 683 884 Vindob.
702 821 860 896 cotenon
892 826 1005 907 reliqui
1029 827 1100 890 Pol·

62 925 173 996 lentim
197 929 249 988 uti
265 928 341 988 inde
357 947 374 986 a
389 925 511 990 Vineto
527 937 560 986 et
577 919 684 987 Volsco
702 925 883 996 editionee.·
895 947 968 987 cum
983 929 1015 988 in
1032 929 1100 990 aliie

60 1029 208 1090 Polentt'o
225 1030 392 1112 legeretur.
444 1027 571 1110 Duplex
594 1041 677 1088 certe
694 1025 706 1086 l
725 1025 861 1108 probant
875 1028 998 1098 Strabo,
1025 1029 1101 1092 Pto·

61 1129 214 1202 lemaeus,
237 1129 364 1194 Pliniut
378 1147 423 1192 cc.
437 1129 471 1191 ll.
497 1128 547 1190 led
569 1128 803 1188 dubitationem
826 1131 975 1190 inliciunt
994 1129 1100 1192 inscri-

59 1235 186 1310 ptiones
202 1234 286 1314 apud
304 1231 428 1292 Gruter.
451 1251 484 1313 p.
502 1241 585 1310 925,
606 1250 636 1294 t.
671 1245 703 1290 et
724 1229 938 1292 Muratorium
962 1253 974 1290 ι
983 1243 1041 1310 5ι,
1065 1235 1100 1298 6.

58 1333 92 1392 io
117 1333 236 1414 quibua
265 1333 392 1415 simplex
419 1335 597 1394 invenitur.
649 1331 737 1391 Tum
764 1351 842 1394 voro
868 1331 963 1394 dubia
987 1333 1101 1396 exstdit

60 1431 221 1516 [criptura.
248 1435 313 1504 etsi,
340 1434 476 1516 quiade
501 1433 626 1496 colonia
650 1431 775 1504 dicitur,
800 1433 960 1496 Pollentia
983 1433 1101 1518 praese·

57 1537 154 1598 reoda
177 1537 335 1600 videatur.

211 1743 242 1818 §.
272 1756 329 1802 at.
368 1729 639 1830 Sucronensi)
677 1735 1102 1830 Lips.Prag.Succonenfi‚·

62 1839 145 1906 Gud.
164 1843 273 1904 Havn.
290 1839 384 1904 Paris.
405 1857 437 1903 2.
456 1835 643 1930 Suconerafie
669 1841 777 1904 Cibin.
797 1837 1019 1931 Succronenste
1042 1841 1101 1906 Pa·

59 1941 106 2004 ris.
125 1957 159 2022 5.
179 1939 389 2034 Supronenst,·
411 1944 464 2004 alii
481 1937 676 2032 Sucronensi.
717 1942 800 2006 Edd.
822 1963 850 2004 ι.
869 1940 1100 2032 Suppronenfi5

64 2062 93 2106 o.
117 2059 151 2123 3.
178 2057 215 2126 le.
240 2057 273 2121 5.
301 2061 335 2122 9.
363 2063 417 2108 ιι.
441 2039 654 2132 Stuproneufl;
687 2043 826 2124 reliquae
858 2043 1042 2138 Sucronenst
1066 2060 1100 2108 et

61 2159 187 2206 tantum
211 2166 251 2208 ex
275 2146 358 2207 vitio
379 2157 411 2222 8.
432 2141 629 2236 Sucronenfi.
683 2145 754 2208 Vid.
773 2145 862 2218 ada,
885 2145 918 2217 6,
940 2147 974 2210 6.
1025 2145 1100 2215 Poll

62 2246 144 2331 Lips.
171 2247 257 2310 Gud.
273 2247 455 2320 Ferorianu
481 2245 574 2332 Prag.
594 2247 752 2310 Ferraria.

133 2463 297 2515 tontum
323 2448 428 2532 non)
477 2442 633 2520 Volsoni,
666 2449 812 2512 Gronov.
837 2447 933 2512 Paris.
962 2463 996 2512 a.
1028 2461 1100 2512 ton·

65 2553 244 2625 tummodo,·
282 2549 563 2614 Patis.1.tamcn
597 2571 680 2624 non;
717 2551 809 2634 Prag.
834 2563 960 2612 tanatum
987 2551 1098 2614 omillo

65 2677 145 2728 nom·
173 2654 288 2734 reliqui
312 2665 438 2714 tutatum
458 2673 521 2713 non
542 2671 616 2714 cum
637 2653 834 2714 editionibus
849 2653 886 2712 ad
902 2648 1055 2724 voffium,
1081 2673 1098 2714 a

32 2753 36 2760 ’
65 2777 125 2838 quo
147 2767 339 2838 aeceperunt
360 2755 433 2816 edd.
455 2763 514 2835 40.
533 2763 593 2834 41.
616 2763 676 2834 do.
700 2753 930 2824 tantummodo,
957 2753 1043 2833 quod
1063 2755 1099 2814 in

65 2857 121 2920 loia
142 2857 231 2918 libris
252 2853 341 2917 luilse
365 2853 467 2916 scribit
485 2851 617 2924 Voffiu's,
641 2853 744 2916 nescio
767 2855 895 2934 quidem
919 2855 957 2916 d.
975 2853 1100 2914 Grono-

65 2961 135 3030 vio,
169 2959 275 3040 quiid
297 2959 331 3016 in
355 2955 411 3018 luo
428 2955 521 3039 ipsius
543 2969 668 3016 tantum
693 2957 829 3017 invenit.
882 2955 981 3017 Recte
1004 2967 1036 3016 et
1059 2957 1098 3015 acl

65 3081 182 3122 nexum
205 3071 277 3140 epte
297 3059 385 3140 prior
406 3059 501 3120 lectio
522 3057 626 3140 pollen
645 3057 687 3118 ell
704 3059 843 3118 reducta.
891 3057 977 3118 Hinc
1000 3057 1097 3118 etiam

65 3161 270 3246 probaturae
291 3159 373 3238 olio,
411 3180 468 3242 pro
497 3179 562 3240 quo
587 3157 683 3222 Paris.
709 3173 741 3236 5.
769 3157 852 3240 Lips.
882 3159 980 3220 Vatio.
1011 3157 1095 3220 Gud.

65 3263 156 3347 Prag.
178 3261 285 3325 Cibin.
306 3259 442 3322 Vindob.
464 3277 496 3322 et
517 3261 676 3322 editiones
695 3261 732 3321 ad
754 3259 892 3322 Volscum
915 3261 1033 3323 habent
1054 3260 1099 3320 od

67 3366 139 3426 olio.
191 3363 255 3426 Hic
273 3360 380 3444 poluit
400 3365 522 3444 primus
539 3375 576 3422 ot
591 3361 659 3422 olio
675 3381 749 3422 cum
768 3363 902 3424 aliorum
928 3360 1097 3444 obsequio;

67 3487 137 3528 uam
161 3468 202 3526 ita
225 3467 321 3526 etiam
345 3465 456 3525 inveni
477 3465 510 3524 iu
534 3463 585 3524 ed.
614 3475 667 3540 ιθ.
720 3463 812 3525 Idem
836 3485 913 3526 vero
938 3467 1035 3525 etiam
1058 3483 1096 3524 ex

69 3570 144 3629 meis
166 3567 288 3630 Mssns
310 3567 463 3626 videntur
484 3563 624 3626 habuill'e
641 3563 736 3628 Paris.
759 3587 787 3626 ι.
807 3581 838 3627 2.
866 3567 915 3626 uti
933 3567 1045 3628 Venet.
1063 3579 1096 3626 et

68 3671 170 3731 Havn.
185 3667 228 3728 od
243 3667 321 3728 olio.
355 3667 452 3750 Quod
469 3685 546 3727 vero
563 3670 702 3748 priorem
720 3663 817 3728 Volsci
838 3668 1009 3728 lectionem
1027 3685 1095 3727 non

69 3771 181 3832 bonam
198 3767 257 3830 clio
274 3767 357 3848 polle
376 3769 453 3828 dicit
469 3769 581 3829 Petrus
598 3769 638 3829 de
662 3767 765 3832 blatea
783 3771 823 3830 de
839 3769 943 3830 Merca
963 3766 1093 3849 Hispan.

74 3891 103 3943 e,
120 3887 173 3944 aa,
188 3881 221 3950 4.
246 3869 381 3930 debebat
397 3870 429 3930 id
454 3871 572 3931 adiecta
589 3867 675 3930 caula
698 3871 861 3932 declarare.
896 3870 1010 3930 Paullo
1027 3869 1095 3950 post

71 3973 171 4038 Cibin.
193 3971 483 4054 utttcoqut'dem:
516 3969 597 4034 Vols.
618 3990 647 4034 t·
672 3985 707 4030 nt
726 3970 923 4053 nequidem
959 3969 1039 4032 Vols.
1058 3980 1092 4052 4.

71 4077 162 4140 vanc.
179 4087 216 4136 ut
237 4093 276 4134 ne
290 4094 327 4134 eo
340 4071 475 4158 quidem.
510 4069 560 4138 cf.
577 4073 617 4136 ad
638 4072 770 4136 initium
790 4073 886 4138 huiua
907 4073 1025 4155 capitis.
