2814 4946
381 434 471 488 ΗΒ.
499 435 537 489 Π.
580 433 614 490 C.
635 435 700 494 vn.
742 433 768 505 §-
797 451 843 490 ιο.
1069 447 1133 512 517

96 606 155 665 riri
172 603 302 667 eruditi.
335 605 388 667 Sic
404 605 516 670 Liriuo
530 603 786 670 Drakenborchii
804 607 869 670 c.·s.
888 606 983 670 babet
1000 607 1131 678 sethatm,

96 698 245 768 eiusdem'
257 705 356 769 Silius
372 707 496 769 staticus
516 725 547 778 o.
570 723 630 788 92.
655 741 703 756 -
727 707 832 776 letum.
859 711 908 770 uti
925 711 1021 771 etiarn
1036 709 1131 772 dede·

95 823 170 869 runt
185 809 241 868 alii
262 811 296 868 in
313 809 462 892 Virgilio,
489 809 667 892 Propertio.
693 809 820 870 Valerio
838 809 958 881 Flacco,
984 811 1130 883 Horatio.

97 909 233 980 Ovidio.
270 911 398 970 Lucano
420 922 453 972 et
476 909 554 974 aliie.
608 913 653 972 ito
676 925 770 973 vetut
791 911 870 992 sapie
892 913 976 993 apud
1002 909 1127 974 Gruter.

95 1031 126 1093 p.
142 1009 227 1088 655,
249 1029 280 1074 t.
321 1011 452 1072 Accedit
470 1011 666 1094 probabilior
686 1013 776 1076 rocio
798 1013 953 1074 derivatio
978 1011 1130 1074 Prisciani

97 1111 247 1194 asupino
273 1113 394 1194 antiqui
419 1113 508 1173 verbi
532 1113 588 1182 seo.
622 1133 726 1194 aquo
752 1111 885 1196 superest
907 1111 1002 1176 deseo.
1056 1113 1128 1178 Vid.

96 1211 270 1274 Priscianue
290 1213 346 1276 lib.
364 1225 398 1290 5.
418 1235 451 1296 p.
470 1216 554 1292 665.
576 1215 626 1276 ed.
643 1213 770 1277 Potsch.
806 1217 1002 1296 Dauoqueiuo
1022 1217 1056 1276 in
1079 1233 1128 1276 on·

97 1315 198 1400 tbogr.
219 1315 286 1376 Lat.
302 1315 339 1376 Ρ.
359 1331 390 1378 2.
411 1313 445 1377 b.
458 1335 490 1377 v.
527 1313 649 1378 Vosstue
670 1317 703 1378 in
720 1318 854 1395 etymol.
873 1317 904 1380 b.
922 1337 955 1379 r.
980 1331 1011 1378 et
1027 1315 1128 1377 Cessa-

96 1417 159 1476 riue
179 1435 209 1478 c.
223 1417 246 1478 1.
282 1415 414 1477 Relictis
429 1418 525 1500 igitur
541 1417 703 1479 codicibus
720 1417 890 1500 plerisque,
916 1417 971 1499 qui
991 1418 1128 1479 omnino

95 1515 336 1599 adspirationem
355 1531 473 1586 amant.
495 1531 527 1580 et
544 1518 751 1590 editionibus,
772 1521 867 1580 etiam
887 1517 1126 1590 recentioribus,

94 1631 223 1699 excepta
244 1619 428 1687 Vinetiana,
454 1619 528 1680 dedi
551 1619 624 1682 teto.
677 1619 797 1682 Contra
819 1617 1022 1713 Demrficm's
1038 1609 1127 1680 'codi-

94 1737 142 1782 cee
158 1719 288 1801 quidam
309 1719 476 1792 exhibent,
501 1721 605 1783 veluti
627 1719 711 1784 Gud.
731 1719 905 1806 Rebdiger.
931 1719 1069 1782 Vindob.

166 1921 367 2004 Myrtoo)
416 1923 603 1985 Vindobon.
629 1923 723 2006 Prag.
751 1923 874 1996 mirtio;
918 1919 1069 2006 Lipsiens.
1093 1921 1127 1983 in

96 2023 267 2096 immercim
294 2025 378 2085 Gud.
402 2027 533 2096 mincio;
557 2021 741 2086 Parisienset
764 2023 920 2098 Mirum
952 2024 1126 2107 Rebdiger.

97 2125 251 2206 myrthyo.
292 2125 410 2186 Vitiant
433 2145 547 2187 vocem
564 2127 660 2188 etiam
683 2127 851 2188 editiones.
887 2127 938 2188 sic
961 2145 989 2188 t.
1012 2125 1129 2195 atirtt'03

99 2241 130 2288 a.
147 2225 308 2307 Nyrtbi03
333 2245 367 2305 9.
395 2241 448 2303 23.
467 2227 618 2300 Nt'rtbi03
645 2228 721 2288 aliae
744 2247 781 2288 ex
800 2227 938 2308 antiquie
963 2239 994 2306 3.
1018 2235 1054 2304 4.
1077 2257 1127 2272 -

96 2327 384 2407 uniusquidem,
411 2327 460 2388 sed
485 2349 557 2388 cum
579 2327 788 2411 adspiratione
809 2327 962 2411 myrtboo.
1013 2323 1065 2389 Ost
1088 2325 1127 2386 ed

101 2444 130 2498 o,
154 2443 187 2508 3,
213 2441 245 2507 5.
300 2428 355 2492 Gr.
378 2429 464 2510 quod
492 2441 624 2500 uotum,
658 2427 832 2516 Muprtiiov.
890 2429 954 2492 Pro
981 2427 1127 2509 Cythera,

96 2531 180 2609 quod
211 2529 338 2610 quidam
362 2529 549 2615 agnoscunt.
579 2531 715 2592 vindob.
740 2531 898 2601 citharam
936 2529 1028 2612 Prag.
1053 2547 1128 2588 cum

97 2631 146 2692 ed.
163 2649 198 2708 9.
215 2631 343 2700 cithera,
365 2633 413 2691 uti
429 2626 549 2718 Ktsse'pp
566 2633 598 2692 in
613 2647 719 2694 vetere
734 2631 819 2692 nrbie
834 2627 930 2692 deser.
946 2649 1011 2710 cap.
1025 2641 1083 2708 59,
1093 2641 1126 2702 7.

98 2729 180 2812 Lips.
206 2731 289 2791 Gud.
310 2751 383 2794 cum
407 2734 457 2794 ed.
485 2753 514 2794 r.
538 2733 653 2806 citero;
684 2733 758 2794 edd.
778 2745 832 2812 13.
856 2731 1032 2814 Cythnum
1069 2739 1125 2805 ta.

100 2831 227 2914 Cytero.
281 2834 318 2894 Iu
344 2833 469 2895 Graecis
491 2823 649 2920 Κύθηρα,
682 2835 768 2894 unde
794 2833 941 2892 Latinum
965 2829 1127 2912 probatur.

97 2931 159 2996 Pro
174 2933 308 2995 attatum
324 2937 463 3015 quidam,
485 2935 517 2995 in
535 2937 573 2996 iis
586 2935 696 2997 Venet.
717 2931 800 3016 Lips.
819 2932 957 2994 Vindob.
973 2931 1128 3000 Mabom,

98 3035 144 3094 uti
166 3055 205 3095 ex
227 3037 459 3098 recentioribus
482 3035 601 3097 babent
626 3037 775 3106 Vinetue,
808 3029 942 3096 voffius.
994 3029 1128 3093 Maseon

99 3135 150 3196 alii
175 3117 316 3205 codices,
359 3139 458 3197 veluti
484 3137 594 3200 Cibin.
626 3138 800 3221 Prehdiger.
834 3153 914 3217 quae
945 3133 1128 3194 terminatio

100 3237 215 3296 Graeca
238 3239 416 3300 imitatione
438 3240 469 3298 in
493 3239 676 3320 Pomponio
696 3239 734 3300 ab
756 3240 823 3299 aliie
842 3249 926 3298 recte
945 3232 1127 3316 praefertur.

100 3339 136 3398 sn
153 3338 205 3400 ed.
225 3351 280 3415 tss.
302 3337 388 3420 supra
407 3337 556 3420 scriptum
575 3353 733 3420 praeterea
753 3351 819 3400 erat
836 3337 900 3399 saue
922 3337 983 3397 ulla
1004 3349 1080 3398 note
1096 3346 1129 3396 et

99 3441 186 3524 signo
201 3439 338 3502 plateas.
373 3441 457 3502 Cum
474 3454 605 3522 utraque
621 3441 721 3501 forma
736 3441 769 3500 in
785 3437 964 3500 auctoribus
979 3449 1129 3504 occurrat,

100 3541 248 3600 audiendi
278 3538 350 3600 sunt
381 3543 515 3602 codices.
568 3543 712 3622 Denique
738 3561 796 3622 pro
822 3552 935 3600 contra
960 3537 1051 3621 Prag.
1077 3535 1130 3596 dat

100 3643 202 3711 eicco,
236 3641 322 3721 quod
352 3643 481 3722 quidem
513 3641 638 3722 probari
663 3637 772 3724 pressu,
812 3639 862 3701 sed
888 3641 982 3700 taniue
1013 3635 1132 3698 codicis

101 3741 185 3802 causa
207 3743 305 3822 recipi
326 3762 393 3804 uon
420 3741 526 3804 debet.
575 3745 627 3806 sic
652 3743 748 3804 etiam
770 3741 853 3803 Mela
875 3741 990 3802 eodem
1021 3751 1132 3800 tenore

99 3845 189 3924 ponit
211 3855 336 3909 contro.

176 4035 390 4138 Oenusso)
439 4045 523 4108 Mire
537 4061 570 4108 et
589 4045 666 4107 baec
686 4063 751 4106 vox
770 4043 990 4124 distorquetur.
1029 4039 1131 4102 Vatic.

104 4139 241 4240 Oeuuso,
268 4151 315 4210 uti
337 4163 426 4212 antea
451 4137 604 4240 Pityusa,
637 4161 759 4230 praeter
785 4157 816 4226 5.
844 4147 878 4206 in
899 4162 963 4226 quo
982 4155 1015 4204 et
1037 4143 1130 4226 Prag.
