2826 4936
318 345 390 464 tt·
618 387 861 448 ιοιιιοιιιι
898 388 1061 446 mette

321 560 445 626 orditur
460 559 584 626 ethaeo
598 562 695 628 rerba
714 563 753 626 ed
773 561 852 626 nudi
868 559 978 636 refert.
1005 563 1212 628 commodum
1228 560 1337 624 ieniom

320 663 463 748 praebet.
499 664 563 726 Sed
582 665 728 728 codicum
748 665 927 728 destituitur
948 667 1000 728 iiia
1017 667 1147 729 auxilio.
1183 665 1338 745 Optimum

322 765 453 828 videtur
474 764 579 850 legere
599 787 637 829 ex
654 767 747 830 bonit
768 767 831 830 illio
852 767 981 832 duobue
997 767 1120 832 tusscie
1141 768 1271 828 maxime
1280 755 1339 854 fri·

323 867 429 948 gotis.
461 879 495 928 et
513 881 672 951 tamquam
694 883 816 951 portem
839 884 872 931 et
891 870 1074 952 exemplum
1097 867 1340 952 praecedentibus

324 969 508 1040 adnectere,
534 988 611 1030 cum
624 983 657 1032 et
670 968 805 1032 formula
821 971 928 1034 similit
943 991 960 1032 a
976 971 1081 1032 nostro
1096 973 1139 1031 ita
1159 970 1234 1052 poni
1249 966 1338 1028 soleat.
1379 951 1380 970 ¹

322 1070 376 1134 sic
400 1085 431 1137 2.
452 1085 483 1140 2,
504 1083 537 1150 5.
574 1069 714 1168 puidam
737 1071 915 1152 (Thracen)
935 1071 980 1132 od
1004 1087 1134 1132 mortem
1157 1063 1340 1159 puratiffimi,

326 1169 426 1234 Getae
447 1172 570 1254 utique;
609 1185 642 1250 5,
659 1183 692 1252 5,
711 1187 744 1248 7.
773 1172 881 1234 Silvae
895 1175 990 1255 tigres
1003 1165 1130 1264 ferrent,
1155 1173 1257 1254 utique
1270 1169 1340 1250 Hyr·

322 1273 430 1336 rania.
479 1273 594 1336 Sedet
617 1274 661 1336 ita
686 1275 822 1337 maxime
842 1273 975 1360 iegitur,
1008 1276 1056 1335 uti
1082 1288 1115 1352 5.
1137 1283 1170 1350 5.
1193 1287 1225 1337 2.
1250 1271 1340 1332 Sacris

323 1373 464 1452 operati.
489 1375 624 1436 martimo
645 1375 819 1454 Apoiiirtis3
863 1389 896 1454 3,
921 1387 954 1454 5,
981 1393 1016 1454 9.
1049 1375 1133 1436 Sunt
1153 1373 1252 1435 multo
1269 1371 1340 1434 voto

323 1495 429 1544 crum.
463 1475 562 1536 multo
577 1466 774 1568 serpentium
795 1497 929 1558 genera,-
968 1476 1007 1538 de
1027 1467 1227 1568 serpentibus
1247 1491 1340 1534 memo·

323 1573 420 1638 rorarii
460 1577 596 1638 maxime
623 1607 673 1620 -
711 1577 750 1638 de
782 1576 961 1640 volueribus
997 1579 1168 1659 praecipue
1199 1567 1341 1666 referendo

322 1677 467 1740 Phoenix
487 1713 536 1726 —
576 1678 664 1764 Quid
681 1681 769 1741 enim
791 1679 850 1751 est,
868 1670 1005 1770 frigora
1022 1677 1104 1740 nudi
1120 1691 1232 1759 agunt,
1256 1678 1341 1736 immo

324 1777 404 1842 trudi
423 1791 525 1860 agunt
548 1779 570 1844 i.
593 1799 622 1843 o.
648 1779 786 1844 vestibue
812 1781 947 1843 minime
977 1782 1054 1842 tecti
1080 1777 1201 1865 frigore
1229 1777 1278 1838 [ιιι
1298 1793 1341 1858 pet

323 1877 451 1965 frigora.
504 1881 631 1944 Durum
653 1883 743 1944 enim
764 1881 800 1942 itt
809 1873 945 1972 frigora
962 1901 1036 1944 cum
1052 1883 1183 1965 Kappio
1205 1883 1238 1942 io
1254 1877 1340 1940 indice

323 1978 346 2044 i.
362 2001 395 2044 v.
414 1981 549 2042 maxime
563 1980 774 2044 accusativum
790 1981 968 2046 absolutum
984 1983 1112 2046 habere.
1147 1981 1249 2044 Poliet
1263 1980 1341 2041 etiam

323 2083 389 2166 legi
414 2101 486 2142 oum
508 2083 665 2164 plerisque
684 2085 847 2154 codicibus
867 2087 1004 2147 rrtcxime
1017 2076 1168 2174 frigore,
1195 2081 1250 2146 nifi
1271 2082 1341 2142 idem

322 2183 358 2246 iat
372 2183 460 2244 exitu
477 2180 573 2248 ionue
588 2183 784 2258 offenderet,
815 2187 962 2268 quemvis
977 2183 1098 2246 diversa
1118 2182 1183 2246 iuit
1201 2181 1340 2245 veteribut

321 2285 553 2368 pronuntiandi
571 2289 664 2350 ratio.
703 2287 855 2350 Ceterum
870 2289 1030 2350 editionea
1045 2289 1135 2350 varie
1156 2285 1340 2368 distinguunt.

321 2405 405 2468 quae
426 2387 563 2449 omnino
585 2389 755 2470 adponam.
789 2385 962 2460 Laborem,
989 2389 1129 2449 maxime
1144 2380 1280 2480 frigora,
1298 2401 1343 2444 ιιι·
1379 2395 1380 2450 ἶ

322 2486 359 2550 dr·
380 2515 428 2533 -
451 2487 505 2550 vel
530 2485 673 2550 laborum
696 2491 852 2564 ιιιιιιιίιιιις
875 2481 1013 2580 frigora
1031 2487 1113 2551 nudi
1131 2519 1182 2532 —
1204 2487 1253 2550 vei
1273 2480 1341 2546 labo·

321 2609 404 2653 rum.
443 2589 595 2651 Maximo
607 2582 739 2681 frigore
759 2591 837 2652 nudi
861 2621 911 2635 -
936 2591 990 2654 rei
1010 2587 1167 2654 laborum.
1216 2585 1340 2651 Marem

312 2683 450 2782 frigora
471 2689 550 2752 ntuli
571 2720 622 2736 ·-
661 2691 799 2776 Qualem
816 2711 876 2776 ego
896 2705 928 2754 et
948 2692 1122 2754 lectionem
1140 2705 1174 2752 et
1192 2687 1341 2753 distinctio·

320 2811 398 2858 nem
426 2789 574 2864 adhibui,
608 2795 759 2876 praetulit
786 2795 887 2855 editio
911 2793 1030 2856 vineti.
1081 2793 1174 2856 Haec
1195 2811 1267 2853 cum
1288 2785 1342 2848 iori-

321 2891 463 2976 pfiffem,
490 2895 589 2956 incidi
606 2897 641 2955 in
661 2893 817 2958 diatriben
839 2893 1047 2957 scholasticum
1063 2893 1221 2963 Rirschii.
1245 2893 1342 2954 Recto-

321 2997 382 3066 rie,
415 2995 530 3058 Curiae
557 3005 662 3075 1734.
684 3005 720 3076 4.
748 2997 783 3058 in
805 3017 866 3078 que
889 2995 1019 3059 exhibet
1048 2996 1211 3058 Lectionis
1236 2992 1343 3054 Grono-

321 3098 435 3158 vianee
469 3111 502 3159 et
534 3097 763 3160 lieinolriianae
793 3088 976 3184 σύγκρισιν,
1008 3097 1079 3178 qui,
1114 3097 1195 3157 rium
1220 3091 1344 3156 nostrum

319 3197 485 3281 locump.
505 3198 538 3260 6.
563 3211 682 3271 tractet,
709 3199 870 3282 vulgatam
885 3211 976 3260 antec
995 3199 1183 3270 lectionem,
1207 3193 1343 3256 lobonrm.
1379 3193 1380 3252 f

321 3299 472 3364 Maxime
485 3291 623 3389 frigora
641 3299 720 3361 nudi
739 3313 857 3381 agunt,
882 3301 980 3362 etiam
999 3299 1171 3381 improbet,
1201 3315 1291 3379 quam
1310 3309 1345 3352 ne
1379 3285 1380 3344 i

320 3400 452 3463 latinam
469 3402 600 3483 quidem
614 3399 737 3474 ceuict;
764 3400 894 3472 Melam,
917 3401 1050 3464 ubihoc
1067 3399 1168 3462 verbo
1183 3410 1294 3465 utatur,
1311 3389 1345 3452 ad
1379 3395 1380 3456 i

322 3515 461 3585 tempus,
487 3515 632 3574 aetatem.
667 3503 768 3564 vitam
790 3501 916 3574 referre,
942 3501 994 3564 rel
1014 3502 1100 3564 uude
1122 3503 1220 3563 etiam
1241 3495 1344 3560 codem
1379 3479 1380 3584 i

318 3600 410 3666 Ieniu
427 3621 556 3686 ponere.
582 3605 739 3681 veluti5.
764 3619 797 3679 7,
821 3617 853 3684 5.
876 3603 954 3666 nudi
974 3615 1093 3685 agunt:
1127 3617 1162 3679 5
1178 3613 1255 3663 extr.
1277 3611 1345 3678 port
1379 3667 1380 3674 ¹

320 3704 356 3764 ιἰι
378 3703 505 3766 urbibus
524 3717 637 3786 agunt.
688 3705 819 3768 Accedit
836 3705 1019 3788 obpofitio
1010 3727 1045 3766 ιιι
1061 3703 1169 3766 verbio
1186 3713 1343 3782 antequam

319 3802 448 3886 puberes
467 3803 534 3894 firrt
554 3819 588 3868 et
608 3807 686 3878 oiri,
712 3825 849 3889 quorum
871 3807 959 3888 prior
975 3825 1044 3889 pare
1059 3805 1161 3866 aliena
1179 3801 1293 3864 adierat
1310 3813 1343 3858 ex

320 3905 544 3972 universorum
561 3908 796 3970 Germanorum
812 3907 954 3970 moribus
972 3908 1036 3968 huc
1057 3907 1213 3968 oanelata.
1254 3904 1341 3964 Recte

319 4009 420 4093 igitur
442 4009 607 4093 distinguit
634 4007 703 4090 post
730 4001 881 4099 frigora,
919 4027 1024 4070 novoe
1056 4005 1227 4070 sententiae
1259 3999 1340 4062 initio

318 4109 421 4197 poiito
442 4131 459 4174 a
479 4111 584 4175 verbio
609 4109 702 4174 Nudi
724 4123 838 4198 agunt.
889 4109 1002 4194 Neque
1028 4123 1136 4172 tamen
1158 4107 1212 4172 rel
1234 4105 1271 4168 fic
1283 4091 1342 4192 fri·
