2848 4942
242 429 250 444 .
343 396 438 452 tro
468 397 507 452 rr.
550 397 583 453 c.
612 399 636 452 1.
678 393 807 473 hosi
1058 417 1102 482 55

63 568 192 632 Plinium
215 565 369 636 seribere.
399 587 468 628 nou
492 581 617 630 tanturn
638 589 696 652 per
717 569 891 644 Numeriu.
923 573 975 640 seri
998 579 1097 642 etiem

61 691 108 752 per
128 670 271 746 Hyireos
289 670 394 730 fluere
419 671 610 756 pracrrin.
665 670 828 753 Norquem
848 675 911 736 hoc
934 677 974 738 rie
990 679 1097 764 iiype·

62 773 113 831 ceri
130 773 207 830 dicit
227 773 379 842 Piiuiue,
406 769 459 832 sed
481 773 522 833 de
544 773 691 852 Hypani,
718 793 815 854 quem
837 773 940 836 scribit
956 799 1013 862 per
1030 781 1096 842 No·

62 873 154 934 madre
171 886 206 932 et
229 873 381 951 Hyieeoe
402 871 513 933 fluere.
565 874 691 956 Pergit.
717 893 783 936 non
805 879 958 948 consiere.
985 895 1095 946 utrum

61 973 133 1034 Mese
153 971 313 1054 scripserit
334 995 396 1052 per
416 972 605 1044 Nomados,
638 993 678 1034 eo
702 995 778 1038 vero
799 977 895 1038 iuxta
916 981 967 1042 rei
982 973 1096 1070 semn-

62 1073 138 1143 iuri,
170 1075 261 1155 quod
286 1095 329 1135 ex
362 1073 532 1136 Herodoto
560 1075 667 1158 colligi
690 1075 774 1156 posse
798 1073 949 1152 ashrmm
988 1081 1038 1144 seri
1061 1101 1096 1148 et

62 1191 118 1235 tom
136 1195 268 1258 quoque
289 1187 448 1258 nugatur.
500 1177 686 1238 Herodoto!
708 1177 884 1258 Hypecario
911 1177 963 1244 διὰ
990 1179 1094 1270 μέσων

60 1276 113 1338 eriri
127 1273 300 1360 Νομάδων
317 1277 422 1338 fluere
440 1276 576 1338 testatur.
609 1271 673 1339 Arci
691 1297 767 1340 vero
783 1297 848 1340 non
865 1283 967 1362 potest
983 1285 1095 1368 signifi·

60 1397 118 1438 ure
136 1381 235 1439 iuxta
254 1380 306 1439 rel
322 1368 519 1468 seeundum.
556 1397 687 1440 vocure
707 1381 740 1440 irr
758 1382 934 1460 appendice
955 1383 999 1444 ed
1018 1387 1049 1448 h.
1072 1389 1094 1452 Ι.

60 1479 132 1560 Quis
153 1481 272 1562 legerit
290 1478 366 1571 post
390 1469 481 1568 ipsos
499 1477 687 1550 Nomadas.
721 1493 754 1540 et
774 1499 813 1542 en
838 1502 876 1544 ex
901 1485 1021 1546 Codice
1044 1489 1097 1548 de·

58 1577 216 1659 promserit
238 1581 455 1650 Ciecconiue.
491 1581 618 1664 ignoro.
679 1581 834 1644 Excidiise
855 1585 981 1648 alteriue
1005 1589 1097 1650 fluvii

58 1685 258 1752 mentionem,
285 1683 454 1763 imperto
471 1681 610 1762 positum
624 1681 678 1749 esi.
703 1701 763 1744 uec
777 1683 942 1746 excusumr
953 1701 1007 1748 rut
1024 1709 1095 1772 pro·

58 1781 137 1840 batur
155 1783 248 1844 simili
271 1781 436 1864 exemplo
460 1795 493 1860 3.
517 1795 552 1858 5.
573 1783 607 1846 6.
635 1781 746 1844 ubido
767 1795 903 1866 utroque
923 1789 1021 1852 fluvio
1044 1811 1096 1853 ex·

58 1883 247 1964 plicationem
272 1883 430 1952 subiicit,
465 1882 521 1943 etii
541 1883 632 1944 eiiam
652 1883 710 1944 alia
728 1883 918 1950 uberiorem.
969 1891 1096 1956 Primus

59 1985 135 2044 honr
148 1985 310 2046 desectum
330 1983 488 2066 sagaciter
503 1983 653 2046 odoratur
668 1983 711 2045 est
725 1985 903 2058 Phthour,
927 2003 968 2058 et.
991 2007 1096 2073 quete-

61 2105 118 2145 nru
142 2087 173 2144 in
201 2087 324 2150 teiibue
352 2087 450 2154 iicet,
483 2083 615 2156 restrsrt.
647 2085 687 2146 de
715 2105 780 2167 quo
805 2089 912 2150 minue
935 2109 1034 2172 aeque
1062 2109 1097 2156 et

58 2187 149 2269 magii
163 2203 267 2271 ergute
286 2187 371 2248 lites
385 2187 496 2247 morit
513 2185 709 2248 Gronoviur.
760 2187 868 2252 immo
883 2189 996 2268 Hylaei
1011 2213 1099 2256 com·

54 2289 143 2348 mode
160 2289 255 2350 abesse
277 2287 441 2372 possunt.
468 2306 543 2348 cum
563 2305 618 2352 eor
636 2285 689 2346 suo
708 2305 798 2348 more
817 2289 974 2354 vocabulo
989 2290 1096 2384 stivae

55 2387 199 2472 defignere
225 2391 397 2472 potuerit.
453 2377 522 2449 Nec
542 2389 753 2472 negligentiae
771 2387 824 2450 hic
844 2389 961 2458 Melam
981 2397 1096 2476 oiiquie

53 2489 177 2560 incuset.
213 2493 313 2552 cuiue
345 2489 535 2570 exemplum
562 2487 745 2550 observator
771 2489 805 2550 io
836 2491 980 2572 Appiano
1007 2497 1093 2575 illyr.

54 2609 77 2649 c
93 2605 145 2668 5ο.
161 2594 205 2654 ἰιι.
233 2592 299 2652 ubi
323 2589 380 2652 sex
404 2589 498 2650 urbee
519 2587 707 2656 inseruntur.
733 2603 869 2671 quatuor
883 2595 934 2657 vei
954 2599 1096 2678 quinque

51 2705 166 2754 tentum
194 2695 448 2762 nominantuu
484 2691 524 2751 de
549 2709 612 2772 quo
637 2691 922 2774 Schweighaeuser.
954 2697 993 2756 ed
1019 2717 1047 2760 c.
1073 2699 1095 2760 Ι.

52 2795 160 2874 voi3.
180 2817 215 2877 p.
236 2797 334 2864 677.
393 2791 491 2852 Atio
513 2791 639 2854 duohur
661 2791 701 2852 iic
724 2791 903 2865 offendere.
935 2795 1096 2860 oscitentir

50 2895 95 2964 fit,
127 2897 177 2956 rei
207 2893 414 2956 inludentis.
475 2891 604 2952 Videtur
627 2893 772 2954 lacunam
801 2891 919 2956 sensisse
942 2897 1096 2970 libratior.

52 2999 99 3075 qui
118 3009 254 3058 notante
281 2989 404 3056 Voffio
427 2989 496 3073 posi
516 3011 573 3073 pru
593 2993 790 3072 Panticapes
810 2991 963 3058 subsistoit
984 2997 1095 3081 Hypo·

52 3101 140 3166 ceris,
166 3099 207 3174 rie
223 3115 298 3179 quo
319 3093 363 3155 ari
387 3093 467 3152 iliud
485 3093 619 3154 verbum
640 3095 773 3156 dicetur.
825 3094 976 3158 Ceterum
992 3099 1096 3163 deuol-

51 3199 128 3256 vitur
147 3217 206 3279 pro
229 3195 408 3258 evolvitur
432 3207 523 3255 acute
552 3195 651 3256 tuitur
672 3193 715 3256 est
740 3189 881 3266 vossius,
921 3200 975 3260 etsi
998 3205 1095 3264 etiem

49 3299 197 3358 librorum
221 3295 443 3360 consentient
464 3295 558 3358 lectio
587 3294 661 3356 stare
692 3295 808 3375 potest,
848 3317 907 3378 qua
935 3299 1097 3381 respicitur

52 3397 123 3462 sorte
142 3401 240 3461 locue
266 3397 440 3458 Herodoti
461 3409 495 3474 4.
516 3397 575 3472 56.
609 3395 665 3456 ubi
688 3397 728 3456 tie
752 3396 894 3458 Gerrho:
928 3395 1044 3464 initio?
1064 3399 1098 3464 ii

52 3499 86 3566 tir
105 3497 162 3564 rc‘r
185 3493 409 3583 Ὑπάκυριν,
434 3515 473 3558 ex
488 3515 552 3578 quo
567 3495 660 3558 simui
680 3496 761 3558 iilud
784 3497 917 3560 verbum
937 3501 974 3562 tri
992 3503 1098 3585 Hype-

53 3621 133 3665 uren
154 3601 348 3664 mtulit.

211 3807 245 3883 §.
282 3813 321 3878 5.
376 3811 415 3860 et
450 3799 732 3880 Panticapes)
786 3799 959 3886 Rehdiger.
989 3805 1098 3882 panii·

60 3906 177 3982 rhepesg
212 3906 319 3986 Prag.
343 3900 569 3982 poutlricopes;
603 3900 742 3962 Vindoh.
767 3905 1016 3982 penthiacum„
1046 3907 1099 3966 elii

60 4025 117 4066 rom
138 4007 218 4068 edd.
248 4005 466 4080 Panticapes.
518 4004 660 4062 Tantum
687 3999 802 4064 Zolusc.
828 4015 860 4064 et
884 4025 965 4085 quoe
987 4007 1099 4066 Ponti·

60 4127 136 4184 capu
151 4103 355 4174 Nomadas.
381 4100 443 4174 sed,
468 4105 552 4184 quod
574 4105 701 4188 gravius
719 4101 777 4172 est.
803 4103 910 4165 Cibio.
933 4117 964 4164 et
983 4125 1100 4184 ypoca·

691 4204 719 4265 C
749 4215 768 4264 Ω
