2784 4944
366 423 453 480 ΗΒ.
482 423 520 476 tt.
563 422 597 478 c.
621 423 658 482 V·
700 421 726 490 i
750 435 779 488 a·
1027 437 1089 500 503

58 598 188 682 tasseque
208 600 316 660 locunt
340 617 432 668 eum,
458 609 511 656 ant
528 595 620 656 simili
640 609 751 657 natura
773 595 954 678 praeditum
978 595 1091 684 signifi-

57 717 116 772 cat,
156 721 258 782 quem
287 700 470 760 Antoninus
496 693 552 786 [p.
575 719 619 761 nt.
645 693 752 784 389]
787 689 930 788 Salsulae
955 702 1092 783 appellnt

56 803 107 884 tif..
134 803 280 864 millibus
306 799 448 884 passuum
475 821 492 862 a
516 801 696 880 Pyrenaeis.
734 819 919 864 naariam.
981 802 1089 866 Eusta-

55 909 133 968 thiiis
155 911 190 968 iu
216 905 409 982 Dionysium
434 899 486 990 [v.
505 899 588 990 75.]
613 893 770 968 aeuitur
794 903 881 986 legit.
931 905 1013 966 Vide
1036 906 1089 968 liic

56 1010 263 1070 Hermolaum
280 1019 313 1068 et
329 1005 528 1070 Strabonem.
557 1007 607 1065 ¹lu
627 1007 758 1086 antiquo
775 1007 885 1066 codice
906 1007 1006 1088 palam
1025 1007 1090 1069 La·

54 1110 148 1190 cydari
176 1111 318 1192 legitur,
360 1121 396 1166 ut
427 1128 494 1168 non
528 1105 564 1166 sit
596 1105 809 1166 dubitandum
842 1107 882 1166 de
908 1109 1090 1192 integritate

54 1211 207 1272 lectiunia.
242 1227 456 1270 ciaccourve.
505 1207 692 1290 Lagentium
707 1225 779 1268 reor
796 1207 949 1288 Lacydon
968 1231 1005 1270 ex
1026 1211 1090 1272 Eu·

54 1313 169 1376 statbio.
211 1311 433 1372 Aesliniationi
455 1309 554 1370 locui.
583 1327 757 1370 ecuo‘r'rre.
811 1309 992 1392 Hasyci‘isurr
1012 1313 1090 1374 Her·

55 1417 185 1477 malaue.
232 1415 276 1474 At
296 1409 359 1494 ipse
386 1411 465 1472 Mela
491 1409 662 1492 scripserat:
697 1409 862 1490 Lacydon.
914 1413 966 1474 Sic
992 1415 1089 1476 etiarn

54 1533 170 1577 veteres
196 1514 284 1574 libri.
338 1512 517 1574 Euliatbiua
538 1513 571 1572 in
589 1511 779 1590 Dionysium
805 1505 852 1596 [c.
869 1505 910 1598 l.]
945 1510 1091 1598 Ἀγαθός

54 1619 112 1692 τοῖς
136 1608 403 1686 Μασσαλιῶταις
422 1607 552 1698 lrpipao'
574 1607 741 1674 naasion.
770 1633 916 1676 votetvti.
969 1617 1088 1680 Avero

54 1719 149 1804 louge,
173 1719 304 1778 aberrat
333 1715 537 1784 Hermolaus.
571 1715 649 1774 rium
669 1713 850 1794 llasyci'clou
875 1715 1031 1797 reposuit,
1057 1734 1090 1784 et

53 1841 121 1901 quae
144 1823 182 1880 in
206 1817 366 1882 Strabone
388 1829 678 1876 commemorantur
702 1811 852 1887 ἁλυκέὸες
877 1819 914 1878 ad
942 1837 1090 1902 campum

53 1923 215 2004 Lapideum
240 1921 403 2002 pertinent
425 1931 456 1978 et
479 1917 612 1978 Salsulae
636 1915 725 1978 sonte
747 1915 826 1978 iiisra
850 1937 866 1978 a
886 1919 991 1982 noslro
1014 1941 1089 1984 cou-
1167 1931 1188 1952 ⁵

55 2023 238 2084 stituimtur.
302 2019 419 2081 Frustra
439 2019 535 2102 igitur
559 2039 633 2078 euru
656 2017 750 2078 secuti
772 2021 813 2078 ita
834 2033 964 2100 portum
986 2025 1090 2084 nomi-

54 2143 123 2186 nant
152 2124 324 2206 scripturae
339 2119 474 2200 'quidam
497 2119 771 2190 franco-Gallici,
805 2123 854 2180 uti
880 2123 920 2182 de
944 2121 1030 2186 llusfi
1055 2127 1089 2186 iu

54 2226 176 2288 histoire
203 2229 245 2284 de
273 2221 425 2282 Marseille
447 2223 486 2284 T.
510 2243 537 2284 i.
562 2221 617 2282 lib.
639 2241 667 2282 i.
690 2240 721 2301 p.
744 2231 779 2298 4.
803 2221 873 2298 (eil.
898 2223 1022 2302 1696.)
1057 2239 1091 2288 et

54 2328 160 2410 l'apori
185 2328 221 2386 in
247 2323 317 2384 hist.
341 2319 484 2406 generale
502 2323 542 2384 de
565 2323 730 2384 Provence
752 2323 792 2383 T.
815 2343 844 2386 t.
863 2343 894 2404 p.
913 2341 968 2388 22.
1023 2327 1091 2390 No.

54 2433 126 2489 tavit
162 2427 343 2488 Barbarum
376 2428 472 2485 etiam
503 2421 707 2486 Casaubonue
733 2425 771 2482 ad
802 2423 948 2488 Strabon.
972 2427 1029 2491 lib.
1053 2439 1089 2510 4.

54 2551 80 2610 p.
103 2553 147 2592 m.
172 2539 261 2604 124.
280 2524 301 2586 s.
325 2541 405 2602 179.
448 2527 606 2606 (iorrtipte
623 2525 787 2586 Boccatiue
805 2525 845 2586 de
863 2527 1002 2590 maribus
1019 2528 1039 2590 s.
1056 2551 1089 2594 v.

56 2631 214 2691 Gallicum
243 2639 337 2688 vucat
363 2625 569 2687 Lacecloueui.
630 2627 718 2686 'sum
742 2639 826 2686 recte
854 2629 878 2688 l.
906 2627 1090 2692 Gronoviue

55 2727 319 2811 praecedentibus
347 2725 527 2788 accusativis
549 2747 606 2808 pro
627 2739 674 2796 et.
706 2727 792 2808 quod
816 2725 855 2788 sic
877 2729 984 2792 minua
1008 2731 1090 2794 bene

54 2835 187 2894 serravit
207 2829 417 2900 lleirioltliua,
444 2827 603 2890 subiunxit
623 2827 678 2922 ιβ.

126 3037 167 3096 in
195 3031 268 3114 ιο)
327 3032 449 3092 Mirum
481 3031 634 3112 laquearii
659 3052 776 3116 genua,
813 3033 975 3096 civitatem
1003 3033 1089 3096 sitam

56 3135 111 3196 esse
138 3139 171 3196 in
203 3148 310 3216 portu.
363 3133 448 3192 Libri
474 3155 571 3194 mann
604 3136 719 3194 exarati
751 3135 880 3218 legunt:
922 3149 953 3196 et
983 3137 1015 3196 r'rt
1041 3159 1088 3200 ια.

57 3237 202 3298 Omnino
230 3234 429 3296 scribendum
455 3247 484 3294 et
507 3235 596 3314 hiric,
631 3235 681 3296 vel
703 3235 824 3296 atinde
844 3226 914 3328 ipsa
935 3233 1089 3326 Jlnffisia.

56 3339 209 3418 lacytlon
231 3339 309 3397 olim
327 3335 497 3396 vocabatur
514 3351 624 3416 portua
639 3333 884 3398 Massiliensium.
916 3339 976 3398 Sed
996 3337 1089 3400 scien·

56 3441 140 3509 dum.
165 3440 264 3502 etiam
282 3437 419 3506 Olbiam,
448 3438 623 3518 iliitipolin.
650 3439 852 3498 Tautantum
870 3451 902 3498 et
915 3439 987 3500 alias
1006 3441 1089 3502 calo·

57 3545 120 3602 nias
143 3544 178 3600 iri
207 3539 270 3599 hoc
291 3541 382 3599 litore
407 3553 516 3619 portua
541 3535 776 3598 Massiliensium
801 3535 887 3600 luisse
911 3541 1088 3621 appellatae.

57 3641 138 3704 Puto
161 3655 271 3700 tamen
293 3641 381 3700 aliter
404 3639 464 3700 boc
486 3639 678 3700 vocabulum
701 3641 939 3722 accipiendum,
973 3661 1088 3724 nempe

60 3744 91 3802 ile
116 3757 218 3826 partu
242 3741 298 3822 ipsi
328 3737 476 3802 Massiliae
501 3743 607 3802 ailsito.
657 3741 774 3800 Verum
796 3757 832 3800 ut
855 3741 1088 3824 cognoscamur,

59 3849 123 3922 quia
147 3845 203 3903 ille
221 3861 332 3922 portua
354 3839 456 3910 suerit.
485 3843 750 3922 operaepretium
769 3843 811 3902 est
834 3863 974 3912 monere,
1003 3859 1089 3904 vete·

59 3965 118 4006 rem
145 3941 314 4006 Massiliam
343 3963 408 4004 uon
437 3943 522 4002 sitain
549 3941 653 4012 luisse,
688 3941 744 4002 ubi
766 3943 808 4004 eil
830 3943 999 4014 hodierna,
1037 3943 1088 4006 sed

60 4045 122 4110 satie
151 4049 251 4126 longe
279 4047 354 4104 inde
388 4058 559 4113 remotam,
596 4063 711 4124 nempe
743 4047 781 4105 ad
815 4047 1087 4128 promuntorium,

56 4151 133 4228 qaod
159 4151 263 4231 vulgo
287 4147 316 4208 la
341 4147 489 4210 Crocetta
512 4147 696 4230 appellatur.
719 4175 769 4190 -
799 4165 940 4210 votaiva.
991 4147 1087 4210 Plane
