2814 4946
299 415 387 474 Ltn.
417 419 454 473 ll.
499 419 532 476 C·
562 419 625 476 vn.
669 417 695 488 i.
722 437 768 474 re.
998 431 1061 495 323

33 611 93 652 rorn
115 589 178 660 etl,
213 589 301 672 qnod
330 589 424 650 tradit
444 591 568 654 Plinius
589 599 625 672 4,
650 605 684 654 2.
704 589 725 654 s.
751 609 782 655 1.
833 589 981 656 Neritum
1008 591 1061 655 seu

34 695 132 774 potine
153 691 307 752 Noricum
331 691 453 774 postea,
486 694 632 754 trauelata
658 691 773 754 scilicet
795 693 922 775 prillina
945 695 1061 757 incula·

33 813 94 853 rum
112 791 202 863 sede,
229 793 373 854 Leucada
392 791 507 856 dictam
524 791 623 856 tuille.
676 791 727 858 Cs.
751 793 846 856 etiarn
862 795 973 858 Suidaa
987 793 1008 858 s.
1026 816 1060 860 v.

34 893 179 977 Νήριτον.
233 893 346 974 Neque
369 891 467 956 insula
493 895 666 964 Leucadia.
698 913 778 976 quae
801 893 921 958 Neritia
943 897 1061 958 eodem

32 995 132 1057 Plinio
157 995 233 1058 teste
253 995 332 1056 olim
354 1011 465 1058 vocata
485 995 545 1066 eli.
578 997 714 1080 intelligi
743 1011 871 1078 propter
900 995 1061 1078 sequentia

33 1097 139 1178 potest.
193 1099 352 1177 Denique,
378 1097 400 1156 si
424 1097 502 1160 haec
523 1098 618 1159 lectio
640 1097 775 1160 Scholto
797 1097 899 1168 detur.
924 1112 1061 1180 utroque

32 1199 124 1259 modo
141 1195 290 1280 scripturn
305 1197 348 1258 eil
365 1197 445 1258 olim
459 1219 476 1260 a
488 1199 675 1280 quibusdam
693 1200 803 1280 oppidi
818 1199 913 1260 huius
929 1219 1061 1262 nornen.

34 1301 91 1358 Etli
116 1301 207 1360 enim
230 1298 342 1362 Strabo
363 1317 419 1362 ao.
441 1319 474 1381 p.
494 1319 539 1362 m.
557 1313 640 1380 513.
661 1297 682 1362 s.
698 1309 785 1378 454.
819 1299 1002 1362 Eullatlriua
1021 1301 1062 1360 ad

35 1401 163 1464 Homer.
195 1401 234 1460 ll.
261 1415 294 1470 2,
318 1401 402 1478 652.
443 1399 551 1480 Odyls.
578 1411 635 1480 24,
669 1403 753 1478 376.
791 1413 824 1462 et
854 1401 893 1462 ad
926 1399 1060 1480 Dionys.

35 1522 61 1562 r.
80 1515 171 1580 492.
199 1501 311 1564 Suidaa
331 1521 359 1564 c.
380 1501 401 1564 l.
422 1503 638 1584 precipiunt,
664 1502 776 1562 urbem
791 1521 861 1564 eam
882 1501 915 1562 in
936 1501 1063 1564 Graecia

35 1600 223 1662 scribendam
246 1600 306 1663 else
327 1622 384 1683 per
407 1625 443 1672 κ,
472 1623 528 1685 per
549 1623 571 1666 r
589 1615 734 1665 montem
759 1603 899 1672 ithacae,
935 1603 1063 1686 adparet

35 1716 134 1764 nmen
150 1723 191 1764 ex
205 1703 378 1784 Stephano,
404 1704 562 1784 quondam
573 1705 668 1766 etiam
684 1703 796 1765 urbem
815 1703 955 1786 scripsisse
971 1703 1062 1766 Neri·

35 1819 103 1874 ton,
130 1825 149 1866 e
169 1803 286 1885 qnilrne
303 1805 452 1886 producit
465 1805 646 1888 Lupercum
663 1805 925 1866 Grammaticum.
961 1805 1003 1866 Et
1021 1805 1061 1866 sic

34 1907 159 1967 eslertur
185 1907 220 1966 in
242 1903 350 1969 Plinio
371 1925 398 1968 c.
418 1907 439 1967 l.
474 1925 571 1988 quern
593 1907 724 1988 quidem
748 1925 786 1968 eo
811 1907 944 1967 nomine
974 1917 1064 1966 notat

33 2007 193 2068 Salmasius
216 2007 253 2068 ad
275 2007 377 2069 Solin.
399 2027 465 2090 cap.
482 2022 542 2085 57.
565 2005 584 2068 s.
607 2019 667 2087 4ο.
694 2029 726 2089 p.
743 2027 789 2070 m.
807 2019 891 2086 503.
943 2005 1063 2068 Contra

34 2105 184 2194 anrniiyv
207 2099 338 2192 Ἰθάκην
358 2122 452 2170 vocat
474 2106 608 2187 Dionys.
633 2129 666 2171 v.
691 2119 777 2186 495.
828 2108 871 2169 Et
890 2108 930 2168 sic
951 2109 1064 2174 eadem

32 2211 62 2268 in
85 2211 144 2270 hac
166 2227 247 2270 voce
274 2206 410 2270 consona
434 2212 570 2270 variatur
596 2209 679 2292 apud
703 2209 860 2270 Ovidium
882 2209 916 2268 in
942 2208 1063 2272 remed.

34 2331 126 2372 amor.
153 2331 188 2371 v.
206 2310 291 2374 nbi.
323 2309 381 2370 ubi
404 2311 470 2372 vid.
493 2308 602 2373 Heius.
624 2310 661 2370 ad
684 2310 794 2394 Virgil.
816 2310 895 2373 Aen.
921 2323 952 2388 5.
978 2325 1062 2387 271.

35 2411 196 2489 Heyniua.
229 2423 262 2472 et
285 2412 339 2490 qui
356 2413 563 2474 nominantur
592 2411 630 2472 ad
656 2409 792 2490 Hesyclt.
815 2409 836 2473 s.
858 2432 890 2472 r.
913 2406 1065 2496 Νήρικος.

37 2513 91 2572 Sed
109 2527 145 2572 ut
164 2511 321 2572 summam
338 2511 561 2594 diaputationia
578 2513 761 2582 conficiam.
788 2509 841 2572 etii
859 2530 971 2573 ornnea
991 2510 1067 2570 libri

37 2614 66 2670 in
89 2615 182 2674 litera
208 2626 224 2672 r
249 2609 443 2694 conspirent,
478 2613 611 2674 Nericos
637 2625 744 2674 tamen
770 2631 843 2674 curn
867 2612 1000 2674 Schotto
1026 2630 1065 2674 ex

36 2714 198 2776 Strabonis
215 2713 421 2774 adnotatione
437 2711 678 2796 praeferendum
696 2713 754 2782 cll.
779 2713 830 2773 cni
847 2715 941 2774 etiarn
959 2711 1068 2774 savent

37 2813 347 2900 lexicographorum
377 2817 530 2886 rationes.
568 2835 644 2884 nec,
678 2815 764 2894 quod
789 2813 990 2874 interciderat
1015 2813 1068 2873 illo

37 2917 125 2986 urba,
160 2915 280 2976 obstare
302 2913 386 2996 posse
411 2916 456 2976 illi
476 2917 606 2978 lectioni
624 2917 768 2984 videtur.
798 2935 872 2975 eum
887 2913 959 2974 talia
981 2911 1069 2994 saepe

36 3018 218 3078 Homerum
251 3016 393 3096 aliosque
425 3031 549 3078 veterea
588 3015 795 3100 Geographoa
831 3012 952 3077 secutur
983 3014 1069 3076 lVlela

36 3121 169 3188 excitet,
202 3117 251 3178 uti
268 3119 377 3198 paullo
397 3115 536 3200 superior
560 3119 589 3196 §.
608 3135 642 3196 9.
667 3118 706 3178 nd
731 3135 850 3178 nomen
865 3115 962 3198 Styra
982 3127 1070 3176 nota·

36 3219 178 3282 tumell.
232 3219 326 3279 litun
350 3219 466 3301 agitur.
496 3217 609 3300 siquis
626 3229 768 3300 quaerat,
801 3237 841 3278 an
862 3232 945 3278 recte
967 3217 1000 3276 in
1025 3217 1071 3278 in·

36 3319 108 3382 lutis
138 3317 331 3382 recensuerit
355 3335 482 3388 auctor.
522 3319 609 3400 quod
640 3338 742 3404 nego,
775 3319 828 3380 etsi
854 3319 897 3378 ita
925 3315 1071 3380 censuisse

37 3425 133 3482 etiam
155 3421 307 3482 videntur
329 3421 474 3504 Virgilius
496 3421 578 3482 Aen.
602 3433 633 3498 5,
657 3435 740 3494 271.
776 3419 912 3480 Ovidius
938 3418 1070 3480 llletnm.

41 3537 99 3600 15.
120 3537 205 3602 712.
233 3523 331 3582 Silina
353 3533 406 3598 25.
428 3533 511 3605 3⁰5·
543 3520 601 3582 ubi
620 3519 794 3584 adsentitur
814 3519 971 3582 Heinsiue.
1021 3519 1074 3583 Sic

41 3623 215 3684 Oberlinua
245 3622 284 3682 ad
314 3621 443 3682 Vibium
467 3643 499 3704 p.
525 3633 609 3701 541.
647 3623 803 3684 Vadiauua
828 3621 866 3682 ad
893 3621 1013 3682 Melam
1040 3635 1073 3688 Ω.

43 3737 75 3802 3,
104 3745 157 3787 ro.
203 3722 322 3785 Contra
352 3725 392 3784 da
429 3722 541 3786 Nerito
568 3723 699 3804 quidem
731 3721 825 3784 sentit
856 3721 1008 3784 Callnriua
1041 3721 1075 3780 in

44 3827 162 3910 Geogr.
186 3839 251 3885 ant.
268 3839 301 3894 2.
325 3841 360 3904 4,
390 3845 444 3888 ιι.
497 3825 539 3885 tr
554 3823 708 3906 quidquid
728 3823 782 3891 eil.
808 3822 829 3882 st
850 3821 962 3886 Strabo
980 3823 1077 3884 etiarn

44 3929 180 3995 errarit.
217 3926 280 3986 hoc
303 3945 425 3988 nomen
455 3938 538 3990 certe
561 3943 700 3990 errorem
721 3925 807 3987 levat
830 3937 863 3985 et
890 3923 931 3984 ad
954 3923 1077 3986 codices

45 4030 193 4110 proxime
219 4029 350 4090 accedit.
