2792 4940
358 435 448 490 ΜΒ.
473 435 511 488 u.
553 433 645 492 ou.
686 433 764 505 Η.
1021 447 1078 494 rar

52 601 181 676 s'offiua,
216 605 298 668 dnm
322 605 378 670 lib.
405 623 438 670 tt.
459 615 542 688 nlp.
567 606 650 668 vidit
672 607 705 668 in
729 605 820 670 MSS.
847 605 910 692 legi
931 597 1080 700 saeperita

53 727 98 786 pro
118 699 278 797 superna.
331 711 437 772 lmmo
466 709 524 770 hac
550 709 683 768 duarum
707 707 894 770 lineolarum
919 711 1078 772 occasione

54 811 97 868 lib.
119 825 154 870 2.
178 827 205 871 c.
235 825 269 872 Ω.
297 810 331 870 in
359 809 514 870 Tritonice
541 809 746 892 degeneravit
770 819 837 868 trun
864 809 984 872 Tomoe.
1035 811 1079 872 Et

54 910 194 970 ridentur
210 908 285 972 sane
298 911 351 972 vei
368 909 481 972 scribae
497 910 550 972 vel
566 911 703 972 editores
721 909 812 971 valde
830 909 971 974 libente·
989 909 1078 974 suisa

1 1029 2 1050 ³
55 1011 82 1068 in
109 1011 262 1072 donanda
295 1011 477 1093 Pomponio
502 1012 604 1072 littera
629 1033 671 1074 m.
731 1009 815 1080 Nam
841 1009 880 1072 sic
907 1013 959 1074 edi
982 1013 1078 1077 video

55 1111 99 1170 tib.
121 1127 155 1174 2.
180 1132 209 1173 c.
237 1127 273 1190 3.
307 1103 536 1202 Peloponnefirs
561 1141 611 1158 -···
640 1112 769 1194 platani
789 1103 879 1200 folio
900 1109 1078 1202 finituma,

56 1212 99 1268 ubi
120 1209 186 1293 ipse
211 1215 247 1273 in
270 1212 341 1276 MS.
360 1215 464 1295 reperi
477 1209 615 1304 fintisin,
654 1233 752 1295 quum
775 1211 809 1272 in
832 1211 978 1276 Chisnauo
998 1215 1079 1280 clare

56 1311 194 1372 bai-eatur
207 1310 349 1404 fimitis,
373 1333 452 1394 quae
474 1333 548 1376 vera
565 1313 677 1384 lectio,
707 1327 740 1375 et
761 1313 801 1374 sic
822 1333 948 1396 quoque
967 1317 1079 1376 citatur

56 1414 84 1470 ab
111 1415 268 1476 Pintiann
298 1415 332 1475 in
358 1415 624 1498 castigationibus,
663 1427 700 1476 ut
723 1415 808 1476 baud
841 1415 1022 1477 dubitanter
1047 1415 1080 1478 id

55 1512 142 1592 ipsum
173 1517 322 1576 revocari
347 1515 503 1579 debuerit.
553 1515 625 1578 Lib.
645 1532 679 1580 2.
699 1535 725 1578 c.
745 1517 779 1580 6.
822 1515 915 1596 Virgs
934 1519 966 1576 iu
988 1513 1078 1606 fiuu,

53 1637 129 1694 ptem
159 1615 196 1679 V
195 1617 373 1696 irgitouum
401 1629 531 1680 vocant.
566 1617 675 1678 Extra
697 1615 822 1680 Abdero
844 1631 905 1679 etc.
957 1619 1027 1680 Lib.
1046 1631 1078 1698 5.

53 1735 73 1774 ι.
93 1737 119 1779 r.
153 1717 200 1778 In
214 1719 365 1798 proximo
375 1713 455 1808 strui
475 1729 588 1798 portus
609 1715 652 1808 ‹ss
671 1731 730 1780 ete.
754 1729 847 1778 extra
869 1719 997 1780 sunonis
1021 1739 1081 1780 nra

51 1817 266 1900 tempbrmque.
303 1837 326 1880 r.
352 1837 558 1880 ououovrva.
611 1819 767 1878 Eximiam
790 1831 899 1888 vocat,
930 1819 1017 1900 quod
1040 1819 1079 1880 ab

50 1921 146 1980 danea
162 1919 299 1980 condita
315 1920 503 1990 crederetur,
522 1919 687 2000 quomodo
705 1933 737 1980 et
754 1920 913 2002 Virgilius,
931 1915 1033 2004 [den.
1047 1933 1079 2000 3,

54 2013 125 2104 13.]
150 2021 303 2100 quamvis
316 2039 355 2082 ex
370 2020 515 2082 Homero
535 2023 728 2082 contrarium
748 2017 875 2082 condet.
912 2021 1080 2102 Oppidum
1148 2064 1152 2072 ·

48 2121 173 2198 quidem
186 2139 257 2182 uon
273 2121 451 2182 admodum
464 2141 627 2206 magnum,
650 2133 751 2182 aetate
765 2133 870 2182 tamen
882 2121 982 2182 Melae
999 2123 1081 2182 inter

49 2219 166 2282 everha
196 2221 285 2282 bello
321 2221 527 2284 Macedonico
553 2223 715 2306 plerasque
739 2219 803 2284 sere
830 2223 863 2282 in
896 2222 958 2284 hoc
986 2223 1080 2286 litore

50 2323 185 2384 civitatee
214 2323 397 2383 etiamnum
418 2323 549 2392 illustre,
582 2335 695 2404 utpote
721 2323 864 2384 libertate
887 2323 1040 2384 donatum
1061 2343 1079 2386 a

51 2421 209 2494 Romania,
237 2443 299 2484 uec
315 2423 469 2502 Polydori
486 2436 609 2484 tantum
631 2424 768 2495 tumulo,
794 2421 843 2484 sed
863 2435 895 2484 et
911 2423 1082 2504 Caepioni·

53 2520 194 2602 sepulcro,
231 2525 318 2604 quod
341 2525 375 2584 in
397 2525 504 2586 medio
525 2523 619 2586 huius
636 2521 705 2585 suro
728 2523 916 2584 exstruxerat
931 2525 1082 2588 vucensn

53 2623 134 2694 Cun,
160 2639 195 2686 et
218 2625 330 2685 multia
347 2644 473 2705 quoque
493 2625 560 2688 aliia
576 2627 796 2686 Romauomm
818 2639 957 2686 ornatam
980 2625 1082 2706 operi·

50 2723 115 2794 sus,
150 2745 294 2806 quorum
315 2725 490 2786 etiamnum
512 2724 672 2806 supersunt
695 2725 832 2808 vestigia.
882 2725 915 2788 Si
935 2727 986 2786 cui
1005 2725 1082 2788 haec

48 2845 108 2884 nun
133 2824 334 2896 satisfaciant,
366 2827 480 2887 monui
501 2827 672 2912 legendum
694 2823 795 2886 sorsan
820 2823 879 2888 esse
901 2827 999 2896 Exin,
1028 2825 1083 2888 vel

48 2926 174 2987 Exinde
192 2925 239 3018 est
253 2929 367 2998 Aenos,
397 2927 453 2988 etst
473 2941 580 2988 eontra
601 2927 661 2988 aste
682 2927 792 2988 clamat
811 2927 1005 2988 Gronoviua.
1031 2957 1083 2976 -··

52 3027 122 3088 b'on
137 3030 228 3089 Mela
245 3041 380 3098 rantum,
400 3026 451 3089 sed
468 3041 500 3090 et
514 3041 592 3109 quot
607 3027 677 3090 sunt
691 3029 744 3088 vel
760 3028 838 3088 olim
854 3025 941 3088 suere
958 3025 1083 3110 scripto·

50 3148 103 3194 rea,
136 3149 214 3188 curn
232 3149 306 3190 orae
324 3130 499 3190 maritimae
522 3129 589 3190 loca
610 3127 782 3198 recensent,
808 3129 943 3190 fideliter
961 3125 1083 3212 semper

50 3229 280 3310 persequuntur
301 3230 385 3300 sitne,
411 3229 499 3292 nullo
520 3229 629 3292 habito
654 3229 846 3298 discrimine,
871 3241 980 3290 utrum
1003 3229 1081 3292 illud

50 3333 192 3414 magnis,
225 3331 375 3400 minutia,
407 3345 462 3392 aut
488 3331 583 3392 etiam
614 3331 710 3392 nullia
732 3329 909 3392 inflectatur
936 3329 1083 3404 sinubua3

52 3429 110 3492 sire
134 3433 235 3492 etiam
257 3445 339 3492 recta
356 3431 419 3492 bre
435 3451 529 3492 curva
553 3431 612 3492 srnt
634 3432 741 3500 litora,
767 3449 868 3492 unum
894 3443 1016 3493 tantum
1033 3431 1086 3494 ad·

51 3537 186 3593 mittunt
217 3533 381 3602 ordinem,
418 3553 595 3614 unamque,
633 3531 784 3614 quamdiu
817 3531 969 3594 continua
1002 3531 1084 3602 sunt,

52 3633 235 3694 describunt
268 3631 395 3694 lineam.
445 3633 611 3694 Vndenam
646 3633 831 3694 Gronovioe
861 3632 933 3694 exin
961 3645 1084 3696 rectum

52 3734 224 3818 significare
238 3732 339 3794 litua?
385 3731 486 3796 Porro
504 3733 524 3792 si
539 3735 610 3816 quis
624 3731 765 3798 Pintiani
786 3725 950 3820 [schotti]
971 3733 1086 3814 probet

53 3833 225 3896 lectionem
249 3834 398 3918 legentis:
448 3834 558 3896 Extra
581 3831 624 3924 ess
646 3835 757 3904 Aenos,
787 3853 843 3916 per
864 3853 917 3895 me
941 3833 1024 3904 licet,
1049 3847 1086 3898 ut

54 3939 274 4018 unuaquiaque
313 3953 371 4016 pro
405 3949 497 4016 captu
539 3933 595 3997 suo
629 3933 748 3998 statuet.
823 3935 894 4018 Ego
926 3935 1086 4020 vulgatam

57 4041 202 4100 omnium
235 4033 390 4096 librorum
422 4037 606 4098 auctoritate
634 4037 848 4098 confirmatam
886 4035 1085 4100 retinendam

57 4139 168 4204 censui.
210 4155 343 4202 ruaatva
363 4137 396 4200 iu
419 4136 593 4222 appendice
616 4135 661 4200 ed
684 4138 717 4202 sr.
743 4135 764 4200 s.
815 4134 914 4200 Redit
931 4137 969 4200 ad
994 4135 1085 4200 suum
