2784 4944
282 345 344 424 36⁰
594 346 836 406 ronroun
864 345 1033 402 naban

288 541 379 606 cynos,
404 519 490 583 nulio
515 517 650 613 custode.
676 523 794 590 minas,
825 519 874 582 Et
896 509 1058 610 desolatae
1076 515 1205 580 moenia
1224 506 1333 607 foeda

292 615 411 715 Cosam
444 639 476 684 et
496 616 623 714 Cosnua
644 623 776 699 praedia
799 623 884 706 apud
900 624 1033 684 Sueton.
1052 621 1085 680 in
1103 615 1227 701 Vespas.
1252 639 1280 680 c.
1301 637 1331 682 0.

290 738 323 784 et
343 737 459 805 portus
476 717 621 814 Cosonus
637 728 723 807 apud
740 727 869 784 Livium
888 724 943 786 lib.
962 741 1017 785 oa.
1041 743 1067 784 c.
1088 737 1121 786 2.
1147 736 1181 782 et
1199 719 1255 782 tib.
1276 735 1332 799 30.

291 845 318 886 c.
347 841 404 906 51).
445 827 532 889 Haec
559 846 590 888 Α.
617 845 825 889 0110000100.
885 829 934 887 De
961 825 1078 906 duplici
1105 824 1157 883 itta
1183 821 1332 903 scriptura

290 929 357 990 vid.
375 928 505 991 Cluver.
522 930 556 988 in
572 929 641 990 Ital.
657 944 720 990 ant.
740 945 771 995 2.
793 937 968 1008 011480.
1000 926 1190 1006 Simplicem
1208 924 1333 984 sibilum

290 1028 473 1112 praeferunt
489 1029 650 1092 Drakenb.
668 1033 704 1092 ad
724 1032 795 1092 Liv.
809 1032 885 1112 epit.
911 1040 963 1108 14.
988 1029 1043 1088 ubi
1061 1027 1218 1109 Sigonius
1233 1025 1334 1104 dupli·

292 1132 582 1214 comprobaverat,
605 1147 639 1193 et
658 1151 712 1201 00.
733 1152 786 1202 tt.
803 1131 835 1196 6.
870 1131 990 1211 Popma
1006 1131 1042 1189 ad
1059 1131 1165 1190 Cicer.
1185 1131 1223 1188 ad
1241 1129 1333 1188 Attio.

294 1249 328 1311 9.
351 1234 384 1296 6.
422 1232 598 1294 Ruhnken.
622 1235 659 1295 ad
679 1235 786 1295 Vellei.
809 1253 837 1304 t,
867 1251 919 1310 10,
942 1247 975 1304 7.
1013 1229 1196 1312 wesseling.
1218 1231 1255 1288 ad
1275 1233 1334 1287 An·

294 1347 363 1396 tun.
386 1335 458 1398 itin.
481 1357 513 1417 p.
540 1351 621 1414 292.
649 1337 779 1417 aliique,
813 1349 908 1415 atque
929 1333 970 1394 ita
988 1333 1084 1394 botiie
1104 1335 1137 1392 iu
1153 1331 1333 1392 auctoribut

294 1433 359 1496 fere
379 1437 507 1520 legitur.
558 1437 723 1498 Adiuvant
752 1449 880 1517 poetae,
913 1439 969 1517 qui
994 1436 1175 1514 corripiunt
1199 1431 1334 1514 penulti-

294 1557 396 1606 mam,
429 1541 476 1597 nti
498 1539 600 1599 nuru.
623 1559 649 1601 c.
674 1541 694 1600 l.
729 1540 838 1621 Virgil.
861 1542 937 1600 ben.
966 1557 1019 1606 to,
1050 1537 1132 1613 163.
1188 1535 1332 1612 Denique

294 1636 500 1722 suii'ragantur
531 1641 623 1699 numi
656 1653 687 1700 et
712 1640 841 1720 lapidee.
894 1641 942 1700 De
975 1641 1013 1700 iia
1041 1638 1107 1698 vid.
1140 1636 1276 1696 Eckirel.
1301 1637 1332 1691 in

296 1739 437 1800 doctrina
462 1761 551 1802 num.
577 1743 612 1802 Ρ.
633 1761 660 1802 1.
684 1743 754 1804 Vol.
776 1763 804 1804 r.
834 1762 865 1822 p.
888 1759 948 1820 90.
999 1741 1049 1800 De
1072 1736 1332 1818 inscriptionibus

164 1891 167 1898 .
296 1842 378 1920 apud
404 1841 584 1902 Reinefium
609 1856 642 1920 3,
667 1857 724 1922 57.
749 1864 782 1923 p.
811 1855 893 1920 515.
921 1838 1095 1920 respublica
1123 1831 1330 1928 Crtsrinornnu

295 1943 349 2020 qui
376 1955 498 2010 tamen,
525 1963 601 2002 enm
624 1957 715 2023 putat
739 1943 789 2022 roi
808 1967 829 2002 a
852 1957 1016 2004 temonem
1034 1962 1050 2002 a
1067 1943 1267 2021 quadratario
1289 1941 1333 1996 in·

294 2043 413 2103 iectum
429 2045 679 2126 geminationem
695 2044 773 2102 sibili
790 2045 968 2127 significare.
995 2045 1079 2124 quod
1096 2044 1180 2104 male.
1196 2039 1332 2120 adposita

295 2143 378 2204 linea
397 2145 450 2204 illa
474 2166 512 2206 ex
534 2147 643 2206 Donio
661 2150 836 2227 exceperit,
865 2161 993 2206 notatur
1015 2165 1031 2206 a
1054 2146 1156 2205 Gorio
1182 2145 1214 2202 in
1233 2139 1329 2202 Douii

295 2243 401 2306 inscrr.
426 2260 490 2307 ant.
521 2261 554 2324 3,
585 2247 644 2326 46.
674 2269 706 2328 p.
738 2260 819 2323 125.
872 2245 922 2310 Cs.
954 2270 987 2329 p.
1009 2259 1068 2326 41.
1096 2269 1129 2308 n.
1160 2247 1242 2308 116.
1277 2240 1330 2300 nbi

299 2337 419 2436 Cosani
440 2345 469 2408 se
493 2347 602 2409 vidisse
622 2347 704 2410 infra
726 2349 853 2410 testatur
870 2351 1005 2416 Doniua,
1033 2349 1122 2410 Gorii
1146 2345 1329 2407 insumant.

298 2461 331 2524 3,
358 2461 441 2525 208.
465 2470 496 2530 p.
520 2449 598 2528 1119.
626 2450 734 2512 011011.
751 2451 899 2534 Peuting.
916 2465 946 2530 5.
967 2451 1002 2512 F'.
1057 2441 1156 2536 Coffn
1179 2445 1329 2507 tamenin

296 2568 398 2610 nurno
421 2549 556 2612 ostendit
569 2551 699 2612 Triiian.
719 2553 752 2612 in
768 2555 1008 2613 commentairee
1026 2550 1215 2631 historiques
1239 2550 1277 2606 T.
1301 2564 1327 2603 t.

295 2670 327 2732 p.
348 2652 431 2727 365.
462 2653 584 2731 qualem
608 2655 737 2733 quidem
758 2675 893 2713 numum
913 2673 978 2712 non
1004 2653 1129 2712 notavit
1151 2640 1328 2711 Ecitheiiua.

299 2751 408 2812 Obstat
440 2756 535 2813 etiam
562 2753 757 2834 Stephanus,
796 2757 851 2835 qui
876 2755 994 2835 duplici
1019 2753 1105 2814 sibilo
1132 2749 1245 2812 adfert.
1291 2745 1329 2806 At

298 2855 378 2912 dum
394 2851 467 2914 sacit
483 2855 699 2916 Oenotrorum
716 2857 839 2924 urbem.
866 2856 929 2915 huc
948 2857 1105 2936 pertinere
1120 2857 1176 2914 vix
1193 2851 1326 2912 videtur.

298 2951 435 3016 Oenotri
463 2957 551 3017 enirn
576 2957 670 3037 primi
693 2959 799 3020 ltaliae
824 2957 963 3026 incolae,
998 2938 1063 3036 qui
1081 2955 1228 3016 Oenotro
1253 2951 1326 3009 duce

296 3057 432 3135 primam
463 3059 618 3119 coloniam
652 3061 684 3118 in
712 3060 834 3120 ltaliam
862 3059 1063 3120 deduxerunt
1088 3055 1176 3137 (vid.
1202 3049 1324 3114 Pausan.

297 3169 330 3232 8.
354 3157 407 3238 5.)
440 3177 526 3219 oram
553 3162 744 3220 maritimam
769 3181 786 3221 a
811 3163 951 3222 Tarento
976 3177 1076 3238 usque
1113 3159 1154 3217 ad
1189 3152 1326 3216 Paestum

298 3270 439 3321 tenuero.
473 3257 628 3342 (Dionys.
650 3262 749 3324 Halic.
775 3277 806 3330 o.
833 3281 862 3324 1.
887 3263 933 3324 in.
960 3261 1044 3321 coni.
1068 3261 1200 3337 Heynio
1224 3257 1256 3314 in
1278 3269 1325 3310 ex·

298 3359 389 3420 cursu
406 3361 444 3421 ad
461 3363 570 3444 virgil.
591 3365 667 3425 Aen.
694 3383 723 3432 1,
747 3379 817 3440 550
837 3359 902 3448 sq.)
953 3365 1056 3444 Atque
1072 3379 1108 3421 ea
1125 3361 1165 3420 de
1186 3353 1271 3419 causa
1289 3349 1324 3409 ad

299 3461 469 3545 Compsam
489 3465 700 3544 Hirpinorum
721 3462 816 3526 refert
833 3465 975 3526 Holsten.
998 3465 1034 3522 ad
1057 3462 1168 3543 Steph.
1192 3481 1224 3543 p.
1248 3469 1320 3528 ¹7⁰·

298 3561 370 3644 quia
387 3565 496 3626 Graeci
512 3565 648 3646 asperam
668 3567 911 3646 adpellationern
928 3565 1113 3626 mollierint.
1153 3565 1246 3625 Certe
1261 3571 1322 3615 non

297 3663 400 3726 solum
423 3669 586 3747 utriusque
610 3668 698 3728 vocis
717 3669 849 3728 mutatio
872 3669 905 3728 in
930 3667 1018 3727 libris
1039 3661 1151 3747 passim
1172 3661 1321 3724 obiicitur·

297 3769 346 3827 uti
367 3769 400 3826 in
422 3767 516 3828 Livio
537 3785 592 3838 22,
623 3787 675 3837 rt,
700 3767 732 3831 6.
761 3765 810 3828 sed
834 3782 865 3828 et
887 3769 926 3829 de
943 3789 1015 3828 vera
1033 3767 1169 3828 lectione
1186 3753 1322 3844 eligenda

297 3867 476 3928 dubitatum
499 3869 551 3930 011.
565 3915 578 3946 f
591 3869 663 3930 vid.
682 3868 764 3930 tots.
786 3871 825 3929 ad
843 3871 953 3931 Vettei.
974 3887 1006 3939 2,
1027 3870 1084 3946 68.
1120 3861 1319 3935 Oudendorp·

297 3971 335 4032 ad
359 3971 419 4031 inl.
439 3969 525 4033 Caes.
548 3971 587 4032 do
603 3969 641 4031 Β.
656 3970 693 4032 C.
716 3983 747 4048 3,
768 3987 824 4034 22.
853 3983 885 4032 01
903 3973 962 4034 101.
985 3968 1121 4050 Obseqn.
1146 3989 1172 4029 c.
1192 3965 1246 4038 76.
1284 3958 1321 4017 At

296 4073 451 4154 quidquid
472 4072 505 4132 id
527 4071 585 4144 est,
620 4071 674 4132 hic
693 4085 777 4134 reete
801 4063 885 4164 Cosa
908 4092 982 4135 curn
1009 4072 1133 4136 Iussus
1153 4065 1240 4131 scribi
1261 4073 1321 4120 nou
