2836 4940
324 425 384 496 «44
621 415 864 476 ronrourr
901 415 1062 474 nonae

325 595 371 656 ita
395 587 524 661 censeo.
555 589 756 652 librariorum
777 590 867 672 culpa
889 591 996 654 omissa
1012 589 1072 654 else
1093 587 1199 660 rerba,
1228 585 1316 670 quibua
1365 625 1366 640 r

326 695 465 758 maxima
492 695 560 756 eiua
586 692 678 754 fluvii
702 693 840 754 latitudo
865 695 1086 776 explicaretur.
1117 695 1204 772 idque
1222 691 1316 751 tamin

325 797 448 868 Plinio,
475 815 569 878 quam
589 795 622 856 in
637 794 834 878 Pomponio.
885 795 1071 880 Legendum
1090 795 1179 880 igitur
1201 795 1230 854 in
1247 793 1317 852 Pon·

326 901 439 984 ponio.
464 911 501 958 ut
522 915 603 968 reor.
630 895 687 958 sic:
721 893 850 979 quondo
870 891 1013 988 sotiffime
1026 897 1142 978 viginti
1160 894 1249 956 millio
1266 879 1318 982 prs·
1366 900 1367 930 ¹

319 991 415 1094 suum
440 1012 471 1062 et
494 996 610 1060 aaaron·
634 997 748 1068 latius.
782 997 911 1080 quaudo
933 993 1142 1090 ongrfit'ffmre
1153 991 1243 1085 fluit,
1266 1005 1318 1053 octo

325 1101 445 1172 missio,
471 1119 510 1163 ex
526 1101 647 1170 Sollno,
670 1112 707 1160 ut
723 1099 799 1171 dixi,
823 1113 857 1162 et
875 1098 1047 1172 Marciano.
1073 1115 1115 1170 et,
1140 1099 1220 1180 quod
1234 1095 1318 1158 attinet

324 1199 625 1288 ad’oognsliss'tmuru
641 1201 774 1274 liranum,
790 1203 887 1264 etiam
904 1222 943 1263 ex
958 1203 1080 1268 Plinio.
1112 1202 1257 1263 Modicam
1272 1195 1319 1254 lati·

326 1307 474 1368 tudinem
500 1305 612 1368 Strabo
643 1297 719 1390 [lib.
748 1315 802 1382 15.
829 1323 861 1386 p.
888 1311 973 1386 483.
997 1301 1018 1366 s.
1047 1295 1151 1388 7oo.]
1186 1299 1250 1362 lacit
1271 1313 1318 1360 roo

327 1408 515 1478 stadiorum,
554 1405 704 1469 asserente
729 1405 762 1467 id
788 1405 884 1468 etiam
913 1405 1033 1468 Plinio.
1103 1401 1320 1468 Profunditatem

327 1529 484 1592 nunquam
507 1509 665 1570 minorem
691 1524 736 1572 oo
758 1505 898 1588 passuum
919 1521 1068 1590 uterque.
1115 1509 1194 1568 Item
1214 1501 1321 1564 omnim

327 1613 485 1674 maximus
505 1610 655 1672 libentior
672 1608 820 1694 legerim,
848 1629 941 1692 quam
960 1609 1115 1672 onmium.
1159 1619 1320 1669 rrurtarrr.

326 1713 461 1778 Codices
477 1713 510 1772 in
529 1709 648 1772 summa
670 1711 855 1784 narrationis
875 1711 1033 1783 constant3
1067 1711 1125 1774 nisi
1144 1709 1223 1792 quod
1240 1703 1321 1769 Cibin.

325 1815 424 1876 vatio.
441 1811 523 1896 Lips.
541 1811 624 1874 Gud.
642 1813 754 1876 Venet.
775 1833 870 1896 quoru
886 1807 1109 1903 orrgussrffime.
1135 1825 1168 1875 et
1183 1807 1320 1888 lieltdiger.

323 1935 514 2002 mtontqrram
536 1907 753 2006 orrgrssp‘ffime.
788 1915 874 1974 Tum
892 1913 992 1975 missia
1008 1929 1042 1978 et
1064 1914 1153 1976 milio
1169 1905 1321 1996 promiscue·

322 2031 360 2078 ot
377 2015 471 2087 alibi;
513 2015 651 2095 deniqne
678 2014 728 2075 ed.
758 2027 812 2092 13.
836 2015 1004 2096 dispergit.
1068 2016 1169 2077 Verba
1188 2003 1322 2074 craderii

321 2117 435 2186 brius.
467 2135 546 2196 qnae
567 2113 680 2176 inserta
703 2115 831 2176 aliunde
861 2130 953 2196 putat
978 2119 1184 2186 Ciacoonlua,
1214 2111 1322 2174 hiulssm

318 2219 430 2298 otique
445 2213 562 2277 faciunt
585 2217 772 2278 orationem.
827 2217 912 2299 Quid
934 2221 1022 2280 enim
1045 2219 1134 2281 valet
1152 2217 1242 2279 soluts
1254 2207 1321 2300 flod·

318 2337 391 2382 oum
413 2317 493 2378 nihil
508 2315 594 2388 adlit.
616 2335 756 2398 quocum
773 2317 893 2380 iuliitui
909 2323 1104 2402 comparatio
1119 2313 1218 2403 possit.
1247 2316 1322 2376 Porro

318 2421 395 2506 quid
414 2420 493 2480 illud
512 2419 611 2480 lolius
622 2411 702 2502 fluit
718 2433 751 2480 et
767 2419 894 2511 ougnfir'
920 2444 979 2482 rme
989 2416 1099 2509 fluit?
1148 2421 1268 2482 Videtur
1283 2411 1323 2496 igi·

318 2537 372 2586 tur
397 2535 526 2604 propter
555 2519 727 2584 verborum
754 2519 995 2584 srnrilitutlirrem
1023 2537 1113 2584 totue
1142 2519 1242 2584 versuo
1263 2513 1322 2577 erd-

318 2623 403 2694 dilse‚
429 2623 514 2704 quod
531 2623 716 2684 Pintianum
731 2625 848 2695 movit,
872 2639 908 2683 ut
928 2626 1036 2686 locum
1052 2623 1219 2708 sulrpleret.
1254 2618 1323 2680 Prior

317 2740 425 2790 tamen
444 2725 676 2788 emendationis
699 2744 769 2805 paro
789 2727 890 2810 magio
914 2727 1051 2798 adridet,
1087 2747 1181 2807 quam
1202 2719 1324 2806 posterior

317 2829 352 2890 in
369 2827 454 2890 varia
475 2839 638 2886 auctorum
657 2839 803 2886 vetemm
825 2825 1028 2891 dissensrone.
1081 2829 1129 2890 ltn
1145 2847 1220 2890 vero
1235 2817 1325 2884 intelli·

316 2931 414 3015 gitur,
437 2947 492 2990 our
505 2927 621 2988 librarii
636 2926 703 3008 poll
716 2927 812 2988 sotius
826 2921 865 2992 τὸ
881 2929 1011 3011 quando
1025 2931 1182 2991 mutarint
1198 2929 1227 2987 in
1239 2938 1325 3008 quaro

316 3029 431 3094 scilicet
457 3041 494 3088 ut
518 3028 624 3088 verbis
649 3026 755 3094 saltem
780 3031 881 3091 oratio
910 3030 1111 3102 cohaereret,
1146 3043 1277 3090 ceterum
1295 3021 1325 3080 do

312 3129 400 3196 sensu
422 3149 532 3213 parum
551 3127 684 3192 solliciti.
748 3131 796 3192 De
819 3131 925 3192 Plinio
950 3145 1056 3192 tamen
1078 3151 1095 3192 a
1117 3131 1260 3192 Pintiano
1278 3125 1326 3183 dir·

312 3232 405 3296 sentit
426 3227 589 3294 Salmasius
609 3231 647 3290 ad
669 3231 769 3293 Solio.
787 3253 818 3312 p.
836 3253 879 3294 m.
896 3233 980 3312 697.
997 3253 1023 3294 c.
1041 3233 1063 3294 l.
1089 3251 1165 3294 coru
1184 3245 1216 3293 et
1233 3223 1325 3292 Strabo

310 3333 477 3398 minimam
502 3343 534 3392 et
563 3331 724 3393 modicam
760 3346 884 3394 tantum
917 3333 1125 3395 latitudinem
1155 3344 1261 3416 ponat,
1293 3325 1325 3384 de

311 3435 449 3500 maxima
466 3431 557 3494 oleat.
609 3430 743 3494 Nemini
766 3447 874 3495 tamen
896 3435 1068 3518 spondeam
1089 3448 1143 3496 aut
1164 3433 1270 3495 vadem
1283 3443 1325 3488 me

312 3539 410 3602 sillam
427 3537 465 3598 de
483 3532 647 3594 latitudine
666 3553 682 3595 a
702 3533 852 3599 Pintiono
873 3551 997 3609 notata,
1023 3555 1102 3618 quae
1116 3551 1203 3600 extra
1216 3544 1326 3598 contex-

254 3651 256 3654 '
311 3654 383 3704 tum
400 3637 532 3724 produci
548 3633 649 3698 solum
671 3635 782 3718 potell.

380 3832 537 3936 septem
571 3837 668 3921 oro)
731 3841 847 3902 Aloros
878 3856 973 3904 vocat
1000 3844 1130 3907 Servius
1161 3840 1199 3904 ad
1227 3831 1321 3917 virgil.

313 3945 392 4013 Aen.
410 3961 443 4023 9,
462 3956 521 4020 31.
547 3939 605 4002 ubi
622 3941 708 4002 huno
725 3942 830 4004 Melae
852 3941 960 4004 locum
976 3945 1110 4030 adlegat.
1159 3941 1229 4010 Sed,
1252 3931 1324 4018 quod

312 4047 439 4136 gravluo
460 4043 517 4114 osi,
547 4043 650 4104 addit:
684 4033 750 4134 ipſs,-
775 4057 880 4105 cornert
907 4057 1143 4116 commemorat,
1176 4035 1322 4104 nonnullos

312 4151 426 4221 dione,
449 4143 534 4230 quod
553 4141 653 4208 tribus
676 4143 776 4208 osver's
785 4141 890 4234 fluat.
941 4147 1034 4212 Libri
1054 4148 1149 4214 nostri
1166 4145 1225 4209 hoo
1243 4139 1320 4226 plane
