2788 4942
340 430 379 494 ιο
635 417 877 476 rouronrr
925 421 1090 476 natare

341 605 448 652 tamen
466 587 622 652 confundi
637 592 731 654 debet
749 613 821 654 cum
841 591 956 654 Onoba
973 591 1040 663 alia,
1064 611 1158 674 quam
1173 591 1346 652 Ptolemaeus

343 693 453 776 procul
478 693 554 754 hinc
581 695 613 752 in
640 696 876 756 mediterraneis
911 695 1023 776 ponit,
1066 707 1100 755 et
1132 693 1248 756 Pliniut
1271 692 1346 752 etiam

339 795 515 878 distinguit.
581 795 681 855 Vnam
708 808 832 854 tautum
864 809 1121 857 commemorant
1150 796 1298 856 Antonius
1321 793 1368 870 iu¹

341 898 412 957 itin.
430 918 460 977 p.
479 917 524 958 m.
541 905 625 976 451.
651 911 683 956 et
700 896 814 978 Geugr.
832 895 955 958 Rauen.
974 906 1008 977 4,
1024 910 1083 976 45.
1109 917 1185 977 quae
1199 894 1290 955 nostra
1303 889 1346 952 ella

342 999 449 1064 debet.
502 997 628 1078 Nempe
652 1017 690 1058 ex
713 997 953 1080 migrationibus
983 999 1175 1079 populorum
1204 995 1291 1056 variis
1310 995 1368 1052 iia·¹

342 1101 415 1160 deun
445 1098 669 1158 conditoribus
693 1096 811 1159 sactum
835 1099 878 1160 ell
904 1100 937 1158 in
963 1097 1127 1180 Hispania,
1160 1098 1289 1158 maxime
1307 1093 1347 1152 ubi

342 1199 479 1260 Turduli
509 1199 707 1270 habitarunt,
745 1215 781 1260 ut
803 1201 910 1281 plures
939 1201 1081 1262 eiusdem
1105 1201 1218 1260 eodem
1242 1183 1368 1258 ruminel

341 1301 436 1362 urbes
460 1297 625 1362 ferrentur.
690 1301 788 1384 Quod
814 1303 854 1362 de
882 1301 992 1378 Laepa
1018 1321 1056 1362 ex
1081 1282 1189 1364 Plinio
1213 1297 1346 1377 subiungit

340 1399 481 1470 Volltua,
514 1401 646 1462 obtrusit
667 1403 712 1460 illi
736 1403 799 1463 hoc
815 1403 1076 1483 Dalechampius,
1104 1421 1179 1462 curu
1201 1399 1271 1462 telle
1290 1399 1368 1478 Har-p

341 1503 442 1563 duino
462 1501 552 1564 MSS.
577 1517 609 1563 et
628 1502 766 1564 uetustae
787 1503 860 1565 edd.
883 1503 1019 1566 habeant
1036 1517 1068 1582 5,
1089 1517 1120 1581 3.
1144 1501 1165 1566 s.
1186 1522 1215 1565 r.
1242 1500 1346 1561 Latino
1367 1489 1368 1554 l

342 1625 409 1666 rum
429 1606 528 1682 Regia
549 1595 691 1691 (lariffa,
718 1603 900 1684 cognonrt'ue
921 1605 1061 1674 Aurelia,
1088 1605 1134 1664 uti
1158 1601 1221 1685 ipse
1240 1599 1346 1662 Hardui·
1367 1587 1368 1642 ]

341 1727 402 1768 nna
417 1703 566 1786 reposuit,
589 1725 648 1766 nec
666 1705 684 1762 st
700 1705 753 1765 tali
771 1707 903 1766 nomine
917 1705 1028 1766 urbem
1043 1707 1088 1765 ibi
1102 1697 1348 1766 commemorasset

340 1807 476 1874 Plinius,
503 1805 644 1866 adhunc
665 1819 809 1877 tractum,
832 1807 881 1866 uti
903 1805 993 1868 series
1015 1807 1117 1876 dotet,
1145 1803 1250 1867 referri
1264 1801 1346 1884 polet.

341 1909 486 1970 Occurrit
505 1907 635 1986 quidem
655 1909 738 1990 apud
753 1908 976 1970 Ptolemaeum
996 1923 1027 1978 2,
1045 1917 1079 1989 4.
1103 1906 1216 1970 dolata
1233 1897 1345 1994 pratil-tp

341 2007 391 2070 sed
418 2029 457 2068 ex
478 2009 535 2068 litu
557 2028 657 2090 prope
681 2006 835 2092 Hispalim
859 2007 929 2071 satia
950 2009 1158 2093 intelligitur,
1192 2009 1291 2070 locum
1309 2003 1346 2060 hit

338 2109 454 2171 habere
480 2129 547 2170 non
575 2109 677 2191 polle,
719 2113 805 2192 quod
835 2123 867 2171 et
895 2106 1018 2172 Volliue
1043 2111 1198 2193 agnovit,
1230 2100 1346 2168 immol

338 2211 558 2274 Ptolemaeum
581 2231 655 2271 cum
677 2211 841 2273 Antonino
858 2232 888 2293 p.
905 2223 947 2290 [μ
962 2231 990 2272 r.
1012 2231 1188 2293 compares,
1213 2225 1244 2271 et
1257 2210 1285 2267 in
1303 2203 1346 2286 pri·

338 2315 401 2374 mie
418 2309 591 2372 Obuculam
610 2327 724 2380 teneas,
751 2313 863 2392 Laepa
878 2313 1052 2373 Ptolemaei
1068 2327 1099 2372 et
1114 2313 1204 2391 Ilipa
1219 2303 1347 2372 Antonini
1367 2335 1368 2364 ι

339 2415 436 2474 tinius
462 2415 571 2495 oppidi
598 2411 758 2475 diversum
782 2433 903 2474 nomen
933 2411 1021 2474 fuisse
1047 2414 1195 2484 videtur,
1228 2409 1303 2492 quod
1322 2417 1346 2463 et

337 2517 456 2576 iudicat
477 2515 710 2598 Wellelingiue.
760 2515 802 2576 Et
818 2516 857 2575 src
874 2513 963 2596 snpra
979 2513 1134 2596 Hispalim
1155 2517 1241 2575 iuxta
1258 2510 1346 2572 Baetin

338 2629 444 2698 aperte
474 2617 552 2698 llipa
577 2629 705 2676 notatur
725 2637 740 2676 a
764 2615 918 2678 Strabone
943 2629 974 2695 3.
996 2637 1028 2698 p.
1050 2631 1109 2695 97.
1128 2613 1151 2677 s.
1177 2627 1255 2697 142.
1284 2625 1344 2690 quat

337 2721 433 2780 etiam
450 2717 653 2800 intelligenda
672 2719 800 2778 videtur
814 2719 896 2799 apud
913 2717 1055 2778 Plinium
1076 2732 1107 2794 3,
1127 2730 1161 2794 5.
1179 2715 1199 2778 s.
1223 2736 1251 2780 t.
1271 2725 1346 2794 prope
1367 2727 1368 2790 1

338 2820 491 2880 Italicam.
522 2819 608 2880 Cum
627 2839 703 2879 vero
720 2819 777 2878 alia
792 2821 886 2880 etiam
903 2818 990 2896 Ilipa
1005 2819 1037 2877 in
1055 2820 1223 2880 Antonino
1238 2837 1267 2898 p.
1279 2825 1344 2892 451·

336 2941 436 3004 prope
459 2919 607 2981 Onobam
634 2919 769 2980 nostram
788 2921 977 3001 reperiatur,
1009 2919 1046 2979 ab
1072 2921 1127 2980 illa·
1151 2919 1247 3000 priori
1267 2907 1368 2975 neti-³

334 3035 474 3082 terranea
499 3022 693 3102 aliquantum
715 3020 881 3082 distantem
899 3035 931 3080 et
951 3018 1029 3081 insra
1052 3019 1206 3101 Hispalim
1225 3019 1302 3078 sitam
1319 3009 1347 3072 ad
1367 3017 1368 3084 ζ

335 3122 451 3185 ollium
474 3119 538 3183 sere
557 3125 659 3192 Anae,
695 3121 771 3182 haec
786 3123 838 3183 vel
859 3123 953 3182 etiam
974 3123 1076 3204 Laepa
1094 3123 1178 3182 diota
1193 3121 1250 3190 esl,
1274 3131 1302 3178 et
1319 3113 1347 3170 su
1367 3183 1368 3206 ξ

333 3223 469 3304 aLaepa
493 3243 606 3306 magna
624 3223 784 3292 distincta,
811 3224 863 3284 vel
888 3225 1022 3282 omnino
1044 3223 1220 3306 legendum
1244 3211 1368 3280 onuba,

333 3323 429 3403 Ilipa,
453 3324 539 3404 quod
555 3324 826 3386 contractionibus
840 3321 928 3384 factio
944 3325 1100 3404 perversio
1119 3325 1216 3384 inluta
1235 3321 1346 3404 patitur.
1367 3395 1368 3414 Χ

333 3424 451 3504 Hilipa
477 3423 589 3486 eadem
613 3425 657 3488 ell
685 3427 719 3484 in
747 3425 804 3486 hac
828 3423 903 3485 serie
930 3425 1046 3508 Geogr.
1076 3425 1224 3486 Rauenn.
1245 3432 1277 3500 lp,
1298 3423 1368 3494 44st

332 3524 484 3590 Proxime
500 3539 606 3586 tamen
622 3527 660 3586 ad
676 3526 800 3587 codioee
817 3525 936 3586 accedit
951 3525 1075 3606 Larpa,
1096 3539 1129 3585 et
1144 3525 1166 3583 st
1181 3525 1265 3602 Ilipa
1279 3519 1346 3579 dicta
1367 3571 1368 3590 ,

211 3629 216 3639 ⁴
333 3631 429 3688 etiam
452 3628 494 3688 esl
514 3627 642 3706 Laepa,
671 3639 708 3686 ut
730 3627 912 3709 obponatur
932 3647 1066 3706 magnae
1086 3626 1151 3695 illi,
1179 3623 1347 3706 optimate·

332 3725 467 3809 spondet
495 3741 527 3788 et
555 3729 615 3788 srtu
643 3741 677 3788 et
706 3729 839 3789 nornine
870 3727 945 3789 urba
969 3727 1065 3788 hodie
1089 3727 1206 3787 eodem
1231 3721 1346 3784 nomiae

330 3827 454 3912 (Lupe)
475 3827 657 3910 conspicua,
686 3830 733 3888 uti
746 3830 881 3890 declarat
897 3827 999 3888 tabula
1017 3827 1186 3909 Hispaniae
1206 3819 1346 3886 laurierii,

329 3932 417 3992 unde
434 3931 569 4010 adparet,
593 3930 646 3992 etsi
664 3931 777 4011 Ilipam
794 3930 884 4000 hanc,
908 3929 960 3990 vel
978 3930 1111 4010 Laepam
1128 3927 1245 3989 Onoba
1257 3937 1344 3984 remo·

329 4044 402 4092 reat
417 4033 599 4092 Antoniane
616 4051 642 4093 c.
658 4031 679 4092 l.
708 4045 752 4110 50
774 4031 819 4093 M.
838 4029 876 4094 P.
896 4030 935 4091 ab
951 4032 1036 4091 Anae
1051 4023 1129 4092 ostio
1145 4029 1275 4110 quidem
1288 4021 1344 4082 satit

326 4132 465 4205 abfuisse,
499 4131 550 4194 sed
572 4133 611 4193 ad
631 4153 726 4204 mare,
753 4133 840 4214 quod
863 4131 1005 4216 paullum
1023 4131 1098 4194 hinc
1119 4145 1235 4194 tertam
1254 4128 1342 4188 latrat.
