2880 4940
290 411 292 416 ·
422 419 514 478 tta.
542 421 594 474 ιιι.
637 418 670 475 o
691 419 743 476 tx.
785 421 811 492 t.
833 430 864 493 a
1104 429 1168 499 ola

4 595 5 600 ’
128 614 226 678 quam
241 593 382 658 Nucdol.
416 595 477 658 Sed
487 581 570 658 ¹haec
584 593 739 656 arbitrarii
759 595 836 654 iuria
854 589 957 655 fonto.
985 591 1063 656 Non
1079 597 1169 666 enim
1245 659 1250 676 ,

3 703 5 732 ²
130 718 170 760 ex
186 696 237 760 hia
257 697 401 778 pendent
417 695 563 758 fortunae
583 695 745 767 Graeciae,
768 710 804 756 ut
825 695 877 756 ille
899 697 952 758 ait.
988 715 1168 760 ecatonrve.

128 799 213 860 Mira
241 798 412 860 conllantia
445 811 592 860 veterum
626 799 781 860 librorum
813 797 854 857 sto
878 794 1100 870 scribentium
1139 810 1171 859 et

128 921 213 962 nunc
233 897 402 960 abincolis
418 899 550 964 dicitur.
601 901 640 960 ln
661 919 728 960 nno
750 912 874 960 tantum
894 901 1036 980 repperi:
1069 898 1171 960 Nihil

2 1013 3 1040 ³
127 999 170 1064 ab
198 1001 307 1062 ineolis
332 1000 460 1063 dicitur.
513 1001 660 1065 Nilidem
693 1002 829 1082 appellat
857 1000 998 1071 Plinius.
1028 995 1083 1088 [5.
1113 1021 1167 1064 to.

129 1101 152 1165 l.
172 1096 231 1186 4.]
260 1085 381 1164 livera
410 1101 453 1164 eil
486 1101 655 1184 scripturn
692 1103 765 1162 libri
787 1103 875 1162 enim
902 1103 1050 1164 meliores
1072 1122 1170 1164 manu

128 1205 245 1266 exarati
264 1203 427 1264 Nullidem
451 1204 608 1267 hocloco
630 1203 759 1272 habent.
794 1217 851 1263 ant
871 1202 1031 1272 Nilndem,
1058 1223 1169 1286 qoem·

128 1307 306 1367 admodum
339 1307 437 1367 etiam
476 1307 510 1366 in
550 1307 676 1388 optimo
715 1305 821 1368 nollro
856 1305 958 1366 Solini
995 1305 1170 1386 exemplati

131 1402 220 1494 [cap.
238 1419 295 1486 35.
315 1405 335 1468 l.
356 1401 435 1494 ga]
460 1427 477 1468 a
499 1408 602 1490 prima
622 1427 719 1468 manu
747 1405 895 1487 scriptum
918 1403 1007 1468 inille
1029 1407 1169 1468 videtur.

131 1509 231 1570 lolioe
252 1524 376 1578 orator,
410 1510 466 1590 qni
491 1510 591 1592 vulgo
615 1509 766 1570 Aethione
790 1509 921 1578 dicitur,
946 1501 1069 1592 [imno
1095 1529 1170 1572 vera

129 1611 229 1672 lulius
252 1610 417 1674 Honorino
439 1631 471 1692 P·
494 1625 577 1680 '⁷oo.
603 1613 636 1670 in
660 1611 712 1672 ed.
729 1603 895 1694 Gronov.]
918 1609 1045 1670 Nilotin
1064 1623 1170 1673 vocat.

129 1712 260 1772 fluvius
277 1711 400 1772 Nilotis
414 1703 558 1802 noscitur
576 1713 610 1772 in
624 1711 773 1782 Atlante,
798 1731 982 1790 procurrens
1006 1706 1081 1794 [qui
1102 1732 1171 1772 con

130 1833 209 1882 rens,
234 1805 355 1899 Gron]
382 1813 485 1874 locam
511 1807 626 1906 efficit,
665 1815 720 1894 qui
745 1811 867 1874 Nilotis
892 1811 1074 1890 appellator
1095 1809 1170 1902 fine

130 1913 237 1996 aliquo
257 1916 356 1976 exitu.
400 1915 508 1976 Currit
529 1915 625 1975 ntillio
645 1914 714 1975 CL.
748 1907 882 2000 [desunt
901 1913 978 1972 haec
992 1914 1074 1994 apud
1091 1915 1171 1976 Gro-

130 2009 301 2101 noviom]
354 2017 407 2078 Sic
434 2019 534 2078 codex
567 2010 802 2096 antiquissimos
825 2013 1035 2083 Thoenaeus.
1067 2015 1171 2078 multo

129 2119 259 2199 quidem
279 2117 402 2200 vulgari
424 2121 563 2189 auctior,
591 2137 704 2178 verum
726 2120 821 2176 etiam
839 2117 903 2176 illic
924 2135 1021 2195 aeque
1043 2118 1172 2198 ineptus

131 2231 252 2281 auctor.
305 2217 445 2290 Orostoe,
475 2215 531 2306 [t,
552 2215 606 2306 tt.]
641 2219 758 2300 quique
783 2239 859 2280 eunt
888 2218 1025 2298 loquitur
1051 2239 1171 2298 anony-

128 2339 214 2391 mue.
238 2321 293 2401 qui
311 2319 443 2382 Aethion
467 2319 679 2404 subiungitur,
705 2319 837 2380 Nuchul
856 2320 909 2380 hic
925 2320 1053 2380 habent.
1089 2321 1172 2382 Fon-

129 2435 193 2484 tem
208 2419 348 2482 Barbari
361 2421 460 2482 Doro
477 2425 654 2492 nominant,
680 2423 794 2482 coeteri
811 2441 885 2482 vero
899 2421 1025 2480 accolae
1038 2419 1173 2482 Nocltoi

128 2535 261 2586 vocant.
312 2523 346 2585 Si
363 2523 440 2585 haec
457 2524 551 2586 lectio
567 2523 663 2606 proba
680 2522 732 2591 cll,
756 2523 866 2604 utique
884 2521 923 2582 stc
941 2520 1057 2602 loriplit
1075 2521 1170 2593 lllela,

127 2623 259 2686 Noclml
273 2621 314 2684 ab
328 2625 445 2686 accolis
460 2639 605 2696 vocatur,
629 2625 716 2704 Syris
734 2639 766 2686 et
782 2623 934 2685 drabibue
954 2593 1031 2686 1ἽΓΙῶ
1049 2611 1170 2702 flumen

129 2727 211 2796 dici,
236 2740 351 2788 notum
374 2726 427 2789 est.
480 2729 522 2788 Vt
542 2741 648 2788 tamen
666 2745 779 2787 verum
804 2723 916 2794 fatear,
948 2743 988 2785 ne
1009 2724 1084 2786 huic
1104 2727 1172 2804 qui·

130 2829 205 2890 dem
221 2829 285 2890 lido
301 2828 470 2898 vocabulo,
497 2849 571 2890 cunt
590 2830 707 2887 mitum
724 2830 757 2887 in
774 2829 909 2888 tnodunt
925 2827 1048 2886 varient
1065 2847 1171 2887 exent-

129 2929 237 3012 plotio.
290 2930 441 3001 interim,
469 2930 550 2990 lide
575 2931 786 3011 appellatione
812 2927 893 2988 nihil
913 2929 992 2988 certi
1014 2927 1172 2990 adfirmari

129 3026 241 3112 polin.
267 3049 316 3090 rea
332 3027 436 3092 saltent
455 3031 583 3093 constat.
619 3050 761 3094 voaetva.
811 3028 915 3099 Niltil,
941 3029 1025 3110 qood
1045 3049 1083 3090 ex
1103 3047 1171 3091 uno

131 3133 242 3192 codice
267 3145 356 3192 notat
379 3117 515 3203 vnffiio.
541 3134 603 3218 legi
624 3135 721 3193 etiam
742 3133 775 3192 in
796 3129 942 3214 Progenlt
962 3130 1064 3192 Orosti
1088 3151 1115 3200 ι,
1137 3145 1171 3193 2.

131 3232 188 3292 obi
210 3253 247 3292 ex
272 3233 339 3295 aliia
364 3235 602 3316 Havercampne
626 3255 657 3316 p.
690 3244 744 3310 ¹8·
774 3229 878 3294 adfert
901 3231 1021 3302 Nabal,
1052 3229 1172 3302 Nnbad,

131 3333 255 3398 Nicnnt
275 3348 307 3394 et
329 3335 475 3406 Nactae,
510 3335 595 3416 qood
614 3350 647 3396 et
669 3333 735 3418 iple
755 3335 855 3396 dedit.
907 3335 954 3395 lta
974 3353 1052 3395 vero
1074 3337 1173 3396 etiam

131 3435 248 3520 legitur
268 3436 352 3518 apud
378 3435 496 3522 Geogr.
519 3439 666 3498 llavenn.
688 3451 720 3516 5,
742 3457 770 3498 ι.
795 3448 828 3498 et
849 3435 1035 3496 Boccatium
1053 3437 1092 3496 de
1116 3435 1173 3496 flu·

131 3539 212 3598 min.
230 3535 250 3598 l.
268 3558 299 3598 v.
318 3537 456 3609 Nutltol,
479 3539 532 3621 qni
547 3551 579 3600 et
593 3538 693 3600 Doro
705 3558 780 3600 cum
797 3536 911 3599 Orolio
928 3549 1172 3600 commemorat.

131 3637 256 3700 Pliniua
273 3650 305 3714 5.
337 3637 429 3702 to.l.
453 3648 487 3722 4.
520 3639 661 3701 Nilidem
686 3653 781 3702 vocat
805 3639 870 3700 line
895 3638 1050 3700 librorum
1076 3640 1174 3700 inter·

130 3740 319 3822 pellatione‚
356 3741 404 3800 uti
430 3743 529 3802 codex
557 3741 663 3802 Grotii
685 3742 718 3802 in
738 3741 898 3802 Martiano
921 3739 1046 3822 Capella
1066 3739 1119 3801 lib.
1138 3735 1172 3804 6.

130 3862 165 3924 p.
187 3853 269 3918 218.
294 3839 350 3902 ubi
366 3843 465 3927 vulgo
479 3843 584 3904 editor
600 3841 753 3905 Hiliclem.
789 3843 881 3904 Ptine
896 3841 991 3902 etiam
1010 3842 1063 3902 ltic
1076 3840 1174 3902 habet

131 3943 262 4006 Solinus
280 3963 306 4004 c.
324 3955 381 4022 35.
398 3941 419 4006 l.
437 3957 496 4020 52.
549 3945 646 4027 Qood
663 3945 774 4004 Nicris
795 3955 952 4004 memorat
975 3943 1172 4013 Ciaoconiue.

131 4063 171 4106 ex
186 4045 293 4104 Plinio
313 4055 345 4120 8.
365 4059 422 4123 52.
439 4043 459 4108 l.
481 4063 536 4108 21.
564 4051 697 4106 ductum
718 4047 856 4114 videtur,
885 4045 940 4104 ubi
965 4043 1038 4105 fone
1056 4043 1174 4124 Nigris

129 4147 214 4230 apud
231 4144 401 4230 Hel'petioe
420 4146 596 4232 Aethiopas
614 4146 682 4208 Nili
702 4161 794 4231 capot
817 4147 945 4218 dicitur,
973 4161 1006 4210 et
1027 4145 1173 4210 Cotoble·
