2880 4940
308 389 372 460 53⁴
603 379 848 438 tollemur
890 378 1055 438 Mem

309 555 374 617 dat.
403 570 602 616 murmure.
651 553 736 638 Lege
757 573 866 615 oerum
887 564 919 614 er
934 552 1056 616 Hermo
1072 569 1246 638 expuncta
1269 557 1346 638 perti

310 657 380 720 cult
390 649 424 746 fi
441 655 538 716 reluti
555 653 717 738 superflue.
745 673 958 718 crrccoutvr.
1006 658 1187 719 Turnebus
1213 655 1346 744 [advers

313 759 347 828 6,
369 751 443 838 ιφ]
468 777 574 818 venun
594 769 625 816 et
646 755 767 818 [launo
789 757 866 839 legit
882 776 948 818 uon
971 777 1029 840 pro
1047 759 1214 820 adverbio
1241 782 1348 820 nemu.

310 861 382 944 Ego
401 853 458 950 etsr
480 875 642 941 expungo.
680 877 857 922 rcuorrvr.
905 859 1095 920 Peniculum
1110 859 1147 952 fi
1173 863 1351 922 redundare

309 973 422 1046 putent
445 961 504 1019 viri
522 960 646 1044 magni,
673 961 809 1041 ideoque
823 979 892 1020 earn
910 976 1110 1045 expungunt.
1166 964 1295 1022 venun
1319 961 1355 1024 se·
1436 953 1437 994 ³

309 1063 438 1146 qrrentir
454 1059 522 1122 satie
538 1059 723 1130 oslemlunt,
750 1080 818 1122 eam
835 1061 950 1142 rbrque
971 1061 1088 1122 domno
1106 1061 1292 1125 sententiae
1308 1066 1356 1124 ab·

310 1163 450 1228 essenon
466 1161 560 1246 pulle.
614 1161 648 1224 Si
664 1163 751 1224 idom
768 1162 821 1224 bic
837 1163 930 1232 velet,
953 1163 1038 1244 quod
1055 1162 1246 1256 ptfiquam,
1271 1169 1354 1246 quia.
1436 1149 1437 1198 i

310 1268 363 1330 Sic
382 1283 508 1346 quoqne
528 1263 612 1346 apud
630 1263 797 1348 Virgilium
820 1277 853 1325 et
874 1264 951 1326 elior
971 1265 1122 1346 particula
1145 1267 1228 1326 baec
1243 1269 1355 1348 accipi·

310 1353 375 1430 tur.
410 1385 551 1428 voerrvr.
602 1367 649 1426 lta
679 1369 775 1426 etiam
801 1365 913 1446 accipit
940 1379 1108 1447 tueturque
1123 1364 1160 1456 fi
1185 1370 1222 1427 in
1249 1370 1354 1432 indice

310 1469 469 1552 Keppiue,
496 1481 531 1528 ut
555 1463 657 1528 senine
682 1465 732 1528 ln:
769 1463 935 1557 postquam
956 1487 1019 1526 nou
1035 1459 1144 1558 Jobnn
1168 1498 1218 1510 -·
1236 1461 1302 1558 sed
1323 1485 1353 1531 er
1436 1495 1437 1504 ¹

311 1571 386 1634 sunt.
421 1569 546 1632 Eodem
564 1565 651 1629 sensu
667 1568 816 1628 Plautum
836 1588 951 1638 amare,
973 1583 1007 1628 ut
1022 1570 1057 1629 sit
1072 1591 1156 1640 cum,
1177 1573 1350 1656 postquem

310 1673 422 1734 docuit
447 1673 543 1732 etiam
578 1672 642 1730 lau.
677 1669 869 1730 Gulielmius
899 1672 933 1730 in
961 1669 1144 1751 Qttaellion.
1182 1673 1219 1758 in
1250 1673 1349 1732 Plauti

310 1775 427 1838 Atinrr.
451 1793 517 1854 cep.
537 1781 570 1849 3.
606 1769 660 1832 etfi
682 1771 725 1832 ibi
749 1774 876 1854 proprie
900 1773 1001 1832 valere
1028 1771 1139 1852 potest.
1192 1773 1289 1834 Plura
1312 1776 1348 1836 de

309 1873 373 1936 ltoc
389 1871 447 1934 usu
469 1874 588 1936 dabunt
605 1871 701 1934 Corte
721 1873 757 1932 ad
780 1871 1039 1956 sallust.B.1ng.
1059 1893 1126 1954 cap.
1145 1885 1206 1949 85.
1226 1873 1249 1936 s.
1285 1875 1349 1937 Ou-

311 1977 467 2056 dendorp.
486 1977 524 2036 ed
549 1975 631 2036 llirt.
655 1976 694 2035 de
709 1973 746 2036 B.
767 1975 854 2034 Alex.
872 1993 899 2034 c.
918 1986 975 2050 55.
996 1990 1125 2054 ecquos
1145 1991 1351 2050 memorant3

309 2079 344 2138 ln
362 2091 496 2158 utroque
518 2089 646 2136 auctore
669 2077 760 2136 codd.
783 2088 816 2136 et
837 2089 913 2138 vett.
930 2075 1001 2137 edd.
1026 2073 1238 2137 consentiunt
1260 2061 1294 2140 in
1305 2073 1350 2168 fi.

309 2178 451 2258 Simplex
465 2175 518 2238 hic
531 2175 573 2237 est
587 2177 632 2236 rei
652 2190 752 2238 certae
770 2189 802 2236 et
817 2176 966 2237 indubiae
982 2179 1135 2248 narratio,
1162 2179 1200 2238 in
1217 2199 1282 2260 qur
1297 2184 1352 2244 vix

308 2273 348 2344 τὸ
395 2299 405 2340 ι
432 2279 539 2338 locum
566 2276 696 2347 babeat,
734 2279 854 2360 quippe
886 2279 973 2360 quod
1006 2279 1046 2338 de
1079 2291 1230 2360 tempore
1254 2284 1350 2342 etiem

310 2381 431 2442 dictum
449 2393 529 2442 tecte
547 2377 767 2440 conditionem
785 2379 935 2448 includit,
960 2379 1033 2440 aliae
1053 2381 1151 2439 etiam
1170 2379 1345 2444 subiectum

310 2481 406 2544 babet
426 2495 548 2550 curten,
581 2481 631 2540 uti
655 2480 688 2540 iu
709 2479 788 2542 locie
810 2480 942 2542 Sallullii
963 2493 996 2541 et
1016 2479 1167 2544 Caesarie.
1220 2484 1346 2544 Deinde

311 2583 419 2666 inepte
440 2583 610 2662 minorque
632 2581 743 2642 Latina
771 2580 951 2643 consecutio
975 2581 1051 2642 haec
1078 2583 1227 2644 ridetur:
1264 2583 1349 2672 post·

310 2705 406 2770 quom
428 2718 475 2731 -
502 2682 581 2746 ideo.
633 2683 733 2744 Porro
747 2678 774 2769 fi
794 2703 851 2763 pro
867 2681 1028 2764 postquam
1045 2695 1162 2743 etcum
1179 2687 1350 2748 minueite

310 2787 466 2848 concinne
486 2797 742 2866 componuntur,
774 2785 876 2846 immo
893 2804 962 2843 cnm
984 2784 1037 2844 vel
1059 2784 1217 2847 ablativos
1241 2787 1350 2849 conse·

310 2888 458 2970 querulae
482 2885 533 2946 vel
555 2886 708 2955 omnino,
742 2885 827 2965 quod
851 2885 902 2945 lric
924 2887 1056 2966 requirit
1072 2905 1191 2954 nexus,
1223 2891 1351 2968 pertici-

310 2991 401 3071 pium
418 2987 603 3070 pmemittit.
636 2988 783 3068 Denique
798 2987 869 3066 qnia
883 2980 922 3048 τὸ
936 2999 966 3046 et
981 2987 1152 3068 repetitum
1168 2989 1205 3046 ed
1223 3007 1352 3050 urrum-

310 3110 371 3172 que
389 3089 497 3150 testem
512 3091 661 3170 pertinet,
685 3088 835 3168 porticula
846 3083 892 3177 fi,
919 3107 997 3169 qnae
1013 3103 1184 3168 utrumque
1208 3088 1350 3172 respicit,
1436 3103 1437 3120 ¹

309 3189 446 3252 debebat
468 3192 621 3271 praeponi
640 3189 698 3250 sic:
727 3209 829 3248 uerum
843 3184 879 3278 fr
899 3201 928 3248 et
949 3187 1070 3250 Hormo
1096 3223 1141 3236 -
1183 3189 1351 3254 l‘raetule·
1436 3211 1437 3218 ¹

308 3293 369 3352 rim
380 3287 451 3381 stc,
484 3311 522 3352 ex
543 3289 725 3362 codicibus,
756 3289 841 3370 quod
864 3308 938 3348 cum
959 3285 987 3374 fi
1010 3287 1208 3352 commisceri
1235 3290 1350 3372 passim
1436 3311 1437 3316 ’

309 3405 501 3454 notaverunt
524 3390 686 3453 Drakenb.
709 3389 748 3452 ad
776 3391 845 3450 Liv.
864 3405 920 3459 αι.
951 3405 1004 3469 13,
1026 3403 1059 3468 5.
1086 3405 1119 3452 et
1140 3391 1349 3456 Burmannus

310 3495 348 3558 ed
371 3493 574 3576 Propertium
595 3511 627 3564 c,
647 3509 679 3556 c.
695 3507 775 3555 extr.
800 3505 833 3553 et
850 3487 951 3578 profi
972 3493 1155 3554 emendavit
1179 3494 1348 3558 lientleiur

310 3599 344 3656 in
363 3595 496 3656 Horatio
517 3615 546 3658 1.
564 3594 618 3658 od.
640 3595 694 3664 16,
711 3605 745 3671 8.
778 3592 865 3656 Cum
881 3609 987 3654 tamen
1002 3595 1035 3654 id
1052 3594 1199 3677 langueat
1216 3614 1349 3679 propter

310 3695 485 3778 sequentia,
516 3697 642 3756 malim:
681 3716 788 3756 verum
821 3684 887 3786 ipse
918 3693 1039 3757 Hermo
1071 3715 1123 3776 qu.
1160 3698 1227 3759 iam
1268 3701 1348 3762 olim

310 3798 437 3860 Hanno.
477 3799 591 3858 luclusr
615 3811 720 3859 temen
744 3799 847 3858 uncis.

388 3990 754 4090 Carthaginiensis
763 3999 780 4079 )
819 4000 909 4061 Prior
925 4001 1012 4062 vocis
1027 4019 1096 4082 pars
1111 4020 1176 4062 non
1193 4016 1348 4075 moratur,

309 4101 343 4162 in
360 4121 420 4184 qur
440 4101 512 4162 libri
534 4103 683 4185 quidem,
710 4101 812 4163 veluti
834 4103 908 4164 edd.
933 4116 986 4180 15.
1007 4118 1062 4176 17.
1087 4121 1142 4164 co.
1164 4117 1222 4182 εδ.
1246 4105 1350 4167 osteu-
