2814 4946
344 461 406 524 53⁰
589 423 592 433 '
644 441 885 500 rouroun
921 441 1087 500 uacua

347 623 464 699 lleyne
485 617 523 680 acl
543 619 668 702 Virgilii
690 619 779 681 Cirin
805 639 838 680 ν.
858 617 943 696 476.
995 619 1107 681 Potuit
1130 617 1229 685 enim,
1259 613 1368 694 inquit,

347 726 431 782 inter
453 721 595 782 toralias
619 719 812 781 obscuriores
833 719 986 802 Sporadas
1015 723 1109 782 etiarn
1134 715 1276 796 Dionysia
1298 713 1355 782 esse,

348 838 386 885 ut
406 823 486 884 adeo
509 821 598 884 facile
619 823 746 883 alterius
765 841 883 882 nomen
906 823 940 880 in
962 823 1095 883 alterum
1118 821 1265 880 transiret.
1298 819 1357 878 Au·

348 919 500 996 νυσιάδσς
519 924 595 984 duae
612 924 689 984 circa
707 923 825 986 Creten
840 919 951 996 ir‘rsulaa
966 945 982 984 a
999 921 1141 1002 Dionyso
1158 919 1290 982 conditas
1302 936 1356 976 me·

348 1039 453 1088 morat
470 1026 605 1086 Diodor.
623 1025 686 1086 Sic.
705 1039 739 1100 5,
758 1037 816 1100 75.
843 1043 917 1104 qnae
934 1039 966 1085 et
986 1028 1020 1085 in
1044 1027 1146 1084 tabula
1165 1020 1356 1102 Peutingeria·

348 1149 388 1190 na
409 1123 464 1215 [8.
487 1120 547 1212 Ε.]
572 1127 676 1187 notari
697 1139 787 1206 putat
807 1125 958 1188 Cellarius
981 1128 1014 1186 in
1031 1126 1148 1210 Geogr.
1176 1136 1235 1185 ant.
1259 1137 1288 1190 2,
1314 1127 1356 1198 14,

355 1245 435 1290 120.
458 1227 644 1288 nominibus
668 1217 809 1316 Dionr'sn
831 1241 863 1286 et
890 1225 1021 1296 Dionis,
1052 1227 1190 1287 detracto
1212 1226 1280 1286 fine.
1324 1221 1357 1279 At

348 1333 436 1413 prior
452 1329 549 1390 nimie
564 1349 581 1389 a
597 1327 690 1390 Creta
706 1341 906 1398 removetur,
939 1328 1146 1410 posteriorem
1169 1341 1283 1394 tamen,
1311 1317 1356 1380 nili

349 1433 386 1492 srt
409 1431 480 1492 Dia
502 1429 691 1500 Ptolemaei,
727 1429 812 1488 haud
834 1429 915 1490 male
932 1449 1006 1489 cum
1028 1427 1268 1510 Dionysradibue
1288 1421 1379 1482 com?

349 1535 427 1618 poni
444 1530 538 1614 posse,
559 1531 724 1591 arbitratur
736 1528 917 1613 Wesleling.
933 1531 969 1590 ad
986 1532 1120 1592 Diodor.
1138 1551 1164 1590 c.
1180 1531 1200 1590 l.
1234 1523 1357 1588 Occurrit

349 1636 446 1695 etiam
471 1623 623 1722 Dionyso
645 1651 718 1692 curu
741 1633 839 1709 Scyro
865 1630 885 1694 s.
909 1633 989 1710 Syro
1013 1645 1045 1694 et
1067 1631 1148 1692 Paro
1171 1632 1204 1690 in
1225 1621 1358 1689 Antonini

349 1738 455 1797 itiner.
474 1755 506 1816 p.
523 1747 608 1810 527.
632 1748 664 1794 et
678 1723 841 1819 Diunyffa
855 1753 930 1792 cum
945 1733 1042 1811 Syme
1058 1734 1092 1792 iu
1106 1734 1221 1815 Geogr.
1233 1731 1356 1790 Ravenu.

352 1851 384 1914 5,
413 1853 471 1900 αι.
521 1835 555 1896 Si
578 1849 662 1896 recte
691 1845 724 1893 et
745 1835 857 1894 ordine
880 1836 990 1894 retulit
1012 1835 1159 1916 Virgilius
1188 1836 1220 1892 in
1244 1842 1357 1905 utroque

349 1940 421 2000 loco
438 1950 470 1996 et
488 1955 600 1995 verum
625 1931 794 1994 insularum
815 1935 907 1994 snum
928 1937 960 1995 in
983 1934 1199 2016 persequendo
1221 1931 1357 1992 maritimo

350 2037 440 2099 cursu
457 2035 619 2118 exposuit,
646 2027 786 2124 Donusa
808 2034 916 2097 versuo
933 2037 1090 2118 Seriphon
1108 2051 1141 2097 et
1161 2037 1280 2098 Cretam
1295 2025 1355 2087 inde

349 2159 366 2200 a
394 2139 475 2199 Delo
501 2135 770 2218 proficiscentibus
797 2138 917 2198 vicinae
943 2139 1102 2218 utrimque
1129 2137 1240 2197 insulas
1265 2127 1358 2192 habuit

351 2241 518 2318 Cythnon,
549 2237 677 2306 Naxon,
704 2237 824 2306 Paron,
854 2238 1001 2316 Oliaron,
1035 2252 1066 2299 et
1091 2237 1131 2298 tic
1153 2231 1357 2320 porromelius

350 2341 555 2422 intelligitur,
584 2359 640 2399 cur
658 2340 720 2398 huc
735 2359 773 2400 ex
792 2339 882 2400 Naxo
899 2340 1039 2400 bacchus
1059 2341 1219 2400 Ariadnen
1238 2335 1357 2396 traduxe-

349 2441 401 2504 rit.
441 2444 493 2504 Sic
516 2455 548 2502 et
567 2441 688 2501 Plinius
708 2450 741 2518 4,
762 2453 819 2518 25.
839 2439 859 2500 s.
883 2457 936 2504 12.
960 2443 1095 2510 accedit,
1127 2443 1181 2522 qui
1205 2457 1273 2499 curu
1292 2431 1356 2492 Telo

349 2559 381 2608 et
398 2543 537 2604 Pathmo
560 2543 740 2624 coniungit,
767 2543 820 2602 etfi
842 2540 871 2603 se
893 2545 1061 2604 acervatim
1082 2540 1212 2624 posuisse
1227 2533 1358 2619 spondas

348 2644 414 2730 ipse
430 2647 590 2714 adfirmat,
616 2645 702 2724 quod
720 2656 751 2704 et
769 2642 950 2704 observatur
965 2646 997 2704 in
1014 2645 1172 2705 Antonini
1193 2644 1289 2701 itiner·
1305 2655 1326 2692 c-
1340 2631 1356 2689 l·

349 2751 437 2810 Tum
459 2767 535 2806 vero
555 2746 647 2806 valde
666 2746 835 2806 reluctatur
855 2745 1048 2826 Stephanus,
1074 2747 1129 2825 qui
1152 2745 1242 2828 νῆσον
1260 2725 1356 2828 μικρὰν

347 2844 462 2912 Ῥόδου
486 2848 573 2910 dicit.
623 2847 729 2930 Quam
756 2843 973 2907 dissrcultatem
998 2861 1034 2906 ut
1056 2848 1183 2908 tolleret
1205 2845 1309 2920 Heyne
1327 2830 1356 2891 ad

348 2950 474 3032 Virgilii
491 2949 580 3010 Ciriu
596 2967 623 3009 c.
638 2949 658 3008 l.
682 2948 852 3031 legendum
873 2947 991 3008 censuit
1007 2951 1040 3008 iu
1057 2949 1235 3030 Stephano:
1259 2943 1358 3000 onnu-
1378 2943 1379 2966 ¹

350 3048 414 3120 oia,
441 3051 533 3133 νῆσος
554 3042 652 3138 μικρὰ
676 3047 696 3109 s.
721 3047 779 3134 prin
799 3048 864 3110 τῶν
885 3043 1078 3135 Σποράδων.
1132 3051 1220 3108 Tum
1244 3041 1357 3124 quidem

346 3171 414 3211 non
430 3151 522 3211 liceat
539 3151 577 3210 ad
590 3149 796 3229 Dionysiades
814 3151 898 3210 iuxta
912 3152 1040 3212 Cretam
1056 3151 1176 3219 delabi,
1200 3165 1270 3229 quas
1284 3141 1356 3220 snpu

346 3253 600 3312 commemoravi
623 3271 661 3311 ex
686 3251 828 3312 Diodoro
848 3253 969 3322 Siculo,
1004 3254 1037 3311 in
1061 3253 1173 3332 primis
1195 3267 1265 3309 cum
1288 3239 1357 3300 lllelt

347 3351 460 3412 insulas
480 3355 565 3412 iuxta
581 3353 708 3414 Cretam
728 3353 809 3422 titas,
843 3350 924 3412 infra
943 3351 1115 3422 recenseat,
1151 3351 1207 3412 ubi
1225 3348 1357 3426 obpnrtu·

346 3455 472 3513 niorem
492 3455 600 3513 locum
623 3453 771 3532 Dionysia
789 3453 956 3522 habuisset,
991 3453 1011 3511 fi
1035 3457 1198 3536 adtingere
1216 3441 1355 3510 votntttn.

345 3555 451 3614 Restat
465 3555 562 3636 igitur
575 3555 721 3634 quaestio,
744 3567 853 3614 utrum
869 3556 920 3616 hic
940 3554 1076 3634 Donysa,
1103 3575 1142 3614 an
1160 3545 1281 3613 Donusa
1296 3557 1357 3604 cum

345 3651 452 3714 Volsto
468 3657 661 3735 reponenda,
687 3676 727 3715 an
746 3657 892 3735 Dionysia
914 3657 1090 3726 retinenda,
1116 3657 1226 3735 inquo
1242 3645 1357 3731 quidem

344 3769 475 3836 propter
492 3754 645 3816 summam
665 3757 818 3817 librorum
835 3755 1071 3818 consensronem
1094 3757 1186 3841 (nam
1205 3746 1243 3815 τὸ
1257 3753 1267 3810 ἱ
1280 3743 1356 3806 facile

343 3857 378 3915 in
398 3857 531 3918 lVlediol.
554 3854 691 3939 excidit)
714 3859 833 3936 Heyuii
856 3861 1041 3940 opinionem
1061 3859 1243 3938 amplector.
1277 3851 1355 3911 Acce·

343 3957 392 4016 dit
410 3961 506 4018 utinm
529 3958 591 4018 huc
613 3959 704 4020 locus
728 3959 823 4020 Plinii
843 3973 877 4036 4,
905 3979 959 4038 19.
976 3957 997 4021 s.
1018 3975 1073 4021 to.
1099 3957 1184 4040 sopra
1202 3959 1261 4015 iam
1281 3959 1356 4009 nota·

341 4071 410 4128 tue,
444 4063 566 4141 inquo
593 4059 736 4121 nostrum
761 4063 876 4122 reddit.
928 4062 1060 4144 Legitur
1085 4063 1171 4120 enim
1202 4057 1293 4115 etiam
1318 4042 1356 4104 ibi

339 4153 513 4253 Dionysta.
573 4163 722 4224 Attamen
747 4181 815 4223 non
834 4161 971 4224 diversas
993 4163 1079 4232 illas,
1114 4159 1276 4223 sedunam
1297 4164 1357 4209 eur·
