2836 4940
298 403 357 468 ηε
594 391 835 450 ronrourr
872 391 1037 448 nri-:Lae

295 565 374 634 llur.
401 563 562 628 Gronovil
583 565 616 626 lu
639 565 713 628 edd.
737 575 797 648 no.
823 575 884 643 41.
907 577 968 646 42.
1019 567 1062 630 At
1084 583 1159 628 emn
1183 567 1335 651 ignorent

297 687 411 730 omne·
428 668 553 730 codices
568 681 701 752 excepto
719 665 802 730 lorte
820 665 915 731 Parii.
933 683 967 748 3.
991 669 1070 730 item
1084 667 1250 730 editione·
1265 668 1336 728 rell·

296 787 377 852 quae
398 771 504 830 iudea
524 771 650 850 primis.
682 783 768 832 recte
791 769 912 850 expulit
935 771 1146 840 lleinoldiur,
1177 789 1279 850 quern
1304 781 1335 830 et

296 885 380 933 recte
402 872 436 932 in
458 871 689 933 recentioribus
712 869 907 934 editionibus
929 871 1027 934 secuti
1048 870 1120 932 lunt
1144 873 1210 932 viri
1235 870 1332 932 docti.

296 975 342 1034 lte
365 969 565 1056 languescent
586 974 688 1036 oratio
711 971 813 1034 Melae
833 973 916 1052 quali
933 973 1131 1036 iullauratur.
1185 975 1226 1034 ln
1251 969 1332 1052 [equ.

293 1073 385 1158 Prag.
404 1072 511 1134 ornifit
530 1073 606 1134 celer
624 1089 674 1143 εις
705 1074 792 1134 idem
808 1075 861 1134 dat
877 1093 1038 1147 annerros3
1068 1074 1248 1158 llelniiger.
1264 1065 1332 1162 fre·

292 1195 390 1258 quens
404 1187 471 1234 erat
485 1193 544 1256 pro
558 1167 720 1265 sennenn
746 1176 856 1238 l'enet.
874 1174 969 1237 Parii.
987 1191 1021 1238 2.
1043 1176 1136 1260 Preg.
1152 1190 1185 1236 et
1202 1177 1240 1236 ni
1258 1175 1333 1234 Tem·
1405 1169 1406 1176 '

295 1295 368 1348 τως
392 1275 530 1340 l'indob.
549 1273 664 1369 olfiat.
705 1277 844 1360 Quidam
861 1291 1020 1360 praeterea
1037 1276 1261 1356 Cappadocas
1280 1295 1332 1356 per

296 1377 425 1460 iimplex
443 1399 484 1456 p.
514 1379 610 1440 etiam
630 1401 662 1440 es
685 1397 812 1460 prone,
841 1399 921 1460 quae
942 1398 1010 1440 non
1031 1397 1151 1440 moror.
1207 1377 1332 1440 Graecis

294 1480 572 1542 terminationibue
593 1479 735 1542 nostrum
756 1481 918 1552 delectari,
945 1479 1016 1544 satie
1032 1479 1162 1543 constat.

368 1679 608 1764 evertitur)
643 1683 793 1747 Ciaccon.
808 1682 967 1756 aldomin
994 1683 1167 1767 Rehdiger.
1190 1681 1328 1743 l'indob.

294 1783 490 1859 advertitur3
512 1785 602 1869 Prag.
620 1787 833 1858 converellam
859 1787 971 1846 Venet.
985 1787 1133 1854 vertinrr,
1157 1785 1251 1864 quod
1268 1785 1330 1866 pla·

294 1889 361 1950 cuit
383 1886 509 1950 Vineto.
558 1888 687 1970 Singula
713 1883 777 1948 iere
801 1887 935 1956 habent.
968 1885 1083 1967 quibua
1110 1884 1140 1948 se
1164 1899 1326 1946 tueantur.

292 1988 346 2051 Sic
362 2001 396 2066 3.
414 2003 446 2050 Ω.
466 1987 510 2048 in.
537 1987 581 2048 ad
598 1988 785 2048 occidentem
804 1987 1056 2060 transadverrin
1090 1986 1129 2048 lic
1149 1999 1238 2047 terra
1259 2007 1329 2048 eorr-
1407 1970 1408 1982 ἵ

292 2091 427 2150 vertitur
446 2088 484 2148 ad
507 2123 555 2136 -
581 2103 613 2168 3,
640 2108 669 2158 r,
696 2107 730 2168 9.
763 2103 795 2168 3.
820 2105 852 2152 2.
870 2090 914 2152 iu.
947 2090 1026 2150 item
1050 2089 1133 2150 verti
1154 2089 1194 2148 ad
1220 2121 1271 2136 —
1299 2107 1327 2155 1.

297 2201 353 2267 15,
370 2205 403 2252 rt.
433 2203 465 2268 3,
484 2203 515 2262 7.
532 2189 566 2252 6.
617 2191 703 2250 Tum
725 2210 762 2250 nr
782 2190 1033 2259 modoadditur.
1058 2189 1159 2251 modo
1177 2189 1329 2272 praecidi·

292 2305 362 2360 tur.
390 2291 436 2351 uti
458 2291 510 2351 hic
532 2291 567 2352 in
590 2291 660 2352 cod.
684 2290 832 2354 Ciaccon.
858 2292 983 2373 dequo
1005 2288 1045 2352 ci.
1068 2293 1105 2352 ad
1127 2305 1160 2370 3,
1181 2303 1220 2370 4,
1244 2313 1274 2355 1·
1297 2307 1327 2352 et

292 2393 378 2454 alibi.
425 2393 524 2453 Porro
546 2405 684 2453 avertere
704 2409 736 2453 et
757 2391 919 2453 advertere
937 2407 968 2455 et
993 2393 1042 2454 hie
1058 2405 1190 2476 cognata
1207 2395 1325 2454 cenrico

292 2495 326 2556 in
346 2495 433 2555 libria
447 2507 678 2578 permutantur.
730 2492 780 2558 Cl.
799 2493 927 2556 Orollne
948 2513 977 2564 t,
997 2510 1030 2556 Ω.
1054 2515 1085 2576 p.
1105 2509 1162 2566 27.
1186 2494 1321 2556 Haverc.

292 2597 455 2660 Snalrenb.
472 2597 510 2656 ad
533 2595 680 2658 Curtium
695 2608 727 2674 5,
744 2613 777 2675 9,
794 2603 828 2678 4.
862 2594 1049 2658 Beremann.
1065 2611 1097 2656 et
1111 2594 1324 2678 Oudendorp.

292 2700 330 2759 ad
348 2699 463 2758 Lucan.
475 2709 507 2775 8.
525 2711 607 2777 337.
625 2695 658 2768 6.
677 2711 760 2776 539.
786 2699 948 2760 staveren.
963 2697 1000 2758 ad
1016 2697 1134 2778 Nepet.
1156 2707 1212 2776 ¹4·
1237 2717 1292 2758 ιι.
1304 2695 1326 2762 f.

292 2798 532 2861 Drakenborch.
548 2800 586 2859 ad
603 2799 673 2859 Liv.
695 2819 722 2868 1.
745 2811 798 2876 13.
821 2817 873 2861 to.
897 2812 930 2860 et
949 2798 1034 2869 alibi,
1058 2813 1095 2858 ut
1109 2811 1231 2858 taceam
1247 2799 1327 2861 alios

293 2897 335 2960 lat
353 2901 482 2970 multoe,
507 2919 580 2960 cum
598 2899 666 2960 talia
685 2901 717 2959 in
733 2899 821 2961 libris
836 2899 895 2960 lint
910 2897 1016 2962 obvia.
1052 2899 1200 2980 Plerique
1216 2913 1326 2961 tamen

292 3003 414 3064 codices
438 2999 638 3062 consentiunt
662 3003 694 3060 in
716 3002 889 3070 avertitur,
921 3001 1006 3081 quod
1031 3000 1074 3062 ell
1096 2997 1267 3063 fecundius
1291 3015 1324 3062 et

290 3105 408 3184 aptius,
444 3105 516 3183 quia
541 3103 698 3184 duplicem
736 3101 853 3160 indicat
883 3099 1077 3184 respectum,
1110 3103 1233 3182 qualia,
1265 3103 1325 3164 ubi

288 3217 401 3264 mutua
415 3203 497 3264 adell
511 3205 609 3274 ratio,
635 3216 742 3263 amant
763 3217 913 3264 auctores.
963 3203 1015 3264 Sic
1028 3203 1161 3265 Sueton.
1180 3204 1214 3263 iu
1233 3203 1323 3268 caet

290 3325 355 3386 cap.
373 3317 432 3386 49.
455 3303 580 3364 educere
597 3305 630 3364 in
645 3301 825 3372 cubiculum.
848 3303 903 3364 ubi
918 3304 970 3363 alii
987 3303 1143 3364 malebant
1157 3303 1322 3368 deducere.

290 3405 421 3484 Dionys.
440 3405 540 3467 Halic.
558 3415 589 3482 5,
609 3423 641 3478 7.
667 3401 820 3468 ἀπελθεῖν
836 3401 899 3492 epo*
919 3403 984 3468 τῶν
1003 3403 1131 3492 θυρῶν,
1154 3419 1188 3466 et
1208 3407 1323 3469 fimitia

289 3509 399 3571 multa.
435 3509 488 3570 Sic
504 3507 556 3567 hic
573 3503 652 3567 infra
671 3509 700 3584 §.
725 3527 776 3568 ιο.
798 3519 956 3584 exportat.
980 3505 1036 3565 ubi
1057 3507 1196 3569 Vindob.
1211 3511 1322 3570 minus

291 3609 372 3672 bene
389 3611 551 3690 importat.
588 3608 650 3669 Sed
666 3621 708 3678 et,
731 3608 778 3666 uti
796 3607 857 3678 hic,
881 3607 988 3692 Virgil.
1007 3609 1085 3668 Aen.
1098 3619 1132 3685 4,
1156 3609 1237 3671 106.
1258 3631 1322 3692 qno

290 3733 416 3791 regumn
436 3710 554 3771 Italiae
574 3705 710 3790 Libycas
730 3721 883 3768 averteret
900 3729 989 3777 oms.
1022 3708 1078 3767 ubi
1101 3709 1194 3768 multi
1218 3713 1318 3771 eriam

289 3812 475 3874 adverteret.
513 3811 583 3872 Vid.
606 3809 652 3870 ibi
669 3811 783 3889 lieyne
798 3823 829 3870 et
844 3811 883 3869 de
899 3811 1013 3870 eodem
1030 3809 1119 3870 verbi
1139 3808 1198 3870 ulu
1218 3811 1318 3872 Hein-

184 3927 188 3936 '
289 3914 348 3977 lius
368 3917 406 3975 ad
426 3913 523 3975 Valer.
549 3912 647 3974 Flacc.
671 3931 700 3980 ι,
724 3911 782 3974 66.
833 3909 900 3971 Alia
922 3911 1064 3993 exempla
1091 3911 1214 3972 dabunt
1242 3915 1318 3973 Dra·

287 4013 463 4078 kenborch.
477 4015 514 4074 ad
533 4013 603 4075 Liv.
624 4030 653 4082 ι,
670 4026 725 4088 57,
743 4025 775 4090 8.
810 4009 1019 4092 Oudendorp.
1039 4015 1077 4073 ad
1097 4001 1315 4075 Suetol1.c.l.

288 4116 386 4182 Corte
408 4119 447 4179 ed
467 4113 586 4179 Sallust.
609 4113 700 4178 Catil.
726 4133 753 4176 c.
779 4126 837 4190 57.
860 4115 904 4175 in.
944 4111 1107 4196 Wopkene
1128 4115 1161 4174 in
1185 4113 1315 4178 miscell.
