2810 4944
351 457 661 518 morcon.
705 457 786 528 ts·
910 505 916 520 ·
1029 467 1091 534 411

75 634 127 694 einr
151 633 314 704 meminit,
348 653 423 696 vere
454 645 579 696 tentum
611 631 776 716 scripturo.
809 651 876 696 non
903 633 1086 695 terminatio

74 734 260 818 cognoscitur.
298 735 423 818 Nempe
443 735 539 800 refert
561 731 753 802 Κλωὸειινοῦ
773 757 850 802 ποτ.
872 731 1022 814 baliolas.

131 937 375 1022 Emporias)
425 939 509 1022 Lips.
539 941 625 1004 Gud.
654 941 746 1026 Prag.
780 939 879 1004 Vetic.
909 937 1081 1022 Rebdlger.

75 1039 189 1103 l'indob.
210 1042 325 1122 aliique
340 1061 412 1104 cum
429 1043 502 1106 edd.
518 1043 556 1104 ad
578 1037 720 1105 Volscum
738 1043 903 1122 Emporia.
923 1043 975 1122 qni
993 1041 1082 1100 declit

73 1157 102 1198 ex
123 1141 200 1206 MSS.
225 1147 350 1228 opinor.
377 1142 439 1205 suis
459 1145 638 1228 Emporias,
672 1143 919 1226 obsequentibus
940 1144 1078 1224 reliquie.

73 1241 108 1300 stc
121 1245 239 1322 quiden}
258 1245 365 1309 Cibin.
381 1259 413 1306 et
435 1267 517 1309 verr.
539 1247 625 1308 lectt.
650 1249 682 1306 iu
699 1247 750 1308 ecl.
770 1261 827 1334 27.
873 1263 1079 1306 rzccuvcue.

72 1341 246 1410 Ptolemaeus
269 1343 324 1434 [o.
349 1339 403 1431 6.]
425 1347 608 1426 Emporias.
635 1361 667 1409 et
688 1349 766 1410 item
780 1349 876 1410 Siliue
897 1343 910 1434 [
922 1363 953 1425 3,
971 1339 1078 1430 369]

72 1442 221 1507 Phocaicae
240 1449 326 1508 daret
345 1449 526 1526 Errcpariae.
579 1447 677 1512 Plinii
701 1444 715 1536 [
725 1463 758 1526 3,
776 1462 811 1528 4.
827 1447 848 1512 s.
872 1443 922 1532 3.]
950 1467 1077 1528 quoque

72 1560 142 1608 tecue
160 1549 257 1610 codex
285 1571 349 1610 non
372 1550 461 1612 aliter
485 1551 572 1634 legit.
624 1553 804 1630 Steplrrnue
825 1549 936 1610 urbem
960 1549 1078 1628 Empo-

71 1645 146 1716 rium,
176 1649 413 1712 staffiltenfinm
436 1653 631 1720 aedilicium,
662 1652 779 1713 Gallice
809 1652 974 1720 attribuit,
1008 1669 1076 1710 non

70 1743 218 1828 Hispaniae.
247 1771 447 1814 rcu‘rteuve.
501 1754 583 1836 Lege
599 1753 783 1832 Emporias.
817 1753 928 1812 Livius
944 1751 999 1814 lib.
1017 1759 1075 1830 31¹4,

71 1839 141 1929 [suf-
161 1867 190 1914 et
205 1872 240 1932 9.
257 1848 324 1938 iu.]
349 1850 397 1914 Ab
410 1851 527 1914 ilbodo
541 1849 682 1944 secando
698 1867 794 1914 oeuca
814 1855 986 1930 Emporias
1008 1873 1076 1932 per·

70 1963 180 2016 neutum.
232 1957 306 2014 salu
340 1967 417 2014 turre
444 1955 618 2034 Emporiae
638 1955 702 2016 duo
724 1953 844 2034 amuda
867 1969 956 2014 eraut
987 1973 1075 2014 aratro

70 2043 158 2140 divisa.
182 2075 387 2118 cceccourve.
432 2057 563 2126 Eadem,
587 2077 664 2137 quoe
682 2058 744 2126 hic.
767 2057 921 2117 librorum
941 2056 1075 2116 variatio

70 2157 130 2228 apud
152 2156 218 2220 Liv.
247 2177 306 2226 ot.
330 2159 387 2228 61.
412 2168 447 2236 4.
479 2159 535 2218 ubi
561 2161 627 2218 vicl.
652 2157 815 2220 Drakeub.
868 2159 910 2218 Et
934 2157 972 2218 lic
1000 2157 1075 2216 alibi

71 2250 126 2312 licit
140 2257 243 2320 Licino
266 2273 387 2340 praeter
408 2258 579 2341 superiores
599 2273 751 2324 auctores.
805 2259 873 2322 Neo
894 2260 982 2320 aliter
1000 2259 1073 2342 legi·

72 2363 106 2412 uu
123 2359 150 2416 in
172 2361 277 2422 Plinio
294 2381 319 2423 c.
342 2361 363 2422 l.
414 2363 451 2422 sn
472 2363 598 2423 Graecis
623 2375 747 2422 tantum
770 2356 955 2448 Ἐμπόριον,
982 2363 1074 2420 velut

70 2453 92 2510 in
109 2459 251 2524 Strabone
276 2477 307 2542 5.
330 2482 360 2543 p.
382 2483 426 2524 m.
452 2483 530 2524 rto.
552 2461 571 2522 s.
596 2465 676 2526 t6u.
713 2464 840 2544 Scylace
863 2483 892 2544 p.
916 2483 944 2524 ι.
972 2459 1071 2524 llorls.

70 2553 202 2638 Stephano
223 2565 256 2628 lt.
276 2586 307 2626 v.
341 2563 478 2644 Polybio
499 2579 529 2644 3.
547 2577 604 2642 39.
627 2566 685 2638 76.
707 2564 862 2646 rluequom
885 2565 937 2623 hio
957 2559 1075 2648 Ἔμπο-

71 2652 130 2736 ρὶαι,
153 2666 197 2724 nti
213 2667 365 2746 deceptus
387 2665 530 2726 rerlloue
552 2665 727 2746 posterioris
750 2667 814 2727 loci
837 2667 946 2726 retulit
962 2665 1074 2726 Petrus

70 2757 98 2818 de
117 2763 207 2826 llarca
227 2770 262 2828 iu
289 2767 391 2827 Marco
413 2764 500 2848 Hisp.
526 2783 558 2832 o.
584 2779 637 2844 ιθ.
659 2787 692 2848 p.
710 2787 755 2830 cu.
778 2783 858 2838 172.
887 2769 960 2826 ideo
985 2779 1073 2826 uota·

69 2867 133 2922 stlta
152 2867 411 2930 Drakenborchio
432 2869 470 2928 nd
490 2869 562 2930 Liv.
581 2885 636 2937 21.
659 2871 716 2936 60.
743 2885 776 2934 2.
826 2869 952 2929 Graccis
975 2867 1073 2950 igitur

70 2955 202 3044 iugularit
226 2991 379 3030 uncturus
400 2969 532 3051 placuit,
564 2971 692 3032 alteram
721 2967 857 3031 sormam
880 2969 984 3028 Latini
1009 2987 1072 3026 ino·

68 3055 177 3130 luerunt.
213 3069 350 3146 oleata
366 3089 473 3134 autem
492 3073 526 3132 in
543 3072 698 3134 Strabone
714 3085 877 3155 receptum
897 3089 1071 3132 nnmerum

66 3165 182 3244 explicat.

123 3385 274 3446 partem
307 3375 547 3456 accidenti)
596 3377 745 3440 (lloccon.
776 3370 850 3460 (hic
878 3377 973 3437 etiam
1002 3373 1071 3456 poll

69 3461 197 3560 adverso)
220 3477 317 3538 Vallo.
335 3477 419 3562 Lips.
443 3479 527 3540 Gud.
554 3479 644 3563 l‘teg.
667 3479 775 3542 Cibin.
797 3479 970 3560 Rebiliger.
996 3477 1069 3535 vin·

69 3563 164 3634 lobon.
186 3577 295 3640 Venet.
321 3579 427 3640 slavo.
446 3581 537 3658 parti
558 3579 723 3642 occidenti.
768 3579 804 3642 Λ.
823 3577 968 3638 Gronov.
991 3595 1070 3656 quoe

69 3667 96 3724 ul
110 3669 135 3732 li.
150 3673 170 3736 l.
193 3697 229 3738 ex
246 3679 337 3742 MSS.
354 3679 455 3742 oclsert
476 3682 629 3762 proxiruie
651 3681 756 3744 verbio
779 3681 933 3742 continet.
987 3678 1070 3738 Peri·

69 3763 155 3836 senlee
173 3797 242 3839 cum
264 3781 315 3844 ed.
334 3801 392 3866 59.
412 3781 594 3846 consensisse
615 3781 766 3844 videntur
783 3783 816 3842 in
838 3781 975 3842 lectione
997 3798 1070 3858 par·

71 3875 114 3926 tem
134 3879 287 3946 occidenti.
339 3884 422 3945 Edd.
444 3905 472 3947 t.
498 3899 531 3948 Ω.
555 3898 588 3962 3.
613 3901 647 3963 lt.
666 3897 700 3962 5.
719 3885 752 3947 6.
773 3897 806 3958 7.
828 3892 862 3958 8.
878 3899 911 3960 9.
933 3901 989 3944 ιο.
1013 3897 1068 3942 rt.

74 3983 115 4032 ¹²·
136 3991 182 4054 ¹3·
204 3995 255 4060 ¹4·
277 3995 332 4060 15.
359 4001 413 4066 17.
440 4005 495 4064 19.
520 4001 576 4050 2⁰.
596 3999 653 4064 25.
675 3986 764 4066 parti
785 3982 950 4044 occidenti.
990 3981 1070 4042 lude

73 4072 209 4142 alatiano
226 4087 326 4163 (16.)
342 4103 462 4150 ceterae
478 4087 629 4148 exhibent
645 4099 770 4166 partem
788 4083 944 4146 occidenti
950 4103 959 4154 ς
986 4101 1071 4142 com·

70 4175 182 4240 modiori
204 4180 269 4248 salte
295 4209 379 4250 nexu
404 4203 436 4252 rt
465 4186 563 4254 sensu.
616 4188 785 4252 Pertinent
806 4187 894 4250 enirn
922 4185 1072 4246 adhunc
