2814 4946
344 415 407 531 53'2
636 451 885 510 rourourr
927 453 1089 510 untes

348 631 445 692 etiam
476 627 600 689 Politas
632 627 670 688 ad
705 625 906 688 Eudathium
942 627 977 686 in
1010 625 1189 686 Homerum
1223 625 1317 687 Tam.
1342 640 1369 687 a.

349 751 381 813 p.
403 728 487 808 679.
518 727 567 788 sed
590 731 697 788 vitiata
723 729 984 810 pronuntiatione
1006 739 1113 788 ortum
1130 724 1232 788 censet
1249 748 1287 788 ex
1307 727 1370 794 Cea,

349 833 435 914 rqrtod
468 831 590 912 prohat.
644 829 770 912 Nempe
795 831 955 912 primurn,
989 829 1113 910 inquit,
1146 831 1268 889 dictum
1292 825 1370 899 lis'ar,

349 934 436 992 uude
456 934 575 1015 gentile
598 929 708 1006 Κέϊος,
747 951 805 1016 per
834 930 1017 1009 Synaeresm
1041 929 1150 1004 lisiae,
1184 933 1268 990 unde
1292 931 1371 1012 vrinae

350 1035 432 1096 dicta
458 1031 555 1102 lisia,
590 1035 665 1094 inde
685 1029 769 1106 Ilia,
802 1033 958 1114 postremo
980 1029 1057 1104 litor
1084 1033 1123 1093 de
1146 1031 1261 1101 insula,
1294 1033 1370 1111 quod

350 1135 476 1196 volebat
495 1135 660 1196 Pintianue
683 1155 857 1218 perperam.
897 1133 1077 1195 invaluerat
1092 1135 1123 1194 id
1141 1135 1254 1194 Suillae
1271 1145 1369 1193 aetate.

350 1239 412 1300 Sed
437 1238 524 1318 plura
546 1257 583 1298 ex
606 1235 673 1318 ipso
696 1233 843 1318 cognosci
862 1235 997 1316 possunt.
1050 1237 1100 1296 De
1121 1233 1231 1306 Κεῖος,
1253 1233 1369 1306 liciter

349 1337 423 1401 Κέω
444 1337 541 1398 insula
561 1352 674 1399 monet
696 1340 790 1400 etiarn
813 1336 992 1398 Eullathius
1014 1337 1052 1396 ad
1076 1337 1257 1397 Homerum
1275 1331 1368 1413 Odys.

354 1457 410 1510 22.
433 1453 513 1520 555.
536 1449 743 1524 p.79tt,14.
767 1439 857 1501 Basti,
910 1435 1116 1498 Praeserenda
1134 1439 1368 1498 videturemen·

352 1541 438 1602 elatio
456 1543 629 1610 ttetnotott,
651 1541 803 1622 (lychnos,
820 1559 876 1620 pro
892 1561 950 1620 qua
967 1539 1103 1620 politum
1120 1540 1252 1621 Cytaeos,
1268 1537 1367 1598 deinde

353 1642 491 1724 Cyrnos,
518 1645 605 1702 unde
629 1643 686 1702 alia
709 1643 838 1702 obtntdi
860 1639 949 1702 facile
972 1653 1157 1724 potuerunt.
1215 1641 1276 1702 Cia
1296 1639 1366 1700 enim

350 1763 409 1826 pro
428 1747 526 1814 Ceos,
554 1740 658 1818 lis'au,
692 1745 745 1804 vix
768 1741 841 1804 ferri
862 1743 962 1824 potest
985 1763 1024 1804 ex
1045 1755 1192 1824 corrupta
1210 1737 1366 1802 Ptolemaei

349 1845 496 1906 lectione.
550 1845 660 1906 illinus
681 1845 882 1926 probandum
902 1839 999 1904 t'offit
1023 1845 1108 1914 lcos,
1136 1865 1231 1925 quam
1250 1841 1366 1902 insulam

350 1945 527 2028 Magnesiae
543 1945 700 2006 obiectam
717 1947 796 2020 dicit
810 1945 921 2008 Strabo
938 1944 994 2007 lib.
1005 1963 1039 2024 9.
1063 1965 1094 2026 p.
1110 1965 1154 2007 m.
1173 1961 1256 2022 30⁰·
1267 1941 1363 2020 [436.

349 2061 382 2107 et
403 2049 512 2106 Livius
532 2061 589 2123 51,
615 2057 672 2128 45,
701 2064 753 2110 12.
781 2067 798 2106 a
821 2047 965 2108 Geraesto
988 2061 1021 2106 et
1044 2047 1173 2125 Carysto
1196 2041 1364 2124 (Euboeae)

347 2149 382 2207 in
405 2147 625 2208 Macedoniarn
653 2147 877 2231 navigantibus
901 2150 984 2209 inter
1004 2149 1138 2227 Scyrum
1163 2161 1196 2208 et
1217 2145 1363 2210 Sciathum

348 2247 478 2310 obviam
501 2247 559 2309 else
583 2247 697 2310 scribit.
750 2249 1023 2330 QuodCytlmon
1046 2248 1239 2328 Cycladibus
1260 2249 1306 2308 alii
1323 2243 1363 2303 nl·

347 2361 532 2418 munerant,
567 2350 650 2408 nihil
668 2351 701 2409 in
720 2363 802 2410 tanta
826 2352 1016 2432 opinionum
1035 2354 1187 2412 varietate
1207 2349 1311 2414 obstat,
1338 2357 1362 2403 et

346 2449 427 2510 insra
449 2463 558 2512 contra
586 2450 683 2512 libros
708 2471 724 2510 a
747 2443 934 2532 quibusdam
960 2454 993 2511 in
1019 2452 1212 2532 Cycladibus
1240 2449 1360 2532 ponitur.

349 2551 471 2614 Cianos
493 2564 615 2622 tamen,
649 2555 736 2634 quod
758 2553 809 2613 hic
833 2553 908 2612 libri
930 2553 1105 2624 obiiciunt,
1140 2551 1276 2614 sustineri
1294 2547 1360 2608 forte

345 2649 442 2735 possit
469 2673 508 2714 ex
530 2653 668 2716 Philone
693 2656 726 2714 iu
753 2655 897 2714 Flaccum
928 2675 958 2734 p.
985 2665 1069 2732 540.
1097 2655 1149 2716 etl.
1179 2655 1284 2735 lllaug.
1318 2647 1359 2728 qui

344 2751 466 2818 Kiavav
489 2753 621 2815 insulam
639 2757 792 2838 adtingit,
819 2755 874 2814 ubi
894 2753 1089 2837 persequitur
1104 2755 1230 2816 cursum
1245 2775 1259 2814 a
1274 2753 1359 2814 Sunio

344 2858 383 2916 ad
414 2855 576 2926 Andrum,
610 2857 644 2916 in
672 2877 735 2938 quo
758 2869 991 2937 praetervectus
1019 2857 1061 2918 est
1088 2857 1217 2919 Flaccus
1239 2849 1358 2934 ‘Ellam

343 2955 484 3027 Riatav,
513 2947 644 3020 Κύθνον
663 2973 696 3018 et
719 2959 791 3019 aliae
814 2954 989 3041 στοιχηδόν
1010 2956 1172 3044 κειμένας,
1200 2951 1358 3018 dummodo

343 3057 472 3118 aliunde
489 3077 609 3118 nornen
626 3072 749 3118 certum
770 3059 936 3130 constaret,
963 3081 1021 3120 neo
1038 3061 1083 3119 ibi
1099 3062 1207 3141 potius
1223 3058 1258 3117 ad
1277 3055 1358 3115 Ceam

343 3155 547 3218 referendam
577 3159 755 3229 videretur,
795 3161 842 3220 uti
867 3163 964 3222 etiam
989 3163 1107 3222 iudicat
1134 3161 1307 3240 Welseling.
1328 3149 1357 3212 ad

343 3257 501 3320 Antonini
521 3260 628 3322 itiner.
651 3281 682 3344 p.
700 3273 784 3340 523.
810 3262 865 3342 qui
885 3261 986 3344 potest
997 3261 1137 3325 consuli.

419 3460 621 3542 Chalcia)
674 3461 873 3536 Parihenses,
907 3464 1055 3527 Ciaccon.
1087 3463 1170 3546 Lips.
1201 3459 1355 3540 Rehdtgu.

341 3560 481 3622 Vindob.
505 3563 658 3636 Calckis;
685 3565 793 3626 Cihin.
818 3565 988 3638 Chalehis;
1015 3567 1105 3651 Prag.
1132 3565 1256 3635 Calain
1285 3557 1355 3620 Gud-

344 3660 513 3736 oatarais,·
539 3665 677 3724 Vaticani
697 3681 730 3726 et
749 3667 864 3746 reliqui
880 3687 953 3727 cum
969 3667 1167 3729 editionibus
1189 3663 1296 3728 conlati
1314 3658 1356 3716 ha·

340 3759 438 3824 builse
462 3766 613 3824 videntur
631 3766 771 3828 Chalcis.
824 3767 949 3848 Nempe
968 3769 1008 3829 fic
1024 3789 1137 3831 omnes
1152 3769 1300 3830 editiones
1314 3775 1356 3818 et·

220 3929 224 3938 ,
340 3861 455 3923 hibent
471 3867 509 3924 ad
528 3863 667 3928 Voffium
682 3887 798 3948 usque,
825 3885 948 3951 praeter
968 3889 997 3932 1.
1023 3890 1052 3933 a.
1071 3890 1105 3950 9.
1126 3885 1181 3948 13.
1207 3861 1353 3946 inquibus

280 3983 284 3990 ·
341 3963 459 4047 legitur
480 3967 598 4029 Cascis.
651 3965 775 4031 Vossius
794 3967 901 4051 posuit
921 3971 1064 4044 Chalcia,
1088 3973 1172 4054 quod
1196 3985 1226 4031 et
1247 3977 1353 4041 accepe-

340 4079 417 4124 runt
444 4063 620 4147 sequentes.
671 4069 795 4131 Plinius
819 4071 949 4152 quidem
972 4075 1005 4133 in
1028 4075 1098 4135 loco
1123 4073 1210 4154 supra
1232 4066 1351 4128 indicato

338 4163 436 4228 habet
463 4169 610 4242 Chalcis,
644 4173 732 4252 quod
766 4186 798 4235 et
829 4175 963 4236 retinuit
995 4175 1197 4246 Hardttinus;
1238 4181 1267 4231 at
1288 4159 1352 4225 alibi
