2814 4946
341 443 429 498 nro
457 445 495 497 ιι.
537 441 657 506 ovrr.
698 443 798 514 με.
1027 441 1090 521 3⁶5

50 611 171 673 Peioris
194 613 291 676 etiem
318 615 479 680 Eustrthio
505 619 544 680 ed
571 617 752 682 Homerum
778 615 834 680 iol.
864 637 943 698 tro,
975 635 1030 682 ro.
1055 631 1089 682 et

53 715 163 790 1623.
186 716 220 778 6.
254 709 314 801 [cf.
342 719 380 778 ed
411 719 519 800 odytt.
543 739 576 806 9,
604 732 685 798 t87.
718 741 751 803 p.
778 721 861 800 346.
888 731 947 800 54.
972 717 1085 810 mot]

49 813 160 876 Plinio
176 817 319 878 Pelorum
339 819 393 883 lib.
413 834 447 902 3.
464 841 531 904 cop.
549 834 583 900 5.
608 815 656 908 [o.
679 815 756 908 to.]
790 821 933 883 Pelorum
950 835 982 882 et
1000 823 1085 884 Pelo·

50 937 110 974 rus
129 937 191 998 erp.
208 931 241 996 3.
269 913 320 1004 [e.
346 915 421 1009 14]
474 921 542 1005 lple
562 923 764 1006 Pomponius
786 921 875 992 insta.
903 925 985 984 inter
999 923 1085 1005 Lily·

50 1013 161 1076 baenm
188 1031 219 1079 er
242 1021 391 1082 Pelorida
418 1023 598 1088 Panormus
616 1037 647 1086 ee
671 1025 819 1096 Hieme,
853 1039 885 1086 et
912 1025 1024 1087 Cicero
1049 1027 1084 1086 in

48 1117 185 1180 Verrem
201 1133 259 1182 act.
279 1137 311 1196 7.
329 1119 384 1184 lol.
401 1125 486 1202 630.
506 1125 556 1204 [5,
576 1128 625 1208 5.]
646 1125 835 1196 Peloridem,
859 1109 980 1212 [immo
998 1125 1084 1186 Pelo·

50 1214 169 1305 ridear]
193 1235 226 1282 et
247 1223 358 1285 Liviae
378 1223 433 1286 lib.
454 1237 511 1306 ⁹4·
546 1245 759 1290 crocconrve.
818 1228 867 1288 Etr
891 1227 1085 1290 membranis

49 1323 187 1402 antiquit
208 1325 392 1388 reduximus
413 1321 454 1390 τὸ
475 1327 634 1398 Pelodes,
667 1328 724 1390 ubi
745 1329 842 1412 vulgo
862 1329 905 1390 est
926 1329 1081 1390 Pelorum.

52 1443 199 1486 voserre.
250 1423 352 1488 Aulus
373 1425 418 1488 lui
441 1426 582 1490 deserere
604 1431 762 1492 editiones
781 1429 1021 1510 praecedentes,
1048 1431 1083 1490 in

49 1523 168 1604 quibus
186 1527 344 1608 plerisque
359 1529 402 1590 ett
419 1529 577 1601 Pelorum,
602 1551 703 1612 quum
719 1533 752 1591 in
771 1529 882 1613 scripto
901 1531 980 1592 libro
998 1550 1084 1610 repe·

50 1625 153 1686 rillem
173 1627 312 1714 Pelorar.
362 1631 399 1692 ln
420 1651 484 1714 quo
510 1631 668 1695 vocabulo
690 1634 829 1714 ditpotrt
853 1634 984 1714 quidem
1009 1633 1083 1692 Pin·

50 1729 170 1798 tienne,
196 1749 291 1810 qnam
311 1734 397 1793 vario
415 1733 658 1814 pronominum
691 1754 807 1816 nempe
822 1733 972 1802 Pelorias.
995 1731 1082 1792 Pelo·
1174 1725 1178 1734 ’

50 1829 102 1896 tir,
125 1829 265 1900 Pelorus,
291 1845 324 1894 et
340 1831 368 1894 le
389 1831 520 1896 scribere
543 1834 670 1898 tellrtor
684 1835 812 1896 Pelorus
834 1855 872 1895 ex
895 1833 1083 1898 Ptolemaeo

49 1945 81 1988 et
105 1931 277 1994 Marciano.
327 1935 390 1996 Sed
410 1935 529 1997 nollrre
545 1935 675 1998 lectioni
696 1937 772 1998 frdee
794 1935 836 1998 est
849 1935 887 1996 ab
906 1935 969 2018 ipio
988 1935 1084 1996 Pom·

51 2033 138 2110 ponii
160 2053 275 2103 manu,
306 2033 387 2098 infre
411 2033 572 2100 lcribentir
595 2035 756 2107 Pelorida.
783 2057 878 2118 quent
900 2033 1083 2118 scripturam

52 2147 161 2194 tenent
188 2137 362 2198 concorden
386 2135 477 2201 MSS.
516 2159 610 2220 quem
643 2140 903 2200 terminationem
936 2157 1023 2199 nunc
1051 2137 1084 2198 ei

51 2233 256 2317 displicuille‚
291 2238 343 2298 rel
371 2239 466 2301 etiem
495 2237 635 2303 maluill'e
666 2261 753 2302 nunc
777 2239 908 2302 scribere
931 2239 1083 2308 Pelorias.

51 2355 122 2396 mox
140 2351 250 2398 autem
271 2339 418 2400 Pelorida
432 2341 518 2402 nulla
533 2339 622 2404 reule
637 2341 698 2412 ell,
725 2361 779 2404 cnr
802 2355 969 2423 potemur.
996 2359 1084 2422 prae·

53 2433 154 2498 sertim
175 2457 216 2500 eo
239 2441 452 2524 dirigentibue
480 2461 608 2524 qaoque
636 2443 773 2524 antiquie
799 2443 899 2504 libris.
961 2441 1083 2504 Similis

54 2537 186 2621 ineptiae
209 2543 392 2623 exemplum
413 2541 521 2606 editur
544 2543 601 2608 lib.
626 2557 660 2622 3.
686 2565 752 2626 erp.
780 2559 814 2622 7.
852 2543 909 2604 ubi
934 2545 967 2603 in
989 2542 1084 2604 editio

57 2637 190 2702 scribunt
211 2641 405 2722 elephantes.
436 2643 543 2726 pautto
566 2645 636 2730 post
657 2659 766 2708 entem
788 2645 963 2726 elephantis
984 2643 1083 2704 maxi·

56 2743 119 2805 mt‘s.
162 2743 249 2804 Heec
264 2762 390 2825 quoque
409 2745 480 2828 ipfir
497 2747 640 2810 variandi
655 2749 736 2810 ratio
757 2747 857 2830 placet
866 2767 877 2820 ;
901 2765 997 2826 qnam
1013 2743 1084 2825 quie

55 2845 156 2904 credat
175 2843 321 2924 plocoille
335 2847 536 2928 Pomponio,
560 2853 702 2912 maxime
717 2869 817 2931 quum
837 2849 870 2908 in
886 2847 991 2930 priore
1011 2847 1084 2906 loco

55 2945 84 3003 in
108 2945 179 3007 MS.
202 2945 384 3007 invenerim
410 2947 612 3028 clamantes,
647 2963 684 3010 ot
712 2969 799 3011 nuno
823 2965 949 3031 qnoque
978 2943 1085 3006 rurluo

54 3046 166 3108 edtdt‘t
206 3065 230 3108 1.
257 3065 464 3112 attottovrvr.
526 3053 563 3112 ln
579 3051 706 3114 dnobus
726 3051 814 3112 libris
834 3069 932 3112 mortu
953 3047 1086 3109 exaratio

55 3147 180 3208 Pelorus
196 3145 346 3231 scriptum
363 3147 392 3212 le
405 3151 549 3234 reperille
562 3153 640 3214 dioit
657 3154 682 3214 l.
699 3153 895 3222 Gronoviue‚
916 3149 1002 3211 unde
1020 3146 1085 3230 ipse

54 3245 125 3308 iecit
140 3249 281 3321 Peleos,
307 3252 382 3332 quie
398 3249 479 3314 infre
493 3251 630 3336 lequitur
646 3251 801 3316 Pelorida.
853 3253 915 3316 Sed
931 3271 992 3312 nos
1012 3269 1086 3332 que·

54 3363 124 3412 tuor
145 3351 369 3416 membraneo·
392 3368 424 3416 et
448 3354 585 3418 totidem
607 3357 704 3426 elior,
735 3357 768 3415 in
789 3355 892 3418 oberte
916 3351 1088 3436 descriptor

54 3451 168 3522 lintea,
201 3451 364 3534 poss'omue
389 3455 566 3528 ollendere.
600 3457 768 3538 inquibus
789 3457 910 3540 legator
932 3453 1086 3522 Pelorior.

56 3553 141 3635 qood
169 3555 281 3634 utique
306 3555 543 3620 admittendum
568 3557 759 3622 cenluimtm.
809 3555 973 3626 Pelorida,
999 3551 1087 3637 quoti

57 3655 160 3737 posteo
178 3653 335 3737 sequitur,
361 3671 393 3718 et
410 3659 472 3720 hoc
490 3677 617 3740 quoque
637 3673 760 3721 rectum
778 3657 854 3729 elie,
881 3659 977 3720 etiem
996 3655 1089 3738 pueri

58 3757 245 3840 intelligant.
278 3758 331 3820 Sic
347 3771 380 3819 et
393 3757 518 3832 strabo,
538 3781 636 3842 quam
652 3755 849 3848 Πελωριάδα
866 3773 970 3828 vocat,
992 3757 1035 3835 [o.
1050 3756 1089 3836 l.]

59 3859 128 3918 alibi
154 3855 329 3946 Πελωρίδα
350 3861 494 3944 appellat,
522 3857 533 3946 l
543 3863 600 3926 lib.
621 3863 654 3928 6.
685 3885 718 3946 p.
749 3876 827 3936 177.
853 3858 873 3922 l.
893 3851 995 3944 257.]
1030 3875 1089 3918 neo

61 3975 164 4022 tamen
184 3974 352 4044 propterea
368 3961 410 4024 ett
429 3964 567 4046 ineptos.
599 3965 697 4046 Quod
720 3963 957 4044 pol‘teamonet‚
980 3959 1091 4021 ethoo
1156 3973 1159 3980 ⁴

61 4083 188 4144 quoque
212 4059 322 4136 sutile,
348 4083 423 4126 oum
439 4063 580 4146 elephas.
606 4065 763 4148 elephanti
779 4077 810 4124 et
828 4061 1006 4142 elephantes
1020 4079 1092 4141 pro·

61 4165 176 4230 mileue
203 4163 345 4250 posrtum
367 4165 452 4252 apud
474 4165 636 4240 Plinium,
664 4167 812 4230 Solinum
835 4181 867 4226 et
882 4163 961 4225 oliae
981 4155 1093 4246 pafftm
