2788 4942
360 411 451 468 tra.
481 413 534 468 tn.
578 410 612 470 c.
640 411 664 464 1.
707 401 787 480 aa.
1071 415 1093 478 5

65 587 193 649 bendum
209 605 298 648 reor:
324 583 439 648 necari
454 585 536 646 ulios
552 583 701 666 aliosque.
728 599 929 644 ainatanra.
980 579 1088 664 Lego:

64 713 121 750 uon
151 691 229 750 olicis
260 689 419 772 aliosque·
437 685 662 773 (subintellige
696 683 846 765 campos)
879 681 1013 744 inuicem
1048 715 1091 730 -

66 793 147 873 Quae
166 792 217 851 hic
239 789 343 852 scribit
364 790 550 859 Pintianua,
576 787 679 850 statim
701 787 874 856 declarant,
900 803 977 848 eum
1002 783 1090 846 hunc

63 893 160 954 locum
176 885 246 956 non'
258 891 452 954 intellexisse.
481 908 692 952 ciaccortrva.
726 883 968 966 Nuncocl-)
1002 885 1090 948 Con·

61 999 164 1056 trarina
185 995 237 1055 lric
255 995 425 1075 requiritur
447 991 562 1056 sensata.
614 991 704 1052 Libri
726 1009 839 1054 omnen
857 1007 953 1050 manu
973 986 1091 1048 exarati

61 1096 188 1158 halrent:
224 1095 302 1156 Non
326 1095 405 1156 alios
432 1095 572 1178 aliaeque
598 1095 742 1156 inviam.
794 1093 874 1154 lude
903 1089 992 1152 facile
1016 1087 1088 1160 suit,

59 1199 239 1266 lectionem,
268 1217 363 1279 quam
385 1197 551 1266 dedimus.
582 1197 748 1258 excudere.
787 1213 928 1256 vomrva.
990 1189 1090 1251 Plane

60 1320 120 1360 non
145 1295 306 1360 auscultati
333 1300 476 1380 oportuit
505 1293 616 1362 Voffio
648 1297 730 1360 hanc
762 1297 936 1358 lectionem
963 1290 1089 1352 testanti
1126 1355 1129 1368 Ι

61 1398 143 1462 facile
164 1398 252 1463 fuiffe
274 1401 446 1470 excudere,
483 1419 584 1480 quum
603 1399 676 1460 libri
702 1417 816 1460 omnen
844 1415 942 1456 manu
971 1393 1089 1456 exarati

60 1501 203 1562 habeant:
241 1523 303 1564 non
326 1501 407 1562 alios
428 1501 576 1584 aliosque.
630 1503 736 1562 Immo
760 1501 837 1561 haec
860 1497 903 1560 eli
930 1493 992 1575 ipsa
1014 1513 1090 1555 vera

60 1603 158 1674 lectio,
182 1603 397 1687 dependenea
415 1622 495 1664 voce
513 1623 654 1682 compos.
680 1623 778 1684 aeque
797 1621 831 1662 ac
849 1597 1013 1681 sequenter
1030 1596 1089 1656 laos

60 1719 86 1766 et
105 1706 182 1766 illos.
236 1705 312 1766 Non
328 1705 410 1766 bene
426 1705 467 1765 sac
485 1719 622 1766 mutaret
640 1701 816 1766 sermonem
833 1701 928 1764 Mela.
966 1719 989 1760 r.
1008 1715 1090 1758 orto·

63 1827 192 1869 novare.
245 1807 431 1868 Gronovius
450 1806 537 1876 dicit,
563 1807 640 1867 haec
656 1819 687 1867 et
706 1805 814 1868 omnia
832 1801 990 1884 sequentia
1010 1797 1089 1861 rele-

60 1910 148 1970 renda
168 1906 229 1970 esse
252 1907 291 1968 nd
312 1929 453 1992 campos.
479 1909 533 1989 qui
557 1907 753 1990 praecellere,
780 1905 851 1968 acsi
872 1905 980 1966 omnia
996 1903 1090 1962 litora

60 2011 149 2072 esent
174 2011 279 2092 campi
303 2023 336 2072 et
360 2011 609 2072 exundationern
636 2009 755 2072 Oceani
783 2008 998 2068 admitterent.
1055 2003 1090 2066 Si

61 2113 135 2173 alios
152 2111 292 2194 aliosque
313 2113 537 2195 interpretetur
562 2109 665 2174 suisset
687 2111 838 2172 hominen
864 2123 919 2170 aut
943 2105 1090 2189 populos,

62 2213 170 2276 rectiua
193 2214 354 2295 aliquanto
376 2213 510 2276 dixisset.
561 2213 623 2276 Sed
647 2211 790 2296 profecto
808 2213 904 2273 etiam
924 2211 965 2271 fic
984 2221 1090 2269 orator

62 2335 167 2398 pamm
190 2313 298 2376 essrcax
313 2317 364 2375 hic
381 2315 483 2378 noller
503 2313 605 2376 suisset
624 2313 770 2396 scriptor,
807 2311 826 2372 fi
846 2315 880 2373 in
903 2309 1091 2394 explicando

63 2415 177 2478 Oceani
206 2417 289 2477 aestu
316 2417 486 2498 planorum
508 2430 634 2478 tantuna
663 2417 794 2478 litorum
815 2411 931 2476 secisset
954 2413 1093 2474 mentio·

62 2539 130 2580 nem
145 2531 178 2580 et
196 2519 291 2580 totiea
307 2519 394 2578 idem
410 2519 592 2581 inculcaret.
644 2519 731 2580 Dicit
747 2517 912 2580 Oceanum
929 2534 994 2576 raon
1010 2533 1094 2574 cam·

63 2638 114 2699 poa
134 2633 262 2680 tantum
279 2621 445 2690 inundare,
466 2639 570 2702 neque
584 2620 646 2682 alio
663 2621 786 2700 alioque
803 2633 966 2684 terrarum,
993 2615 1094 2676 modo

64 2721 92 2780 in
108 2722 167 2783 hoe
183 2722 283 2782 modo
298 2722 332 2780 in
351 2721 423 2784 illoc
438 2723 575 2804 populor
589 2743 645 2804 per
661 2723 748 2783 nicea
768 2735 800 2782 et
817 2719 899 2801 quali
915 2711 1093 2788 successive,

65 2817 108 2882 led
124 2823 262 2884 simulet
279 2825 393 2904 pariter
410 2825 442 2882 in
464 2827 572 2884 omnia
590 2825 691 2892 litora,
718 2823 945 2906 qualiacunque
961 2820 1096 2879 demum

66 2923 111 2984 illa
132 2925 211 2992 lint,
238 2923 718 3006 impetumsuumconvertere.
772 2921 932 2986 llecteest
952 2937 1028 3004 ergo
1047 2939 1094 2990 ea,
1206 2945 1213 2958 ·
1339 2931 1347 2942 ’

66 3045 155 3106 quam
182 3027 346 3096 dedimus,
377 3027 485 3088 lectio.
536 3047 669 3089 vocarve
694 3028 728 3088 irc
750 3023 924 3106 appendice
944 3021 988 3084 od
1012 3021 1044 3084 lr.
1071 3019 1094 3084 l.

66 3126 109 3186 Mi
130 3127 260 3196 Lector,
299 3127 446 3192 vidistine
476 3141 530 3190 aut
560 3129 659 3214 legilli
690 3129 839 3190 homines
870 3141 925 3186 aut
956 3123 1097 3206 populor

64 3228 232 3290 inundatos
253 3228 292 3290 ab
313 3229 443 3292 Oceano
466 3231 530 3292 fine
549 3251 647 3302 noxa,
682 3244 714 3292 et
736 3231 769 3290 id
794 3227 882 3310 saepe
906 3225 995 3290 fieri?
1047 3221 1098 3288 Ne

66 3351 148 3392 nunc
173 3331 303 3412 quidem
330 3332 419 3392 aliter
442 3330 553 3396 sentio.
605 3333 746 3416 Campos
771 3327 901 3412 exposui
927 3339 1099 3411 praeeunte

68 3431 129 3513 ipso
149 3433 248 3500 lllela,
275 3435 330 3514 qni
351 3433 405 3494 lib.
430 3454 458 3496 r.
480 3453 507 3496 c.
525 3451 559 3519 9.
589 3453 689 3516 quum
712 3429 835 3494 dixisset
853 3431 1038 3516 Aegyptum
1060 3427 1099 3488 ab

68 3537 245 3596 exundante
262 3535 338 3596 Nilo
360 3539 456 3596 ctiam
473 3537 610 3618 irrigari,
636 3555 712 3596 mox
730 3535 807 3595 dicit
828 3533 999 3594 humentes
1019 3548 1101 3590 caru·

69 3653 134 3714 poa.
177 3639 224 3697 lta
241 3655 326 3698 nunc
345 3637 440 3706 Mela,
466 3637 522 3696 ubi
541 3637 689 3718 planitien
705 3635 791 3704 sunt,
815 3633 861 3696 ibi
880 3633 985 3696 scribit
1007 3633 1102 3692 inun-

70 3737 130 3798 dari
152 3757 281 3820 campoa
296 3737 335 3798 ab
350 3738 490 3808 Oceano,
516 3753 548 3800 et
564 3741 695 3820 quidem
715 3757 782 3800 non
799 3737 876 3798 alioa
893 3735 1034 3816 aliosque
1055 3731 1103 3820 in·

71 3839 183 3911 vicem,
208 3841 271 3901 hoc
292 3839 344 3909 eli,
369 3855 406 3900 ut
426 3841 513 3922 priua
530 3842 659 3902 invadat
676 3838 828 3908 Africam,
856 3839 931 3898 inde
953 3833 1102 3918 procedat

71 3941 103 4000 ad
120 3941 313 4023 Hispaniam,
336 3943 403 4022 posi
419 3945 457 4002 ad
474 3941 619 4012 Galliam,
646 3955 682 4002 ut
703 3944 743 4004 lrc
763 3943 867 4024 campi
887 3939 937 4000 vel
955 3938 1103 4020 regiones

71 4045 222 4126 excipiant
245 4043 300 4106 hac
320 4045 425 4118 vicea;
458 4063 561 4125 neque
584 4059 636 4114 ut,
667 4044 723 4102 ubi
747 4043 805 4102 srnt
824 4041 983 4122 oppositae
999 4035 1101 4120 regio·

72 4163 130 4218 nee.
155 4163 243 4208 nunc
260 4145 425 4208 Britannia
442 4148 600 4228 repleatur
621 4145 767 4209 exhaulla
786 4144 896 4212 Gallia,
920 4139 988 4224 post
1004 4138 1103 4200 Gallia
