2894 4948
291 441 354 508 350
510 447 516 468 ¹
590 429 835 490 tourourr
879 431 1043 488 MELAR

290 627 345 690 par
366 607 401 666 in
421 605 539 668 vicinia
562 607 710 688 ponitur,
743 605 830 688 quod
857 603 896 666 ad
917 603 1059 666 nostrum
1080 604 1191 667 locum
1214 622 1337 666 accom·

292 709 418 769 modari
437 703 543 789 poffit.
587 710 635 770 Eo
653 709 749 770 etiam
766 707 926 789 pertinere
943 706 1086 777 videtur,
1108 705 1195 788 quod
1214 706 1340 788 adpeti·

291 823 366 870 tum
390 810 507 892 legitur
529 811 563 870 in
584 809 648 872 tab.
671 809 855 892 Peutioger.
871 823 904 882 7.
921 809 960 869 E.
986 811 1047 869 itoc
1058 803 1182 894 flumen
1204 807 1340 888 nitidam

292 912 364 994 grin
381 923 518 983 vocam
542 911 598 972 atii
613 911 711 972 nilum
729 910 915 990 appelleon
941 909 1152 970 diciturenim
1166 901 1231 999 sub
1252 923 1341 969 terra

291 1026 440 1094 etyopum
457 1013 489 1072 iu
504 1013 601 1072 nilum
619 1014 662 1072 ire
677 1013 790 1074 laeum.
832 1011 925 1072 Forte
945 1011 997 1070 hic
1020 1009 1062 1072 est
1080 1009 1139 1071 Gir
1158 1011 1342 1071 Ptolemaei

292 1125 328 1196 4,
351 1112 384 1178 6.
419 1127 452 1175 et
477 1113 682 1198 Agathemeri
705 1129 736 1184 2.
764 1109 859 1177 ltuf.
893 1115 949 1194 qui
979 1125 1087 1174 tamen
1116 1126 1296 1191 utrumque
1323 1132 1341 1172 a

292 1216 395 1300 Nigro
426 1214 643 1299 distinguunt,
683 1233 757 1276 cum
791 1215 863 1285 atti.
899 1214 1004 1275 veluti
1035 1213 1186 1283 Edrifiue‚
1221 1213 1340 1274 Nilum

292 1318 470 1402 Nigrorum
488 1317 541 1378 vel
557 1314 677 1378 diversa
695 1315 789 1400 Nigri
808 1314 933 1376 brachia
949 1327 1224 1384 commemorent,
1257 1335 1340 1394 quae

292 1419 498 1482 Ptolemaeus
513 1419 547 1478 in
565 1419 724 1501 Nigritem
742 1418 892 1500 paludem
909 1417 1052 1485 deducit,
1077 1417 1175 1497 qualis
1192 1417 1235 1478 ett
1252 1417 1340 1477 Nitts

292 1521 393 1584 Plinii
408 1534 441 1582 et
456 1520 569 1583 Solioi.
608 1520 721 1600 Neque
738 1517 840 1580 [olum
859 1517 974 1578 Nilum
988 1517 1025 1578 ab
1042 1517 1199 1579 Arabihue
1218 1517 1340 1588 vocari,

293 1619 346 1683 sed
370 1635 403 1683 et
424 1622 552 1683 eaedem
575 1622 848 1683 incrementorum
864 1615 1111 1689 viciffitudiuee,
1138 1639 1214 1700 quas
1232 1619 1339 1690 Nilus,

293 1724 430 1804 experiri
454 1723 580 1784 testatur
604 1723 750 1783 Niebuhr
770 1723 850 1782 iiber
872 1721 925 1782 dae
950 1721 1060 1781 iuuere
1081 1741 1148 1781 von
1173 1719 1278 1782 Africa
1305 1723 1339 1781 in

293 1825 369 1886 dem
384 1844 490 1888 neuen
501 1821 673 1886 deutschen
691 1821 839 1884 Museum
856 1843 906 1884 an.
923 1837 1028 1900 1790.
1044 1821 1080 1883 P.
1096 1843 1150 1883 ro.
1163 1843 1196 1903 p.
1209 1837 1285 1901 973
1297 1821 1338 1903 iq.

293 1927 426 1989 Accedit
446 1927 572 1986 Plinius
588 1939 621 2001 5,
639 1939 671 2003 8.
697 1925 752 2006 qui
773 1943 839 1984 non
858 1921 960 1984 solum
981 1923 1042 1984 hoc
1064 1926 1249 1993 confirmat,
1286 1923 1338 1983 [ed

291 2039 325 2090 et
346 2027 472 2088 eaedem
490 2028 609 2107 plantae
624 2041 657 2088 et
672 2029 848 2087 animantes
863 2025 962 2087 addit.
1013 2010 1063 2087 Cf.
1082 2026 1121 2084 de
1139 2025 1202 2087 hoc
1219 2025 1339 2109 Nigro·

251 2211 253 2216 ,
291 2149 364 2190 rum
381 2127 458 2190 Nilo
479 2129 625 2210 pluribus
644 2125 829 2189 disserentes
845 2127 1024 2188 Danviliiue
1041 2128 1074 2186 in
1093 2126 1274 2188 Memoiree
1288 2161 1341 2174 —

292 2231 333 2292 de
355 2229 442 2290 Paria
459 2231 501 2290 Τ.
523 2229 579 2294 26.
598 2249 630 2312 p.
648 2241 733 2308 987.
760 2242 792 2288 et
814 2231 847 2288 iu
866 2229 978 2310 primis
997 2228 1186 2298 Hartmamt,
1214 2228 1340 2290 diversa

293 2334 389 2394 etiam
405 2328 509 2392 curius
528 2332 704 2397 notatione.
727 2331 764 2390 ud
783 2330 897 2389 Edriiii
914 2327 1050 2390 Africam
1068 2351 1099 2411 p.
1117 2346 1173 2392 12.
1198 2343 1231 2390 et
1253 2331 1340 2400 alibi,

291 2447 326 2495 et
343 2452 422 2514 quoe
438 2446 607 2494 memorat.
661 2431 750 2515 Quae
766 2451 840 2492 cum
865 2429 933 2492 satie
956 2432 1093 2512 produnt
1112 2433 1261 2493 nominis
1284 2433 1341 2493 ob·

292 2533 473 2596 scuritatem
498 2547 530 2594 et
556 2532 817 2618 ambiguitatem.
858 2533 880 2592 fi
906 2534 983 2614 quid
1010 2531 1131 2614 potest.¹
1161 2551 1201 2594 ex
1230 2533 1340 2596 Melae

292 2637 400 2698 verbie
423 2637 495 2696 elici
522 2634 628 2698 debet.
680 2636 767 2696 Dicit
797 2647 904 2694 autem
931 2653 997 2696 nou
1027 2635 1089 2696 alio
1120 2633 1166 2693 ibi
1200 2637 1341 2698 nomine

292 2738 407 2800 Nilum
425 2735 528 2798 videri
548 2737 715 2818 adpellari,
742 2736 827 2816 quod
846 2748 952 2796 tamen
973 2735 1008 2796 fit
1030 2749 1228 2816 corruptum.
1278 2738 1343 2820 lgi-

292 2853 344 2900 tur
360 2837 458 2899 subest
475 2851 559 2899 certe
574 2835 676 2918 aliqua
692 2837 835 2898 nominis
853 2835 1036 2906 similitudo,
1063 2837 1212 2918 adquam
1230 2841 1342 2920 proxi.

291 2962 345 3003 me
360 2941 480 3002 iccedit
495 2939 615 3000 Niiuch
630 2939 650 3002 i.
666 2941 776 3020 potius
791 2937 930 3008 Nulunh,
956 2940 1028 3019 quia
1044 2939 1079 2998 in
1101 2959 1120 2998 u
1138 2957 1254 3000 omnes
1270 2938 1340 3002 fere

292 3042 506 3104 consentiunt.
561 3039 638 3102 Non
658 3043 747 3102 enim
762 3039 940 3120 quaeritur,
962 3059 1002 3100 an
1018 3039 1102 3100 Mela
1116 3038 1178 3120 ipse
1196 3041 1262 3102 hoc
1278 3061 1341 3104 no·

292 3163 369 3204 meu
392 3141 567 3213 effinxerit,
595 3144 642 3202 uti
659 3155 749 3223 putat
770 3139 867 3202 Faber
884 3139 964 3202 iiber
983 3141 1046 3201 den
1064 3140 1179 3203 Orieut
1203 3143 1279 3202 Vol.
1302 3159 1338 3206 Ω.

292 3265 323 3328 p.
343 3259 424 3320 225.
455 3241 506 3303 ied
525 3231 689 3324 quomodo
704 3241 742 3302 ab
759 3242 863 3302 tuetae
879 3262 975 3302 manu
996 3243 1160 3323 prodierit.
1193 3243 1340 3305 Retinui

293 3347 443 3426 equidem
465 3343 610 3414 Nulucln
640 3345 740 3405 need
765 3363 862 3423 aeque
884 3345 1004 3405 incerta
1028 3364 1103 3404 eum
1126 3344 1338 3411 deducerem.

293 3449 392 3530 Quod
416 3442 537 3507 Voss'tue
561 3446 685 3506 mavult
708 3445 841 3514 accolis,
868 3444 999 3506 nonest
1024 3444 1161 3513 neceiie.
1194 3465 1272 3506 cum
1297 3449 1339 3508 ad

291 3549 465 3630 Aethiopas
486 3545 585 3629 ipsos,
619 3547 760 3630 regionis
784 3547 871 3607 illiue
894 3547 1027 3615 incolae.
1063 3549 1198 3607 omnino
1223 3546 1340 3610 referri

293 3650 465 3710 commode
490 3643 602 3730 polin,
636 3648 690 3710 etti
709 3661 741 3709 et
758 3647 883 3708 acceiae
897 3648 979 3730 apud
999 3647 1146 3709 Oroirum
1167 3661 1200 3708 et
1217 3649 1340 3712 Bocca-

292 3753 376 3812 tium
394 3750 476 3810 bene
497 3749 604 3812 habet.
638 3749 701 3810 Pro
715 3749 833 3809 dicitur
848 3751 945 3811 Vatic.
965 3763 997 3826 5.
1022 3749 1117 3811 habet
1131 3749 1207 3812 dici.
1244 3753 1339 3815 Tum

293 3853 443 3918 Ciaccoo.
468 3861 501 3912 ec
520 3851 622 3912 videri
638 3849 742 3944 potest
763 3871 847 3910 meuc
868 3851 932 3912 olio
952 3852 1087 3913 nornine.

369 4053 615 4136 corruptus)
666 4055 713 4116 lta
728 4054 853 4114 codices
871 4067 903 4114 et
920 4055 1065 4135 antiquae
1081 4054 1242 4117 editiones
1259 4075 1336 4118 cum

294 4173 326 4232 7.
352 4169 385 4237 3.
407 4155 479 4218 ΔΜ.
504 4168 537 4218 et
561 4158 647 4219 lunt.
691 4154 763 4218 Post
785 4155 858 4218 edd.
882 4169 914 4234 3.
939 4168 973 4236 4.
1000 4169 1033 4234 5.
1059 4157 1093 4222 6.
1118 4177 1172 4219 to.
1196 4165 1338 4221 11.12.'
