2792 4940
331 427 389 496 ²78
638 411 882 472 rourourr
915 409 1076 472 aretae

328 591 426 653 nimie
460 589 497 651 iit
532 585 732 659 violentum,
770 585 924 671 posteriue
953 587 1010 650 rix
1042 587 1236 651 medicinam
1269 585 1377 661 feram

330 694 429 754 tutiua
455 690 513 762 eli,
546 689 710 773 vulgatam
742 691 917 752 lectionem
942 691 1096 762 retinere,
1132 689 1170 752 lic
1196 703 1231 751 ut
1256 703 1378 752 tanren

327 796 403 855 litus
423 807 513 854 antea
536 791 684 852 relietum
705 790 859 873 respiciat.
920 790 1034 874 Neque
1055 811 1135 854 vero
1159 793 1213 853 rel
1236 791 1277 857 stc
1298 791 1378 854 satie

326 909 467 958 accurate
497 895 657 974 loquitur,
699 909 774 953 cum
796 906 829 954 et
854 912 940 956 mare
967 893 1108 980 adtigille
1135 894 1205 955 illoe
1234 908 1379 955 montes

325 997 453 1060 aliunde
469 994 596 1062 constet.
612 995 653 1056 de
667 1013 732 1076 quo
749 995 818 1058 Vol.
836 1010 869 1058 Ω.
901 997 948 1056 lta
961 984 1087 1056 veroin
1104 995 1237 1056 Horatio
1260 1014 1291 1056 ι.
1318 996 1378 1057 od.

331 1113 386 1178 17.
414 1108 460 1178 14
476 1095 518 1178 lq.
540 1095 613 1158 dinc
632 1109 666 1158 et
683 1096 737 1157 lu'c
761 1115 904 1159 connexa
922 1097 1092 1183 leguntur3
1118 1096 1197 1159 olim
1217 1097 1378 1178 quidem.

399 1299 558 1372 Pelion,
587 1298 618 1361 0
619 1288 647 1391 J
641 1288 672 1390 s
671 1321 692 1368 a
700 1297 719 1382 )
768 1299 903 1382 Vtrique
924 1301 1053 1362 nomini
1070 1299 1203 1362 Mediol.
1226 1297 1321 1363 Voff.
1349 1320 1380 1364 ι.

328 1417 361 1484 3.
384 1415 417 1480 5.
452 1400 561 1464 Cibin.
589 1398 707 1464 Zalulc.
733 1401 818 1464 Gud.
842 1399 937 1465 Parii.
958 1415 991 1481 5.
1021 1401 1194 1486 Rehdiger.
1220 1401 1382 1466 vindob.

324 1505 532 1587 praemittunt
545 1502 605 1572 dic,
630 1502 718 1582 qtmd
733 1505 830 1562 etiam
845 1503 987 1564 Vaticani
1005 1501 1106 1564 fecilie
1121 1504 1275 1563 videntur
1290 1523 1382 1564 cum

325 1607 431 1668 Haru.
446 1619 478 1665 et
493 1605 605 1665 Venet.
634 1601 703 1664 Nec
715 1603 804 1664 aliter
820 1605 974 1666 editiones
991 1623 1103 1666 omues
1118 1618 1191 1664 anre
1205 1599 1385 1677 Voll'tum.

325 1709 382 1788 qui
403 1726 441 1768 ex
461 1719 592 1786 utraque
613 1702 683 1764 sede
701 1705 834 1788 expulit.
886 1704 1096 1768 Adsenserunt
1116 1705 1276 1766 Gronovii
1303 1709 1385 1767 alii-2

284 1809 293 1826 '
323 1828 396 1889 que.
416 1825 425 1848 ¹
449 1806 649 1868 Defideratur
673 1807 707 1866 in
736 1805 820 1888 Lipl.
840 1805 937 1870 Parii.
961 1829 990 1870 1.
1016 1824 1046 1868 e.
1068 1807 1199 1887 aliisque
1221 1807 1260 1868 A.
1285 1807 1385 1871 Gro-

324 1909 427 1970 novii.
477 1911 565 1968 Turn
587 1907 695 1969 Cibin.
723 1907 817 1990 Prag.
844 1907 977 1990 Pelyon.
1008 1907 1060 1968 hic
1087 1909 1183 1968 etiarn
1212 1917 1244 1966 et
1272 1902 1385 1998 Offa.

325 2027 530 2072 reseravere.
582 2003 634 2071 To*
658 2009 712 2070 laic
734 2012 829 2070 toties
854 2011 1029 2091 repetitum
1053 2010 1232 2069 delevimus
1258 2026 1385 2072 aucto«

322 2114 414 2172 ritate
436 2111 610 2170 meliorum
630 2109 801 2179 librorum,
828 2129 867 2171 ex
883 2131 1019 2192 quorum
1036 2111 1097 2171 fide
1114 2110 1214 2170 multa
1233 2129 1385 2194 quoque

323 2213 381 2272 alia
400 2213 523 2271 minuta
539 2211 751 2281 correximus,
779 2230 916 2294 quorum
940 2211 1095 2295 sigillatim
1112 2211 1273 2272 rationem
1298 2217 1385 2276 red«

325 2314 399 2374 dete
416 2331 484 2373 uon
505 2313 617 2372 lectori
634 2313 757 2380 minus.
784 2331 878 2392 quam
893 2311 988 2374 nobis
1004 2313 1039 2372 fit
1058 2309 1205 2372 futurum
1223 2309 1385 2378 fastidio.

324 2433 466 2476 vossrve.
536 2412 645 2476 Probo
679 2414 846 2493 particulae
880 2409 1101 2481 omiffionem⁹
1140 2433 1218 2494 quae
1252 2417 1385 2480 minue

324 2515 533 2576 commodum
548 2515 582 2573 in
600 2513 656 2572 hnc
672 2509 742 2572 sede
758 2513 867 2575 locum
883 2527 1026 2596 occupet,
1053 2515 1126 2594 quia
1142 2533 1208 2575 non
1225 2513 1385 2588 diuersa¹

322 2619 372 2676 uti
399 2613 483 2698 poli,
519 2613 697 2699 saugulatim
726 2613 906 2700 distinguit,
940 2613 992 2678 led
1017 2616 1129 2678 eadem
1157 2613 1249 2675 stmul
1278 2636 1385 2680 com·

320 2717 482 2807 plectitur.

391 2907 547 3008 fabula
572 2915 780 3002 belloque)
831 2917 948 2982 Zalusc.
961 2910 1063 3009 fama
1084 2917 1241 2980 bellantur.
1285 2917 1385 2988 Pon

320 3020 393 3082 edd.
410 3037 445 3098 9.
469 3031 522 3096 ¹3·
545 3020 620 3079 hinc
638 3011 826 3109 Musarum
852 3021 991 3083 Vindob.
1013 3019 1127 3081 domus
1149 3017 1264 3082 omisso
1285 3043 1385 3103 quea

320 3119 427 3183 Cibin.
449 3121 608 3200 pyerr'am3
634 3121 807 3204 Rehdiger.
831 3123 957 3204 pyert'a3
983 3121 1124 3183 Vindob'.
1147 3132 1345 3186 carentum.

357 3395 359 3406 μ
394 3320 519 3382 Graio
541 3319 740 3404 Herculi)
771 3321 1033 3386 Vatic.Paril.1.
1059 3319 1142 3404 Lips.
1167 3321 1252 3383 Gud.
1270 3323 1385 3388 Reh«

226 3409 227 3414 ¹
318 3421 417 3505 diger.
441 3421 581 3483 Vintlob.
606 3441 679 3482 curn
706 3424 780 3486 edd.
808 3443 837 3487 1.
867 3441 897 3486 e.
921 3437 954 3503 3.
980 3435 1015 3502 4.
1042 3435 1076 3500 5.
1100 3439 1134 3502 9.
1165 3443 1218 3484 rr.
1239 3441 1385 3502 grato,i

316 3519 413 3586 Paris.
440 3541 470 3584 2.
497 3522 605 3584 Cibin.
642 3523 748 3585 Havn.
781 3523 874 3608 Prag.
907 3537 1052 3604 gratum
1091 3526 1204 3586 Venet.
1234 3523 1385 3594 Grae-ol

253 3633 255 3644 '
316 3623 379 3684 Sed
401 3624 464 3684 iam
481 3625 562 3684 olim
575 3637 659 3684 recte
674 3625 863 3688 Hermolaus
881 3627 1072 3686 mutandum
1090 3627 1172 3684 vidit
1188 3627 1222 3684 in
1243 3623 1385 3704 Graio.

314 3724 364 3782 uti
383 3723 459 3784 hinc
477 3739 666 3806 receperunt
685 3726 758 3788 edd.
778 3727 811 3789 6.
828 3741 860 3800 7.
878 3737 911 3802 8.
936 3747 990 3788 to.
1014 3743 1068 3788 ια.
1090 3739 1144 3805 13.
1167 3739 1200 3787 et
1223 3724 1385 3806 sequen*

315 3835 373 3886 tea.
421 3824 548 3906 Nempe
570 3827 664 3884 multi
689 3823 818 3887 fuerunt
846 3827 1015 3898 Herculea,
1045 3841 1082 3887 ut
1104 3847 1142 3889 ex
1166 3828 1385 3900 auctoribus

313 3923 441 3986 coullat.
482 3925 604 3986 Eadem
620 3945 698 3987 vero
715 3941 748 3986 et
764 3927 836 3986 alibi
854 3931 990 3989 mutatio
1007 3939 1289 3996 commemoratur,
1326 3933 1385 4002 de

310 4043 370 4104 qua
386 4025 452 4086 vid.
470 4024 579 4090 Heius.
597 4028 636 4086 ad
651 4027 815 4090 claudian.
833 4028 873 4090 de
885 4027 1013 4091 Consul.
1039 4027 1174 4092 Probini
1189 4043 1221 4088 et
1237 4028 1385 4108 Olybr.

311 4145 343 4188 v.
373 4138 454 4206 193.
477 4127 523 4188 arl‘
542 4125 642 4190 Ovid.
667 4127 797 4190 Metam.
817 4139 851 4208 4.
880 4142 963 4210 537.
997 4130 1035 4192 ad
1061 4129 1138 4191 Fall.
1166 4141 1198 4207 5.
1224 4141 1258 4208 8.
1301 4135 1385 4202 ubl
