2810 4944
350 475 438 531 trs.
467 477 504 530 rr.
555 473 588 532 c.
609 477 662 536 vr.
704 473 729 544 t·
755 493 785 550 9·
1027 483 1087 554 459

77 645 218 708 Salmasius
246 643 303 736 [ad
328 649 430 712 Solin.
453 669 480 713 a.
506 663 565 720 27.
588 647 610 710 s.
635 656 694 730 alp.
718 669 750 732 p.
775 669 821 712 m.
851 645 955 737 204]
996 649 1089 730 Tingi

77 747 169 810 altera.
206 751 296 832 Quae
311 751 405 811 lectio
420 751 550 831 quidem
566 771 713 836 magnam
734 751 828 812 habet
846 749 990 832 speciem,
1013 765 1088 812 atta-

77 860 138 908 men
155 871 222 910 vera
237 871 302 912 non
318 851 371 914 eil.
424 851 507 912 Nam
528 853 614 934 quod
633 855 719 923 dicit,
746 853 776 912 id
794 855 1025 934 accipiendum,
1051 865 1088 914 ut

77 949 160 1009 altero
188 953 344 1032 Pergama
375 955 457 1034 apud
486 954 670 1037 Virgilium,
697 951 797 1042 [Aen.
825 967 856 1032 5,
881 949 961 1038 87.]
990 957 1022 1015 in
1047 973 1087 1016 eo

76 1046 143 1134 lngit
164 1053 250 1114 illum
267 1055 358 1116 ratio.
412 1053 494 1114 Nam
511 1057 581 1136 quis
598 1055 729 1116 hicnon
747 1055 891 1140 agnoscat
909 1057 1090 1116 tralatirum

76 1149 209 1232 loquendi
230 1177 330 1240 genus
352 1155 589 1216 alinrilitudine
610 1157 656 1217 rei
679 1155 885 1218 dehtnrtunr‘l
936 1159 1043 1240 ltaque
1067 1156 1088 1215 u

75 1256 132 1331 quis
148 1255 379 1317 Narbonensem
402 1259 599 1338 provinciam
620 1271 715 1318 vocet
734 1259 860 1320 alteram
879 1259 1011 1328 ltaliam,
1035 1271 1090 1318 aut

77 1353 184 1416 Naxum
206 1357 340 1418 insulam
366 1360 493 1420 alteram
518 1359 653 1442 appellet
681 1361 839 1426 Siciliam,
874 1371 926 1418 aut
951 1361 1089 1440 denique

74 1461 213 1537 antiquam
241 1457 405 1520 tttassrtinn
436 1463 544 1522 alteras
567 1461 679 1521 dixerit
704 1461 860 1528 Athenas,
894 1445 920 1520 is
948 1477 1031 1522 recte
1057 1473 1091 1522 et

76 1561 183 1639 proprie
206 1564 370 1642 loquetur,
407 1577 571 1644 propterea
592 1563 675 1643 quod
698 1561 750 1622 hic
775 1561 809 1620 stt
836 1563 1008 1622 similitudo
1031 1563 1089 1632 rei,

75 1678 129 1718 uon
151 1665 301 1724 nominis.
353 1667 393 1726 At
411 1685 484 1726 vero
503 1665 524 1724 fi
547 1665 688 1724 nominis
705 1677 830 1724 tontum
848 1663 880 1722 lu
898 1667 1090 1724 couvenien-

76 1761 123 1826 lla,
146 1765 204 1834 uti,
234 1765 345 1844 liquis
365 1748 589 1850 Carthaginem
616 1787 749 1834 novam,
776 1765 904 1824 alteram
927 1765 1090 1848 Carthagi·

76 1879 146 1932 aem,
170 1880 220 1925 aut
240 1865 381 1928 Athenas
403 1870 435 1926 in
454 1867 562 1946 Libya,
589 1867 697 1928 alteras
716 1865 864 1934 Athenas,
891 1881 943 1926 aut
967 1865 1022 1926 has
1038 1865 1091 1926 vel

75 1961 129 2023 illas
142 1967 274 2036 Thebas,
302 1969 410 2028 alteras
435 1966 575 2030 absolute
590 1967 718 2028 Thebas
736 1969 866 2034 vocarit,
892 1969 917 2027 is
942 1985 1008 2026 non
1024 1981 1091 2026 tan·

75 2075 130 2124 turn
152 2069 360 2150 ineleganter,
383 2067 449 2130 ‘sed
478 2089 537 2132 nec
568 2069 679 2132 usitato
709 2089 799 2130 more
831 2069 988 2149 loquetur.
1051 2071 1090 2128 lu

75 2161 265 2248 homonymis
287 2171 355 2233 talis
376 2171 561 2252 metaphora
584 2171 690 2232 locum
707 2191 773 2232 non
795 2169 900 2232 habet.
936 2171 1089 2239 Alterum,

77 2270 144 2344 quod
166 2273 254 2332 affert
276 2273 478 2354 exemplum,
505 2273 537 2332 id
556 2273 702 2333 fictitium
719 2271 772 2334 est.
809 2271 916 2334 Nemo
933 2273 1091 2333 Salamiua

76 2367 103 2426 ln
122 2371 222 2454 Cypro
250 2375 378 2433 alteram
401 2375 530 2448 vocavit
558 2375 726 2436 Salamina.
778 2373 948 2434 Videamus
973 2375 1090 2453 itaque,

77 2487 106 2527 an
126 2473 203 2534 aliud
236 2477 331 2534 lateat
356 2475 560 2536 vrrcabulum.
617 2475 725 2537 Codex
752 2473 969 2540 Britannicus,
1001 2476 1091 2536 cuius

76 2569 183 2636 uiuram
205 2575 310 2636 debeo
335 2577 494 2637 avrrnculo
517 2577 633 2646 lunio,
666 2575 826 2660 legit‘hoc
847 2576 918 2638 loco
944 2575 1090 2654 Tingeta·
1208 2610 1214 2627 ·

75 2691 146 2736 nan.
196 2677 350 2758 Optimus
382 2677 486 2738 noller
521 2677 732 2758 Tiugeutcria.
783 2677 864 2736 Dico
891 2675 1091 2736 scribendum

77 2774 124 2832 elle
146 2777 241 2858 Tinge
265 2779 421 2839 Cetroria.
474 2779 551 2839 lulia
571 2781 652 2848 lora,
680 2779 757 2838 lulia
770 2778 925 2838 Traducta
944 2791 974 2836 et
991 2777 1091 2858 Tingi

75 2873 195 2939 Cetraria
213 2880 310 2940 unius
330 2880 439 2960 oppidi
456 2877 526 2940 lrrnt
540 2881 743 2962 cognomina.
780 2879 970 2938 Traductam
986 2877 1092 2938 Cetra·

75 2977 139 3036 riam
158 2995 252 3042 vocat
269 2981 477 3064 Geograpbus
499 2983 682 3049 llarennas,
706 2973 760 3064 [4,
779 2990 838 3057 [po.
857 2973 901 3064 h]
928 2980 1016 3038 cuius
1039 2977 1093 3037 ali·

76 3083 185 3156 quoties
202 3081 335 3144 lecimus
352 3083 561 3150 mentionem,
586 3079 737 3150 Salduba,
759 3081 921 3148 Maliane,
951 3079 1091 3148 Carteia,

79 3179 266 3244 Tranrdncta
286 3185 424 3252 Cetraia,
446 3183 607 3250 Mellaria,
623 3183 734 3244 Belou.
769 3181 867 3242 Paulo
884 3180 949 3262 poll
974 3179 1023 3258 [5.
1040 3183 1091 3262 4.]

75 3281 203 3366 relegens
224 3305 294 3346 oras
319 3283 484 3367 Hispaniae
509 3285 651 3344 similiter
671 3283 899 3344 Transductam
920 3281 1093 3344 Canariam

76 3399 167 3446 rorat.
203 3385 320 3446 Iuliam
337 3387 446 3446 lazaru
466 3387 553 3446 irlem
570 3385 629 3447 elle
644 3385 792 3452 Poenico,
819 3383 904 3464 quod
931 3381 1094 3442 Traducta

77 3479 201 3556 Latinis,
244 3489 365 3568 optime
398 3485 534 3547 ostendit
562 3485 750 3554 homiuum,
780 3497 937 3566 quotquot
965 3485 1093 3554 vivum,

78 3581 272 3656 doctillrrnus,
298 3587 484 3650 llochartus.
516 3585 569 3675 [in
587 3587 734 3649 Clranaau
759 3603 789 3656 t,
814 3579 892 3670 alp]
934 3585 1096 3646 Cetrorioe

77 3703 185 3748 nornen
203 3689 263 3751 elle
278 3709 294 3750 a
314 3691 404 3751 cenis
420 3709 516 3751 nemo
532 3709 597 3750 non
614 3689 731 3750 videat.
765 3689 855 3768 Apud
874 3687 1094 3747 Ptolemaeum

80 3779 126 3870 [4,
156 3787 206 3878 r.]
239 3793 315 3852 latet
339 3793 429 3852 ulcus
455 3793 488 3850 in
515 3792 648 3852 nomine
674 3789 787 3872 Tingis
815 3789 891 3848 huic
924 3787 1094 3870 oppositae.

79 3885 150 3950 Nam
166 3913 229 3972 qno
245 3893 325 3978 apud
341 3891 441 3974 ipsum
456 3893 572 3974 legitur
587 3893 657 3954 loco
673 3885 783 3973 Τίγγις
800 3884 817 3974 ἦ
834 3881 888 3951 nal
904 3882 1094 3976 Καισάρεια,
1210 3929 1215 3944 .

80 3992 132 4060 rel,
147 3997 193 4052 uti
210 3995 327 4054 habent
341 4013 436 4054 manu
453 3995 566 4054 exarati
583 3993 667 4062 libri,
681 3990 795 4076 Τι’γγις
809 3985 982 4078 Kotodpro,
993 3991 1096 4050 omni·

80 4109 115 4150 no
135 4093 328 4158 scribendum
352 4095 394 4156 eil
414 4093 528 4179 Τίγγις
545 4090 740 4182 liatrpapla.
791 4093 824 4154 Si
847 4093 945 4176 Tingi
966 4091 1018 4152 illa
1038 4111 1096 4152 uu·

79 4209 160 4271 quam
182 4199 263 4260 dicta
290 4195 396 4261 suillet
427 4195 591 4270 Caesarea,
624 4199 688 4257 iam
721 4208 753 4258 et
776 4195 947 4279 Tingitana
970 4211 1096 4274 quoqne
