2814 4946
318 403 381 481 6⁶ss
618 403 861 462 rostrotm
896 403 1064 462 MELAB

321 581 356 644 in
376 577 484 640 nunris
508 573 724 660 itequeutarur
752 579 992 645 Μεσσανιον
1015 593 1047 643 et
1069 577 1200 648 srmllia.
1237 575 1276 639 de
1296 577 1356 657 qul·

323 682 386 744 bue
402 681 469 742 vid.
487 679 616 744 Cluver.
641 685 674 744 in
690 683 795 745 Sicilia
819 695 883 743 ant.
909 704 936 750 r.
956 684 990 746 6.
1012 703 1044 764 p.
1065 693 1126 761 δι.
1181 681 1307 743 Carrera
1328 680 1357 736 iu

327 781 481 864 disquisit.
509 781 548 843 de
575 781 727 846 numism.
751 781 880 845 Mettan.
904 791 936 864 p.
955 795 990 864 4.
1018 783 1073 864 (in
1089 779 1172 843 thes.
1188 781 1273 844 sicit.
1293 779 1355 839 Vol.

332 885 414 968 ιο.)
452 883 566 946 Paruta
588 886 620 944 in
642 883 885 946 numismatibus
903 883 1034 948 lllellarr.
1062 899 1094 946 et
1118 903 1199 965 quae
1223 881 1358 961 conlege-

328 1000 406 1049 runt
429 984 547 1046 llasche
570 985 603 1046 in
631 987 705 1048 Lex.
728 1007 818 1050 nurn.
842 965 883 1048 ll.
905 999 937 1065 3.
962 988 999 1049 1³.
1027 1007 1059 1050 a.
1088 1007 1123 1068 p.
1146 995 1220 1063 473
1237 981 1298 1062 sqq.
1331 993 1359 1039 er

330 1085 456 1150 Eclthel
487 1088 521 1148 in
554 1089 695 1172 doctrina
731 1107 860 1150 outuor.
890 1087 927 1149 P.
957 1109 987 1152 r.
1023 1089 1096 1150 Vol.
1125 1108 1155 1146 a.
1179 1107 1210 1167 p.
1237 1079 1357 1160 tzaulq.

330 1189 423 1250 Idem
446 1189 540 1249 dotet
560 1191 657 1250 etiam
682 1179 836 1278 Meffalae
856 1207 994 1260 nornen,
1030 1190 1116 1270 quod
1141 1197 1267 1266 suapte
1289 1183 1358 1241 urhe

277 1353 280 1360 Δ
330 1289 471 1350 inditum
487 1303 560 1360 erat.
588 1291 742 1352 nimirum
760 1291 831 1352 uin
848 1291 860 1350 l
881 1305 1014 1360 mutato.
1039 1291 1089 1352 uri
1105 1289 1237 1349 tradunt
1253 1287 1359 1346 Seneca

333 1391 374 1452 de
396 1391 551 1452 brevitate
566 1391 651 1452 vitre
673 1411 739 1474 cap.
759 1405 812 1470 13.
839 1405 871 1452 et
892 1391 1076 1454 Macrobius
1097 1388 1256 1453 Saturusl.
1283 1407 1308 1452 t,
1329 1383 1357 1445 6.

333 1485 515 1580 Meffananr
538 1491 657 1553 habent
681 1494 820 1574 denique
842 1494 954 1574 reliqui
981 1493 1056 1554 libri
1082 1510 1211 1554 omnes.
1251 1487 1358 1546 Eadem

229 1603 234 1622 ·
333 1605 440 1654 tamen
464 1595 594 1655 variatio
619 1591 802 1656 observatur
824 1596 919 1654 etiam
944 1596 979 1654 in
1001 1595 1081 1656 Silio
1106 1593 1179 1654 Ital.
1209 1601 1261 1667 14.
1289 1593 1356 1663 194·

332 1706 367 1756 et
388 1695 552 1754 Lactantio
574 1715 602 1764 ι.
624 1712 677 1765 tt.
696 1709 754 1773 33.
789 1695 846 1755 ulti
863 1697 928 1758 rid.
944 1708 1052 1758 notata
1072 1695 1185 1756 aviris
1199 1691 1312 1758 doctis,
1332 1696 1359 1744 tt

333 1795 491 1879 Rogerius
512 1795 551 1856 ad
571 1795 719 1860 Ciceron.
739 1797 861 1861 Verrin.
880 1810 914 1876 3.
940 1798 974 1862 6.

414 1977 723 2062 Tauromsuium
733 1999 752 2082 )
785 1998 879 2063 Paris.
896 2015 930 2065 st.
951 2000 1174 2074 Turomr'rmm3
1197 1993 1354 2076 uehdtger·

334 2097 428 2182 Pug.
459 2100 738 2174 Tlrauromerrium,·
773 2105 887 2184 reliqui
915 2122 1028 2166 omnes
1051 2105 1149 2165 etiam
1176 2090 1355 2162 Gronorianl

340 2201 597 2272 Tauromenium,
630 2205 715 2284 quod
737 2206 857 2286 recepit
880 2208 1003 2286 primus
1025 2205 1218 2265 Reiuoldiua
1240 2211 1270 2260 et
1292 2193 1353 2254 inde

336 2299 376 2362 ab
398 2302 448 2362 erl.
473 2313 534 2381 44.
555 2304 622 2374 alii,
655 2323 729 2365 cum
758 2318 848 2366 autea
876 2326 989 2368 omnes
1018 2304 1191 2367 scriberent
1216 2291 1354 2361 Tauroni·

336 2403 441 2473 nium,
475 2421 618 2485 proquo
641 2407 742 2484 ed.9.
767 2407 864 2468 habet
889 2408 1123 2469 Tourorrrirrurrr.
1165 2412 1352 2468 rzscuvcttss·

337 2501 415 2564 Non
450 2507 565 2576 video.
604 2525 661 2567 cur
686 2507 877 2570 Hermolaus
913 2508 1147 2569 Tauromtntum
1175 2497 1351 2589 pronuntiet.

337 2623 406 2665 nou
432 2605 680 2670 Tauromenium.
721 2627 920 2672 murmure.
971 2610 1096 2670 Plinius
1115 2623 1147 2687 5.
1172 2621 1206 2685 8.
1230 2598 1270 2689 [s
1289 2586 1350 2676 14]

341 2705 590 2769 Tauromenium.
624 2708 735 2772 Strabo
750 2711 807 2773 lib.
826 2712 858 2773 6.
881 2730 912 2792 p.
933 2712 1017 2774 266.
1037 2707 1119 2786 268.
1143 2709 1186 2790 [s.
1208 2729 1238 2789 p.
1266 2693 1351 2776 mil

337 2805 569 2897 Ταυρομένιον,
599 2823 631 2870 et
652 2814 779 2873 nummi
807 2813 1142 2899 Taopoprrtrav.
1185 2831 1217 2871 Α.
1243 2815 1353 2865 osoro-

338 2927 427 2972 vtvs.
479 2913 569 2974 Idem
592 2911 758 2994 scripturae
778 2915 897 2976 vitium
920 2913 1081 2974 obfidebat
1105 2913 1185 2974 olim
1209 2909 1352 2969 Lucanum

337 3019 372 3088 4.
397 3013 482 3092 461.
516 3013 601 3075 unde
638 3012 759 3074 sustulit
792 3015 1058 3096 Oudendorpius‚
1095 3027 1127 3074 et
1157 3029 1244 3074 nunc
1272 3002 1353 3065 eliam

338 3109 461 3173 obfidet
479 3112 668 3176 Ciceronem
687 3117 719 3176 in
733 3115 891 3186 verrinis,
916 3116 1016 3176 veluti
1032 3129 1065 3183 2.
1083 3115 1141 3177 66.
1166 3129 1200 3191 3.
1217 3112 1248 3174 6.
1279 3095 1351 3184 quud

337 3215 536 3294 reliquerunt
564 3217 637 3278 edd.
663 3217 797 3279 Emestii
825 3232 857 3278 et
888 3217 1078 3299 Bipoutiua‚
1121 3213 1174 3276 sed
1195 3231 1234 3276 ex
1257 3203 1350 3267 codice

337 3311 531 3397 Huydecop.
561 3319 745 3379 emendavit
769 3319 943 3381 Burmann.
966 3320 1006 3380 ad
1032 3317 1185 3380 Dorrillii
1210 3307 1303 3376 sicula
1322 3301 1350 3358 51¹

339 3415 493 3478 addendis
515 3439 547 3498 p.
566 3417 609 3482 61
623 3441 650 3481 ι.
688 3421 740 3482 Sic
757 3422 845 3503 peri
868 3421 955 3482 dedit
975 3419 1185 3500 Harercamp.
1208 3417 1241 3474 in
1256 3400 1350 3470 Orosro

339 3529 374 3594 5,
394 3535 428 3596 9.
450 3537 481 3599 p.
503 3533 585 3597 507.
612 3533 645 3600 et
667 3521 699 3590 6.
721 3533 772 3600 rg.
789 3523 810 3584 s.
846 3523 1019 3583 Torrenius
1038 3524 1073 3581 in
1101 3519 1207 3582 Valer.
1226 3511 1303 3574 Max·
1321 3513 1348 3566 2,

341 3634 374 3696 7,
398 3633 431 3698 3.
461 3619 515 3680 ubi
537 3621 699 3704 utriusque
722 3621 889 3704 scripturae
908 3622 999 3683 dedit
1018 3621 1179 3702 exempla,
1203 3631 1235 3680 et
1255 3599 1349 3693 paffiffl

339 3720 405 3783 alii.
455 3723 554 3784 Ileete
588 3743 666 3786 vero
699 3725 737 3786 A.
767 3724 950 3785 Gronovius
982 3731 1088 3782 tuetur
1118 3709 1346 3782 Tauromenium·

338 3823 385 3883 Ita
401 3845 517 3906 nempe
540 3824 650 3886 Graeci
672 3839 830 3895 auctores.
864 3825 972 3887 miuus
988 3825 1021 3884 in
1038 3825 1086 3884 his
1102 3821 1254 3904 corrupti.
1277 3810 1349 3869 TW

339 3921 493 4013 pops'vrov.
532 3928 695 3988 Accedunt
711 3927 812 3997 nunti,
840 3925 1011 4006 dequibus
1031 3925 1171 3986 adeundi
1187 3907 1346 3983 Menesttlfl¹

337 4027 371 4087 in
393 4029 555 4090 medailles
572 4027 721 4089 illustre'es
738 4047 768 4108 p.
788 4045 822 4105 9.
850 4013 1087 4110 Havereampus
1109 4025 1142 4084 in
1163 4021 1345 4086 commenias·

336 4129 373 4192 in
396 4133 529 4192 Parutae
558 4125 707 4190 numism.
741 4130 1011 4191 Tauromenitana
1033 4149 1066 4212 p.
1088 4127 1173 4203 607.
1208 4123 1257 4205 (in
1280 4099 1342 4173 ihil·
