2880 4940
363 417 453 480 tto
481 419 534 476 111.
578 417 612 476 C.
636 417 714 478 vm.
755 415 857 488 §.ro-
1071 421 1134 488 ³⁰⁹

86 589 173 654 atem
193 583 334 679 deflexit,
361 604 458 674 negot
468 583 509 684 se
530 591 659 656 ulterius
673 605 802 672 portum
824 599 883 650 ortt
899 586 1032 649 oliorum
1050 581 1132 645 loeo·

90 715 163 756 rum
188 685 427 785 descriptionem
451 691 583 766 tatere.
612 693 699 778 quod
723 693 886 774 incognito
906 685 991 780 sint.
1044 685 1132 747 Haec
1253 777 1254 782 η

89 794 217 860 Strabo.
269 795 371 858 Cuiue
387 797 542 877 interpres
563 796 781 880 promunturii
797 813 917 856 nomen
933 789 1046 852 Latine
1062 807 1132 850 ver·

88 909 165 960 tene
190 893 297 988 Austri
318 917 415 958 correo
435 899 591 970 reddidit,
623 917 691 960 non
714 909 811 960 reete.
884 891 1037 956 Meminit
1061 890 1133 951 eine

87 999 307 1082 promontorii
330 1012 362 1060 et
383 999 586 1064 Ptolemaeus
610 993 667 1087 [4.
689 993 744 1085 7.]
772 999 923 1059 ultimum
944 994 1026 1056 bene
1048 991 1133 1053 illius

90 1119 168 1162 oree
184 1114 217 1162 et
237 1097 302 1182 ipie
326 1097 462 1174 incienet
495 1103 586 1164 cuiue
610 1103 706 1164 etiam
727 1103 883 1182 interpres
909 1115 976 1160 non
1000 1091 1132 1164 feticius.

89 1221 188 1283 quem
212 1201 266 1264 ille
286 1202 467 1272 Strabonis.
508 1185 594 1266 Noti
616 1224 713 1265 romu
735 1201 905 1264 transtulit.
968 1196 1134 1258 Praeterea

91 1303 249 1366 ultimum
264 1303 350 1366 Altae
371 1309 633 1386 promuntorium
650 1303 710 1368 elie
724 1305 818 1366 Noto
834 1301 898 1364 live
912 1296 1018 1390 Austri
1035 1296 1135 1358 Gerus
1252 1311 1254 1316 ’
1360 1379 1363 1392 Ι

89 1405 225 1487 plenum
242 1403 363 1466 iaciunt
376 1407 551 1490 Pomponii
568 1407 674 1476 verbe.
696 1427 775 1488 quoe
790 1404 936 1490 protinue
953 1399 1134 1482 lequuntur.
1158 1453 1163 1470 ,

92 1505 181 1569 Nem
196 1508 359 1588 proxitnoe
373 1507 429 1590 ipit
448 1510 674 1591 promuntorio
693 1507 767 1570 iecit
781 1505 970 1586 Aethiopas,
998 1499 1135 1562 Meroen

89 1608 293 1682 habitantem
319 1607 430 1672 Meroe
446 1625 555 1674 eutem
572 1610 642 1672 Nili
657 1609 755 1672 insule
769 1608 831 1682 ell;
855 1606 952 1669 Nilne
968 1604 1055 1666 Airae
1074 1614 1135 1663 ter·

90 1712 216 1774 minue.
280 1712 364 1772 llern
391 1712 573 1774 mirandum
599 1729 667 1776 non
693 1711 753 1782 ott,
791 1709 912 1772 Molem
936 1701 1135 1790 praepostero

91 1813 212 1876 ordine
231 1811 406 1875 nominatio
425 1811 524 1876 Ceras
542 1811 660 1908 Arfiri.
684 1833 757 1875 oum
774 1810 898 1882 Strabo,
922 1807 1137 1875 l'tolemneue⁹

91 1915 217 1976 Hanno
233 1913 342 2004 Austri
359 1915 425 1977 live
442 1915 536 1977 Notu
558 1915 657 1979 Gerus
677 1915 861 1977 nominent.
914 1911 1002 1974 Fecit
1022 1907 1086 1969 hoc
1103 1917 1137 1970 et

91 2017 132 2078 in
157 2014 236 2078 urbe
261 2015 432 2088 Threciae,
472 2037 569 2100 quem
594 2015 658 2100 ipse
671 2011 796 2105 flumen
820 2019 921 2096 Aegos
944 2009 1138 2080 nominavit,

92 2135 175 2180 cum
195 2119 291 2180 ceteri
314 2135 428 2180 omnen
450 2123 554 2200 Aegos
573 2113 699 2206 fluvios
724 2116 885 2202 appellent
910 2111 1001 2178 verso
1024 2111 1139 2174 dictio·

90 2239 180 2282 num
201 2219 327 2284 ordine.
379 2217 445 2284 Nili
463 2217 544 2283 forte
563 2219 626 2284 hoc
645 2221 742 2284 etiem
764 2220 849 2281 inter
866 2231 968 2281 cetere
990 2214 1140 2297 depravo·

92 2334 171 2382 tum
187 2320 247 2392 est,
273 2333 313 2382 ut
330 2339 389 2404 pro
404 2319 512 2410 Austri
527 2323 592 2385 five
606 2322 699 2384 Noto
719 2321 833 2390 Geras.
860 2318 946 2402 qnod
963 2316 1049 2380 Melo
1069 2313 1139 2378 lori·

91 2436 193 2506 ptum
220 2423 366 2506 reliquit,
401 2424 597 2508 praepollere
626 2423 736 2507 positio
764 2421 872 2484 verbis
903 2419 1002 2484 Cetos
1029 2413 1140 2510 Austri

93 2523 217 2586 librarii
241 2521 426 2606 scripserint.
465 2543 667 2590 rrtt'rrnnve.
731 2523 907 2588 Gerounion
928 2532 1056 2584 montes
1077 2514 1139 2581 elie

95 2625 133 2686 in
156 2622 257 2688 Africa
279 2627 323 2687 nit
345 2625 512 2690 Diodorus
531 2627 587 2690 lib.
610 2636 644 2711 4.
671 2621 749 2714 [ltbt
770 2639 802 2706 3.
828 2617 910 2710 67.]
940 2623 1140 2706 propinquos

95 2727 342 2811 promontorio.
375 2729 427 2788 cui
447 2719 593 2820 Hesperu
614 2749 699 2790 enos
716 2743 898 2812 cognomen
920 2721 974 2788 ett.
1025 2721 1140 2786 Strabo

95 2829 158 2892 lib.
195 2829 252 2893 16.
289 2849 323 2912 p.
349 2836 436 2912 734.
465 2823 519 2916 [p.
550 2841 634 2910 5322.
661 2827 681 2893 l.
708 2823 814 2916 774]
861 2817 916 2890 teni
947 2819 1141 2890 τελευταῖον

97 2926 298 3019 ἀκρωτήριον
319 2929 376 3016 τῆς
392 2927 558 3020 παραλίας
580 2921 704 3020 ταύτης
720 2925 762 2995 ro
783 2921 897 2994 Νότου
917 2923 1020 3014 κέρας.
1056 2927 1143 2990 Han·

95 3051 146 3096 no
169 3033 203 3094 in
228 3032 351 3116 periplo
376 3025 431 3118 [p.
454 3047 488 3112 5.
515 3025 638 3119 Hndi]
666 3051 734 3096 non
755 3032 885 3096 videtur
906 3027 1051 3099 offerere.
1079 3027 1141 3092 elie

97 3135 259 3196 ultimum
284 3134 369 3194 illiue
394 3153 478 3198 orae.
517 3153 724 3198 crncoontve.
779 3135 876 3198 Ceras
907 3127 1038 3225 Austri)
1088 3133 1143 3196 sie

96 3237 233 3320 quidem
248 3235 432 3305 Pintieuue.
455 3233 507 3298 led
524 3255 585 3300 noe
599 3238 738 3320 priorem
754 3237 943 3300 reduximue
958 3233 1142 3306 lectionem,

96 3357 197 3422 quom
212 3337 332 3408 omnia,
356 3350 516 3419 quotquot
533 3337 685 3410 uidimus,
711 3337 900 3420 exemplario
920 3339 1048 3418 entique
1068 3353 1144 3400 oon·

96 3441 242 3504 firment.
275 3438 402 3502 Felellit
418 3441 524 3500 virum
536 3439 703 3524 inignem.
723 3439 809 3521 qnorl
825 3436 1005 3512 nesciverit,
1027 3435 1146 3502 Cereu-

98 3545 177 3606 nioe
198 3553 326 3604 montet
347 3541 445 3604 etiem
468 3541 503 3602 in
522 3538 625 3604 etrier
645 3555 840 3605 memorator
856 3537 956 3602 inille.
1006 3540 1049 3603 nr
1064 3555 1144 3603 vero

98 3645 233 3706 illorum
246 3643 448 3705 mentionem
464 3639 540 3704 iecit
556 3643 719 3706 Diodorue
735 3643 859 3706 Siculue
876 3641 931 3702 lib.
949 3653 982 3720 5.
1006 3639 1050 3719 [c.
1066 3643 1144 3724 67.]

99 3745 162 3806 ubi
175 3743 240 3828 egit
257 3745 298 3805 de
312 3762 412 3806 cornu
428 3743 622 3808 Anteltlteae.
663 3743 883 3828 Quamobrem
904 3755 1011 3806 eutem
1028 3743 1144 3807 Cerau-

99 3848 153 3910 nii
168 3846 247 3908 dicti
262 3841 399 3916 fuerint,
423 3843 495 3907 letio
510 3847 619 3930 colligi
635 3845 736 3928 potest
750 3866 789 3909 ex
804 3846 960 3914 lunone,
990 3858 1023 3907 et
1038 3865 1077 3908 ex
1094 3847 1144 3918 ile,

99 3967 185 4032 quoe
199 3943 279 4008 inire
294 3943 401 4010 lumue
417 3947 543 4012 dicturi.
577 3967 720 4011 vocetur.
771 3945 880 4014 Nimis
894 3943 939 4008 eil
953 3961 1097 4010 contorte
1112 3960 1146 4012 et

98 4071 121 4115 e
137 4049 305 4112 codicillo·
325 4049 427 4111 aliene
446 4049 588 4112 Pintinni
609 4049 803 4112 emendatio.
856 4047 933 4110 Non
948 4048 1038 4109 enim
1060 4049 1146 4115 Mela

99 4151 234 4216 videtur
256 4151 473 4238 promontorii
493 4169 615 4216 nomen
636 4147 838 4222 memoralie.
872 4168 948 4212 cum
968 4149 1027 4214 atie
1048 4151 1146 4219 inter·
