2752 4944
349 421 438 478 m.
465 419 503 476 n.
545 419 579 476 c.
599 419 651 476 111.
694 417 772 494 §.4
1016 437 1074 500 ¹9¹

75 591 208 655 lictorum
223 591 253 657 le
268 595 308 656 de
326 595 405 658 lucie
417 608 512 677 utque
526 592 668 664 urbibus,
691 611 770 675 quoe
783 609 870 656 mere
883 611 950 656 nou
966 591 1076 660 ebluit.

74 693 152 756 Porro
180 695 308 768 Iolcon,
349 697 464 760 urbem
495 695 555 760 elle
585 697 797 766 maritimam,
836 715 934 758 nemo
965 695 1075 762 nescit.

76 795 157 858 Citere
174 812 317 861 auctores
339 799 372 860 in
394 819 428 860 re
446 809 624 882 comperte,
655 798 733 880 quid
754 795 891 882 attinet‘l
939 797 1020 860 Setir
1040 801 1078 862 tit

75 915 117 976 pro
129 899 270 962 omuibus
286 901 413 963 strabo:
437 897 512 987 [tib.
529 917 563 980 9.
581 919 614 982 p.
629 921 674 964 m.
693 913 776 978 5⁰⁰·
790 897 810 962 l.
821 892 929 986 436.]
960 899 1077 974 Iolcos.

76 999 164 1079 iuquit,
185 1003 248 1062 ium
264 1001 384 1064 dudum
403 1002 514 1064 diruta
532 1003 622 1070 locet,
649 1021 711 1084 quo
730 1021 770 1062 ex
783 1001 852 1062 loco
866 999 972 1064 Pelias
986 993 1077 1094 Iaso·

76 1119 125 1158 uem
137 1123 172 1160 or
185 1124 298 1164 nouem
317 1094 514 1192 Argoforos
529 1099 642 1194 emrfit.
680 1103 721 1162 Et
737 1099 816 1162 infra
831 1101 945 1184 paulo:
973 1102 1078 1182 Supra

77 1199 284 1266 Demetriadem
300 1217 405 1266 autent
419 1201 522 1266 urbem
540 1205 646 1266 Iolcos
656 1201 774 1294 stadia
785 1195 908 1294 septem
930 1203 975 1263 od
993 1227 1078 1266 mare

76 1303 144 1365 locet.
181 1323 380 1372 murmure.
436 1307 479 1368 Et
498 1305 573 1366 luteo
593 1323 722 1388 quoque
750 1303 879 1366 erolerat
900 1305 1077 1378 Plutiunue.

76 1405 127 1481 quie
144 1425 256 1489 nempe
280 1407 390 1469 Iolcon
415 1407 492 1468 dicit
518 1405 578 1468 elle
599 1407 637 1468 ad
668 1425 752 1466 ruere
779 1407 887 1474 sstem.
921 1405 974 1468 hic
999 1428 1078 1471 vero

76 1502 169 1566 lieluu
191 1509 436 1571 medimnum
458 1521 581 1570 tentum
601 1505 760 1570 receulere
782 1509 936 1570 ciritetee.
990 1509 1079 1572 Licet

75 1603 121 1666 hoc
136 1627 244 1669 verum
266 1609 357 1680 estet,
391 1629 458 1670 non
483 1623 590 1670 tumen
620 1609 736 1680 video,
769 1627 827 1670 cur
852 1609 1078 1682 existimemur.

74 1720 204 1770 auctorem
224 1711 369 1772 nostrum
384 1729 484 1773 errare
506 1731 572 1772 non
588 1709 733 1792 potullle.
785 1711 903 1770 Verum
919 1709 983 1794 ipse
999 1725 1081 1774 errat

75 1805 228 1882 Piuimue,
261 1831 337 1872 cum
359 1831 401 1873 ex
423 1811 577 1875 Strabone
601 1811 763 1872 ostendere
785 1823 936 1884 conatur,
969 1815 1079 1876 Iolcon

76 1904 142 1970 luille
160 1913 195 1972 ad
217 1933 307 1974 mare
328 1913 427 1975 litam.
477 1913 579 1974 Verba
599 1912 763 1974 Strobouie
783 1911 859 1974 hoec
882 1909 970 1976 suut:
1013 1915 1081 2000 Τῆς

76 2003 99 2068 ll
116 2007 328 2102 Δημητραᾶὃος
347 2009 430 2076 ἑπτὰ
452 2010 602 2088 σταδίους
623 2003 807 2101 ὑπέρκειται
829 2013 887 2098 τῆς
909 2011 1082 2102 θαλάσσης

76 2103 187 2188 Ἰωλκός.
239 2113 311 2198 lpse
339 2117 564 2196 interpretetur
595 2113 658 2176 ott:
693 2115 775 2176 iacet
799 2115 844 2174 od
869 2137 964 2180 more.
1015 2117 1079 2180 Sed

76 2213 128 2288 quie
148 2213 257 2287 nescit.
297 2207 507 2302 ὑπερκεῖσθαι
530 2213 652 2297 semper
679 2215 776 2296 ecolpi
798 2215 837 2276 de
864 2217 941 2280 loeie
962 2237 979 2279 α
999 2221 1080 2282 meti
1103 2283 1108 2298 ,

78 2317 200 2379 remotio?
250 2319 353 2380 Recte
372 2319 475 2398 itaque
491 2317 671 2378 Eustethiue
693 2309 751 2402 [ed
767 2316 899 2380 Homer.
919 2337 974 2390 tt,
994 2331 1078 2398 σευ.

79 2425 183 2494 Μὸᾶ,
209 2421 265 2482 ι6.
290 2411 403 2504 naut]
439 2411 496 2480 riv
516 2401 649 2480 Ἰωλκὸν
678 2409 888 2504 ὑπερκεῖσθαί
910 2418 994 2502 φασι
1024 2423 1082 2506 τῆς

83 2511 144 2576 κατὰ
170 2513 386 2608 Δημητριάδα
422 2513 593 2604 θαλάσσης
631 2513 714 2582 ἑπτὰ
750 2515 909 2594 σταδίους.
973 2521 1080 2594 Videt,

80 2619 199 2690 quantillo
229 2620 331 2703 spatio
359 2641 375 2680 α
398 2621 475 2680 merl
497 2617 633 2682 abluerit
654 2621 773 2689 Iolcoe.
812 2633 938 2682 utnon
960 2623 1080 2684 mirum

77 2712 146 2778 ltab
165 2721 231 2782 aliie
253 2723 339 2782 inter
360 2723 531 2782 maritimae
553 2721 646 2782 urbee
667 2719 830 2782 recenseri.
882 2721 981 2786 Porro
1004 2743 1080 2786 cum

74 2832 161 2892 poetae
178 2827 340 2906 Argouem
365 2821 450 2884 lolco
475 2820 594 2882 lolviffe
613 2823 720 2892 aiunt,
754 2823 785 2882 id
805 2822 845 2882 de
868 2823 1013 2905 Aphetle,
1040 2827 1080 2888 de

74 2921 163 2994 quibus
183 2923 282 2994 iufra,
308 2924 360 2984 vel
382 2923 422 2984 de
439 2925 548 2993 litore,
576 2923 660 3004 quod
674 2937 707 2985 et
722 2921 826 3004 ipsum
842 2925 952 2988 lolcon
975 2929 1081 2988 vocari

73 3023 146 3080 tradit
166 3026 289 3094 Strabo,
312 3017 360 3108 [c.
378 3018 420 3110 l.]
448 3025 667 3106 accipiendum
683 3023 736 3086 ell.
771 3013 835 3086 'Seu
852 3039 884 3086 et
905 3045 977 3088 cum
995 3027 1081 3090 leho-

71 3119 149 3184 lialter
171 3127 334 3206 Apollonii
355 3121 413 3213 [t.
437 3119 543 3210 532.]
569 3125 737 3206 Sepiadem
758 3125 836 3184 dicit
858 3125 916 3188 elle
940 3123 1083 3214 ἀκρωτη-

72 3239 121 3304 prot
144 3221 171 3286 ἐν
193 3223 336 3306 Ἰωλκῷ,
375 3225 537 3288 manifeste
575 3227 687 3286 Iolcon
725 3245 782 3308 pro
813 3225 907 3288 litore
946 3231 1079 3312 accepit.

71 3341 189 3388 romu-u.
264 3329 316 3389 Sic
351 3327 525 3398 Autronio,
567 3347 662 3408 quam
699 3325 804 3388 noller
845 3329 1082 3392 mediterranei·

70 3425 202 3497 molet,
248 3427 288 3488 ab
322 3427 465 3490 Homero
493 3429 530 3490 ll.
562 3447 592 3498 α,
619 3429 703 3506 697.
738 3421 904 3510 ἂγχίαλας
937 3443 1080 3492 vocatur.

70 3523 109 3584 Cf.
128 3529 235 3588 Strabo
255 3529 310 3589 lib.
333 3546 367 3606 9.
390 3549 421 3610 p.
440 3549 482 3590 m.
505 3543 588 3608 299.
605 3526 626 3588 l.
644 3539 730 3608 435.
758 3529 812 3608 qui
835 3541 940 3590 tamen
962 3533 1082 3612 patitur

71 3621 143 3686 litum
163 3631 289 3688 admitti
310 3629 392 3688 haud
413 3629 522 3710 procul
539 3651 555 3690 α
573 3631 663 3692 mari.
714 3631 815 3710 Atque
838 3631 879 3690 ita
896 3647 985 3692 ctttte
1000 3633 1082 3692 dixit

69 3727 168 3789 noster:
208 3749 291 3811 quae
312 3751 398 3789 mare
422 3751 485 3790 uon
507 3729 631 3800 adluit,
662 3745 700 3790 ut
723 3743 828 3792 temen
854 3731 889 3792 in
913 3729 1082 3816 conspectu

69 3829 134 3904 quau
154 3831 283 3892 litorum
302 3832 363 3892 iter
382 3829 592 3913 persequatur.

127 4032 164 4093 iu
195 4023 466 4124 Magnesia)'
495 4033 587 4118 Preg.
621 4035 654 4095 in
682 4027 879 4126 Imogrrefia,
917 4051 957 4096 ex
982 4035 1082 4120 geml-

68 4142 125 4192 neto
144 4135 172 4204 i,·
203 4135 253 4201 ed.
277 4135 310 4200 6.
338 4133 375 4194 ld
396 4133 440 4228 est
462 4131 643 4228 Magnefio.
766 4191 772 4198 .
