2880 4940
368 389 455 446 LIB.
486 391 539 446 111.
582 391 617 448 C.
638 391 717 449 vm,
761 389 785 458 d.
812 405 840 456 7.
862 389 891 460 8.
1095 404 1156 470 293

100 585 137 649 p.
156 573 240 644 245.
278 561 362 626 Cum
383 563 416 624 in
436 563 559 648 vulgari
579 563 713 624 aliorum
729 561 786 624 usu
805 586 828 648 γ
847 563 940 628 oium
964 565 1150 640 obtinuerit.

100 687 165 728 nec
187 669 220 726 in
240 667 358 726 Latinis
377 667 462 726 reiici
486 665 596 736 debet,
628 665 685 724 ubi
708 667 831 728 codices
854 669 1049 738 admovent,
1076 689 1149 730 cum

101 765 168 848 ipsa
185 785 248 828 vox
263 767 379 828 Graeca
400 767 559 832 reddatur.
611 767 650 828 in
667 767 746 836 aliie,
773 787 884 849 quaea
903 765 998 830 Voffii
1019 785 1149 851 parente

102 881 416 940 commemorantur,
445 869 582 932 inversio
602 888 642 930 ex
657 867 783 934 Graecis
806 873 893 934 varie
910 873 991 932 tacta
1010 873 1063 934 vei
1083 891 1147 936 ore·

103 970 171 1032 diu
195 967 392 1036 observatur.

178 1171 417 1256 adducens)
456 1175 509 1238 Sic
529 1175 666 1248 codices,
690 1177 795 1258 itaque
809 1175 913 1238 voluit
927 1175 1011 1258 Lips.
1036 1177 1147 1260 inquo

101 1275 221 1362 iegitur
243 1273 394 1338 adactam.
455 1275 670 1340 Consentiunt
703 1293 828 1340 veteres
860 1279 1034 1348 editiones.
1069 1297 1145 1359 quae

101 1376 226 1440 [ecutae
242 1375 312 1438 sunt
328 1379 467 1440 Camert.
492 1379 564 1440 Ald.
587 1383 672 1442 lunt.
696 1397 752 1442 ur.
768 1393 801 1442 et
818 1391 876 1457 28.
922 1381 962 1441 At
985 1379 1145 1444 vadianue

100 1481 241 1542 mutavit
257 1483 290 1540 in
311 1478 478 1550 abductus,
503 1480 588 1562 quod
606 1481 683 1542 hinc
705 1479 764 1564 (ab
782 1482 833 1544 ed.
854 1481 932 1564 16.)
954 1495 1144 1563 acceperunt

107 1593 165 1658 ιθ.
192 1597 248 1646 22.
276 1592 332 1660 24.
360 1594 419 1658 25.
452 1583 651 1664 omninoque
683 1582 839 1644 Vatiianae
866 1595 899 1644 et
931 1583 1141 1654 Olivarianae.

102 1683 242 1744 vinetua
255 1695 289 1744 et
305 1683 468 1746 Sabutum.
517 1683 663 1753 Priorem
679 1685 852 1746 lectionem
873 1684 985 1746 ceteris
1005 1685 1143 1765 praeivit

100 1777 238 1846 Voffina.
271 1785 381 1849 Recte.
423 1783 496 1846 Nou
524 1787 614 1846 enim
640 1783 765 1846 suberat
790 1783 892 1854 causa,
925 1805 989 1855 cur,
1005 1797 1142 1846 mutaret

100 1887 216 1947 invitia
240 1885 365 1948 MSStia
392 1886 566 1958 vadianus,
601 1887 704 1948 immo
729 1887 802 1951 talia
823 1901 931 1948 amant
951 1899 1075 1950 vererer
1097 1885 1140 1948 ob

99 1985 312 2056 efficaciorem
335 1987 544 2059 brevitatem,
570 1991 644 2071 <luia
664 1988 784 2072 duplex
799 1989 880 2052 ratio
896 1988 1070 2062 indicatur,
1102 2001 1141 2049 ut
1227 2073 1229 2080 Ι

96 2085 289 2172 supradixi.

265 2295 294 2376 §.
324 2304 358 2372 Β.
409 2293 545 2357 Extra
574 2285 738 2386 sinum)
800 2295 901 2358 Pravo
940 2295 1142 2360 didinoione

96 2409 192 2458 antea
231 2393 284 2455 bio
320 2397 409 2457 locus
441 2396 618 2488 laborabam
665 2413 774 2458 veram
806 2399 970 2460 constituit
1004 2393 1139 2462 Vo‘iiuu.

97 2513 305 2560 monacum
369 2497 510 2568 Mirum,
540 2499 707 2562 neminem
733 2499 889 2582 attingere
917 2497 1139 2560 difficultatem

96 2599 406 2682 louge'mrximam.
439 2601 514 2681 quid
531 2620 647 2682 nempe
666 2601 723 2660 fibi
742 2599 881 2661 voluerit
894 2615 1003 2662 auctor
1023 2599 1138 2672 noster,

99 2719 176 2762 com
195 2696 301 2762 ioiirm
323 2700 453 2772 οΝίΙο,
485 2703 520 2762 in
539 2703 642 2762 finum
663 2701 832 2764 Arabicum
850 2713 1040 2774 exeuntem,
1072 2713 1139 2764 tam

97 2802 200 2885 longe
216 2821 233 2862 a
250 2799 304 2862 iun
320 2821 398 2864 vero
415 2803 473 2864 suu
489 2803 664 2866 abduxerit.
710 2804 792 2888 Quia
807 2804 894 2864 enim
911 2801 1019 2873 nescit,
1044 2799 1138 2864 foliae

96 2903 198 2965 huius
232 2903 346 2964 ostium
380 2901 471 2966 fuiiie
505 2907 538 2966 in
572 2905 691 2968 intimo
725 2905 808 2966 tinus
842 2903 965 2968 Arabici
998 2901 1139 2966 receiiu‘i

95 3005 212 3066 Paucis
234 3005 412 3086 expediam.
463 3005 564 3070 Verba
587 3007 662 3068 haec
684 3006 787 3068 Melae
808 3025 874 3066 non
897 3005 1076 3087 accipienda
1099 3005 1139 3068 de

95 3100 262 3170 noaiffima
287 3107 357 3177 ilia,
390 3127 485 3189 quam
508 3109 662 3178 diximus,
697 3105 787 3177 folia.
823 3106 875 3170 sed
901 3107 941 3168 de
973 3105 1139 3190 segmento

94 3206 277 3278 Aiiuborae⁹
299 3207 387 3289 quod
406 3213 439 3270 iu
458 3209 559 3268 linum
575 3211 661 3272 hunc
676 3211 756 3274 olim
772 3207 933 3272 effluebat.
973 3205 1140 3271 Manifeste

96 3310 190 3385 enirn
214 3309 307 3372 docet
330 3311 443 3372 Strabo
466 3311 521 3374 lib.
546 3313 599 3374 ati.
625 3307 677 3399 [p.
699 3324 783 3390 530.
800 3309 822 3372 s.
839 3304 946 3398 77o.]
976 3309 1141 3394 postquam

96 3411 142 3472 de
173 3411 373 3478 Ptolemaide
397 3413 480 3495 egit,
518 3415 702 3494 portionem
735 3413 892 3494 quandam
927 3411 965 3472 ab
997 3410 1141 3474 auabora

98 3511 242 3574 avulsam
265 3513 317 3574 hic
334 3509 473 3583 effluere.
500 3533 573 3574 cum
588 3516 706 3576 maiore
722 3513 766 3574 iui
782 3529 869 3596 parte
886 3513 1000 3576 Nilum
1016 3511 1139 3574 influat.

101 3613 251 3676 Naturali
271 3627 377 3676 autern
396 3613 451 3676 suo
464 3613 556 3676 eursu
573 3635 640 3678 non
655 3617 721 3677 exit
740 3616 901 3678 Astaboras
916 3615 950 3674 in
965 3633 1061 3684 mare,
1088 3611 1142 3675 ied

101 3733 179 3778 uum
200 3715 343 3777 fluminio
362 3716 458 3778 huine
475 3737 543 3797 pars
564 3717 663 3796 aliqua
680 3719 759 3778 mari
773 3715 949 3778 admodum
966 3715 1003 3776 fit
1024 3715 1141 3786 vicina,

99 3829 251 3899 apparet.
278 3817 368 3878 illinc
382 3815 492 3878 foliam
508 3815 596 3879 fuiffe
618 3819 764 3889 ductam.
791 3839 847 3900 per
866 3835 961 3899 quaem
978 3836 997 3876 e
1014 3815 1091 3878 Nsso
1106 3817 1142 3878 iu

101 3917 209 3979 sinum
233 3917 400 3980 Arabicum
425 3919 566 4002 navigari
590 3917 700 4001 puiset.
751 3921 833 3982 Rem
857 3917 953 4000 ipsam
977 3931 1142 3990 tenemuoa

99 4019 272 4082 videamur
292 4039 388 4088 nuuc.
415 4021 581 4100 quomodo
602 4021 698 4082 verba
712 4021 896 4104 Pomponii,
920 4039 999 4101 qnae
1015 4019 1142 4080 nulium

98 4124 273 4186 continent
306 4119 449 4194 sensum,
483 4123 631 4186 constitui
663 4122 810 4188 debeant.
873 4122 926 4186 sie
955 4121 1007 4182 illa
1038 4121 1143 4184 tonti-
