2810 4944
312 403 374 472 4¹ss
607 391 852 457 toutouu
895 393 1057 451 uentu:

314 571 432 638 novio,
467 564 603 629 occurrit
633 568 717 650 apud
743 569 965 632 Ptolemaeum
988 569 1043 632 lib.
1069 583 1102 640 2,
1127 567 1161 634 6.
1197 567 1255 628 ubi
1279 567 1363 630 edd.

315 667 492 732 Παλαντὶα
515 683 547 732 et
572 669 663 732 MSS.
685 669 886 736 Παλλαντία
909 671 1074 742 exhibent,
1102 673 1150 732 uti
1171 685 1292 740 contra.
1322 672 1366 732 iis

316 775 443 842 iuvitie.
469 786 600 856 propter
617 773 776 834 literarum
795 772 914 842 seriem,
944 771 1162 836 consentiente
1184 773 1364 834 Holstenio

313 883 351 960 p.'
375 889 457 953 259.
486 871 625 952 reposuit
648 875 813 937 llerkeliue
836 878 868 934 in
890 875 1063 956 Stephano,
1091 889 1123 936 et
1145 877 1177 934 in
1196 875 1364 956 Appiam,

315 979 354 1038 tle
373 979 438 1038 reb.
457 975 544 1056 Hilp.
569 993 596 1036 c.
616 987 673 1053 55.
699 991 731 1037 et
748 977 787 1036 de
803 977 839 1039 B.
857 977 930 1040 civ.
952 997 978 1046 t,
1001 993 1080 1039 112.
1108 977 1366 1059 Schweighaeu-

316 1077 409 1148 sente.
435 1077 589 1160 inprimi
613 1080 744 1160 quidem
767 1079 839 1140 loco
864 1077 952 1138 suum
977 1079 1132 1138 iuditium
1158 1075 1293 1145 secutus,
1327 1079 1366 1136 in

315 1181 478 1264 posteriori
499 1182 620 1260 uliquoe
644 1182 780 1242 codices.
831 1182 883 1242 Sic
904 1183 938 1240 in
958 1181 1134 1241 Ptolemaei
1155 1199 1180 1240 c.
1199 1181 1219 1240 l.
1245 1182 1365 1240 editur

316 1277 515 1345 [tellude
548 1301 624 1346 ποτ.
655 1273 793 1358 ἐκβολαὶ
825 1295 857 1342 et
889 1281 957 1362 pull
983 1284 1022 1343 de
1057 1283 1135 1342 tube
1162 1276 1364 1342 Παλαντὶα.

315 1387 409 1468 Apud
431 1383 580 1444 Orostum
603 1396 634 1460 5.
660 1399 716 1462 25.
745 1383 938 1444 fluctuantur
969 1385 1051 1444 iuter
1073 1395 1243 1463 utrumqne
1269 1383 1361 1452 libri,

315 1489 370 1546 ubi
393 1487 508 1566 duplex
528 1487 677 1564 praetulit
699 1487 945 1565 Haveteampue.
997 1487 1034 1545 lu
1054 1486 1159 1544 Plinio
1181 1485 1279 1545 etiem
1305 1506 1365 1544 va·

191 1659 192 1664 η
313 1591 392 1648 riare
410 1585 528 1648 vetulle
545 1588 751 1668 exemplaria,
776 1588 901 1648 notavit
919 1599 1003 1647 cette
1018 1588 1121 1646 Surita
1137 1587 1175 1645 ed
1196 1588 1366 1646 dutouiui

316 1692 420 1750 itiner.
451 1709 482 1771 p.
508 1707 553 1748 m.
575 1697 660 1770 448.
699 1690 732 1748 in
762 1707 826 1768 quo
855 1701 887 1748 et
911 1689 969 1749 lul.
1001 1688 1146 1748 Frontiu.
1176 1687 1216 1747 de
1245 1689 1363 1750 culon.

314 1813 345 1874 p.
368 1803 424 1869 58.
448 1789 556 1866 editur¹
576 1809 630 1870 pet
648 1789 776 1868 simplex
801 1787 822 1850 l.
869 1789 918 1848 Ex
940 1789 1159 1848 monumentis
1181 1787 1364 1850 subfidium

314 1915 380 1954 non
399 1889 552 1971 iubp‘etit,
585 1891 672 1950 unde
689 1890 806 1971 placuit
820 1889 936 1950 Graeca
953 1889 1036 1971 sequi
1055 1909 1127 1950 cum
1144 1889 1362 1960 editionibus,

312 2013 380 2078 non
404 1991 569 2072 plerosque
593 1993 728 2053 codices.
761 2023 809 2038 -
862 1989 1047 2072 Scripseram
1074 1992 1165 2060 haec,
1198 2011 1272 2051 cum
1296 1993 1365 2052 ob·

313 2107 451 2175 portuue
479 2094 578 2152 oculis
609 2089 770 2152 subiicitur
798 2091 964 2174 descriptio
996 2111 1171 2153 numerum
1203 2112 1364 2154 veterum

315 2193 399 2276 Lipl.
423 2193 525 2276 1796.
549 2203 583 2271 ‘'l·
616 2213 693 2272 quoe
714 2215 745 2274 p.
769 2209 801 2254 2.
827 2215 963 2254 numum
988 2195 1059 2256 sistit
1082 2213 1156 2253 cum
1177 2195 1362 2276 epigraphe

313 2295 411 2364 Palu.
438 2296 491 2375 qui
512 2295 549 2354 ad
574 2294 708 2355 nollrem
727 2294 840 2354 urbem
858 2293 1010 2368 refertum
1044 2315 1147 2376 neque
1162 2307 1270 2356 temen
1287 2295 1364 2358 hoc

314 2397 385 2460 satie
407 2396 450 2458 eil
471 2396 672 2478 exploratum
692 2410 724 2458 et
744 2409 876 2461 certum.

392 2591 657 2689 Caesaraugu
681 2599 751 2681 ta)
802 2599 886 2684 Lips.
911 2601 1001 2686 Prag.
1027 2591 1180 2691 Caesarie
1195 2599 1359 2688 Augusta,

314 2701 395 2774 fere,
423 2716 458 2761 ut
475 2703 674 2762 Ptolemaeus
693 2718 724 2770 o,
747 2703 779 2764 6.
807 2717 838 2763 et
859 2705 891 2762 in
912 2704 975 2764 tab.
997 2705 1141 2783 Europae
1170 2721 1198 2763 2.
1225 2699 1361 2764 lintna'·

315 2827 358 2892 ρει
381 2793 575 2887 Αὖγούστας
610 2803 752 2866 vindob.
775 2795 881 2894 cesara
901 2801 1053 2894 eugustn;
1085 2805 1180 2864 multi
1205 2797 1359 2891 cejnrau-

312 2907 423 2996 gusta,
458 2907 504 2964 uti
530 2907 624 2965 etiam
647 2906 718 2966 edd.
749 2923 777 2965 t.
807 2923 837 2965 e.
865 2906 897 2963 in
921 2908 1033 2966 ceteris
1054 2927 1100 2965 ac.
1163 2905 1358 2966 Coniuncte

313 3021 420 3068 tamen
439 3007 495 3066 hac
511 3003 622 3083 forma,
645 3008 785 3087 exceptis
806 3004 1026 3086 superioribus,
1053 3025 1175 3074 omnes,
1202 3008 1248 3064 uti
1266 3003 1360 3067 Stra·

312 3109 355 3170 bo
378 3123 408 3186 5.
429 3130 461 3191 p.
483 3125 562 3170 tte.
580 3105 600 3168 s.
624 3109 702 3168 162.
730 3107 811 3168 Pliu.
833 3121 864 3184 5.
888 3119 921 3185 4.
941 3105 961 3170 f.
981 3121 1012 3186 5.
1047 3107 1199 3168 Prudeut.
1217 3108 1248 3166 iu
1268 3110 1358 3188 peri·

313 3210 411 3292 steph.
434 3219 467 3290 lp,
492 3223 524 3285 5.
548 3221 606 3287 54.
663 3209 730 3267 Nec
751 3207 839 3268 aliter
861 3211 965 3268 editur
992 3211 1025 3268 iu
1051 3211 1215 3268 Antonino
1243 3227 1275 3287 p.
1301 3229 1354 3274 m.

314 3325 398 3388 592.
424 3325 455 3370 et
477 3309 568 3378 alibi,
601 3309 746 3390 quamvis
769 3311 893 3370 codices
908 3311 1003 3390 uliqui
1024 3301 1176 3399 Caesarea
1192 3309 1356 3401 Augtfia,

312 3413 362 3470 uti
386 3411 532 3470 Goltzius
552 3431 581 3510 p)
602 3423 685 3487 958.
708 3407 818 3472 adfert.
872 3412 1013 3472 Alterum
1034 3425 1139 3471 temen
1165 3407 1356 3490 praeierunt

312 3513 422 3578 numi,
464 3531 543 3591 quoe
566 3513 833 3572 commemoravit
858 3513 963 3573 Surite
984 3513 1022 3572 ed
1048 3514 1248 3572 Antoninum
1274 3531 1303 3573 c.
1323 3513 1350 3576 l.

310 3614 415 3695 pluree
438 3626 693 3676 commemorent
716 3611 834 3674 Relche
853 3617 886 3672 iu
908 3615 984 3676 Lex.
1010 3635 1100 3674 uum.
1122 3615 1162 3674 T.
1189 3631 1217 3674 t.
1246 3611 1284 3674 Ρ.
1312 3628 1350 3676 2.

310 3735 341 3795 p.
367 3729 445 3790 νας.
478 3730 510 3776 et
532 3713 666 3775 Eckhel.
690 3714 726 3775 P.
751 3733 780 3776 1.
807 3716 842 3776 V.
871 3733 901 3776 t.
931 3735 963 3795 p.
983 3728 1040 3792 57.
1073 3713 1126 3775 etli
1149 3715 1350 3776 diremtione

310 3815 486 3896 conspicua,
505 3837 600 3896 quem
617 3829 761 3876 auctores
778 3816 944 3899 neglexille
958 3817 1116 3882 videntur.
1143 3815 1229 3894 quod
1245 3813 1351 3875 efficit

309 3919 447 3977 maxime
470 3913 781 4008 Caejuraugustanus
804 3919 886 3998 apud
910 3917 994 3980 Pliu.
1019 3932 1050 3995 5,
1074 3927 1107 3998 lp.
1131 3913 1150 3976 s.
1175 3929 1207 3994 5.
1232 3917 1277 3978 iu.
1314 3931 1351 3977 et

309 4021 349 4080 lic
367 4011 569 4110 Caesaraugu
586 4018 621 4079 t'a
642 4021 673 4078 in
689 4017 810 4080 Cluon.
830 4021 1048 4080 demiliaueuli
1071 4016 1167 4102 (saec.
1184 4015 1240 4098 9.)
1260 4021 1351 4098 apud

311 4121 422 4184 Fletez
445 4123 480 4184 iu
502 4119 625 4204 Espo'ua
646 4121 780 4208 Sugreda
808 4123 847 4181 T.
874 4135 907 4204 4.
935 4141 967 4205 p.
993 4133 1076 4200 254.
1124 4117 1174 4182 Cf.
1202 4139 1234 4202 p.
1263 4123 1349 4198 256.
