2814 4946
341 415 432 472 ΗΒ.
460 415 499 470 tt.
541 414 574 472 C·
596 416 661 476 vlt.
703 416 729 488 i.
758 429 805 494 ῃ.
1031 427 1095 498 547

56 605 131 670 cap.
153 605 206 652 to.
229 607 263 672 p.
282 597 328 666 35
345 583 408 670 qu.
457 585 531 650 Poll
546 587 731 650 vindobon.
748 587 863 664 Litos‚·
895 589 978 674 Lipl.
1000 591 1091 680 Prag.

57 689 147 750 Gud.
168 689 341 772 llehdiger.
374 687 478 750 lictus.
537 689 601 752 Pro
628 687 782 782 Lycasto.
810 692 910 758 Vatio.
935 705 969 774 3.
1000 693 1093 782 Ptag.

54 788 230 884 Locaylou
257 787 339 872 Lipl.
364 787 450 850 (iud.
476 788 635 880 Licqflm.

136 989 405 1076 Holopyxos)
457 991 556 1053 Vatic.
581 991 690 1056 Cibin.
716 991 899 1078 Olopyxosa
937 995 1032 1060 Paril'.
1060 1015 1092 1064 a.

55 1091 259 1170 Hauptxon
298 1091 436 1156 Vindob.
464 1093 636 1176 Rehdiger.
661 1095 837 1172 Olopixos,·
879 1099 989 1162 Venet.
1018 1097 1093 1161 oto·
1121 1161 1134 1186 ,

57 1185 173 1284 pyjos,·
205 1195 296 1279 Prag.
318 1192 402 1278 Lipl.
427 1185 595 1286 Olopisos,·
631 1194 716 1257 Gud.
740 1187 900 1288 Olipisos,·
938 1197 1032 1262 Paris.
1061 1221 1092 1266 ι.

60 1293 220 1374 Olupicos.
262 1297 343 1358 lidd.
366 1297 511 1376 antiquae
531 1315 561 1358 ι.
582 1311 614 1358 2.
631 1309 663 1376 3.
680 1307 715 1377 4.
730 1309 764 1374 5.
781 1315 815 1378 9.
838 1318 893 1362 ιι.
915 1297 1091 1382 Olopixosf

56 1409 128 1456 tum
147 1397 266 1458 adiecta
291 1397 498 1480 adspiratione
524 1397 557 1460 6.
584 1411 618 1469 7.
640 1409 674 1474 8.
702 1417 757 1460 ιο.
784 1427 834 1442 -
867 1411 899 1462 et
924 1401 1092 1484 pleraeque

59 1497 137 1560 aliae
165 1493 372 1580 Hampsicus,
405 1497 525 1578 aliquae
557 1498 654 1558 etiam
678 1497 872 1580 Holopixos.
931 1501 1026 1566 Prius
1051 1501 1092 1564 ttc

57 1599 248 1660 emendabat
275 1600 465 1662 Hermolaue
485 1597 637 1660 Barbarua
658 1617 698 1660 ex
722 1597 827 1662 Plinio
850 1611 885 1680 1¹4.
910 1616 968 1666 20.
989 1599 1012 1668 l.
1035 1616 1090 1668 12.

58 1703 115 1780 qui
134 1719 220 1764 unua
242 1714 364 1784 praeter
383 1701 502 1762 Melam
525 1699 621 1764 huiue
640 1699 728 1762 urbia
753 1703 913 1766 meminit.

130 1903 324 1964 Panae-ra
332 1899 351 1984 )
399 1901 482 1964 llllire
499 1901 563 1964 hoc
582 1921 702 1964 nornen
723 1903 938 1986 distorquetur
954 1905 987 1966 in
1002 1905 1092 1970 libria

59 2017 92 2064 et
112 2003 232 2086 lcriptie
248 2019 281 2066 et
297 2005 401 2066 editio.
452 2003 561 2068 Cibin.
581 2005 788 2084 Pherapnoe;
822 2007 918 2068 Vatic.
940 2027 970 2070 ι.
994 2007 1093 2068 Plane·

60 2125 200 2186 rapum
225 2103 320 2169 t’artt.
343 2127 371 2168 ι.
395 2105 532 2190 llehdig.
554 2105 736 2184 Plaetorium·
763 2105 847 2168 Gud.
864 2107 1093 2186 Pltacrapnaet

61 2206 158 2270 Vatic.
183 2219 216 2286 3.
252 2207 342 2290 Prag.
388 2205 469 2288 Lipl.
498 2207 683 2278 Phaetonte
729 2205 824 2270 Paris.
849 2219 883 2286 3.
910 2209 1093 2282 Panare...-

58 2305 170 2372 Venet.
194 2308 414 2380 Plataearum
447 2307 540 2368 t'tnrt.
566 2307 772 2380 Plraeranoe‚·
805 2305 897 2370 Parit.
921 2324 954 2370 2.
979 2309 1093 2370 Phaet·

60 2429 133 2480 nos,·
173 2409 347 2472 Ciacconn.
371 2409 583 2490 Pdareopnoe
607 2419 640 2468 et
661 2397 867 2498 Phosaanaet
905 2403 1030 2472 Voffiua
1053 2429 1093 2472 ex

61 2506 119 2572 luia
134 2507 239 2572 adfert
258 2511 445 2581 lecrano,·
472 2511 508 2572 Δ.
525 2509 709 2570 Gronovius
726 2509 803 2572 lilet.
841 2509 925 2572 Edd.
949 2529 977 2574 ι.
1002 2527 1033 2574 a.
1056 2527 1092 2590 9.

62 2609 241 2684 Plrrremos;
271 2625 303 2690 3.
319 2621 354 2690 tp.
377 2623 409 2672 et
434 2610 537 2692 postea
558 2609 726 2678 Vedianua.
754 2608 913 2672 Olirariue
935 2630 1007 2674 num
1031 2609 1093 2674 luia

62 2724 91 2770 et
110 2711 249 2774 Schotto
271 2711 439 2802 Phaestum
479 2725 513 2790 5.
543 2731 596 2772 ιι.
626 2729 680 2774 ta.
711 2719 764 2788 ¹4·
797 2709 1022 2803 19.Pttestos‚·
1056 2711 1091 2774 6.

61 2811 229 2906 Ppoestou
264 2827 298 2888 7.
320 2825 353 2890 8.
374 2809 522 2905 Possosr
553 2831 607 2874 to.
623 2809 791 2903 Phaistos:
816 2813 886 2876 ΔΜ.
910 2813 994 2874 lunt.
1015 2811 1092 2872 Poe·

52 2911 141 3002 flou
186 2929 244 2990 13.
264 2915 443 2986 Phazemon·
477 2915 610 2976 l'inetua
634 2912 835 2990 Ptrempnan
873 2907 994 2974 Voffiue
1017 2931 1092 2973 oum

62 3017 170 3076 teterie
185 3015 344 3076 Pandaro.
372 3033 577 3078 uzecuvotta.
628 3013 726 3074 Vetue
743 3013 836 3074 lectio
850 3011 892 3074 est
908 3014 1091 3083 l’lrocrana.

60 3119 146 3178 unde
159 3115 342 3176 laciendum
357 3129 421 3176 erat
436 3117 592 3176 Parmam.
630 3108 815 3202 nardnpor
834 3113 981 3174 meminit
1000 3113 1093 3176 Calli·

59 3217 190 3278 macbue
214 3215 338 3296 hymno
364 3219 397 3278 in
421 3217 544 3280 lovem.
573 3209 626 3302 [v.
651 3207 731 3300 5t.]
792 3216 940 3277 Attamen
964 3235 1036 3277 cum
1058 3215 1094 3276 in

59 3317 125 3379 aliia
151 3318 256 3380 Melae
280 3317 457 3386 codicibua.
491 3331 523 3378 et
548 3317 609 3376 illie
637 3336 763 3398 quoque
791 3315 938 3386 vetullia.
972 3315 1094 3402 legatur

59 3419 242 3498 Pherapnae,
269 3417 392 3480 dubitet
410 3419 531 3500 aliquia.
555 3437 634 3478 num
652 3415 850 3480 scribendum
869 3416 902 3476 tn
922 3417 1093 3496 Therapne.

59 3519 247 3602 Therapnae
268 3521 321 3580 rel
339 3519 535 3582 Therarnnea
559 3521 591 3580 in
615 3517 709 3582 Creta
726 3517 876 3580 meminit
893 3519 1015 3580 Plinius
1037 3511 1093 3604 [4.

62 3635 115 3684 ιο.
139 3619 159 3682 l.
180 3613 258 3706 12.]
284 3634 316 3682 et
332 3621 470 3690 Solinue.
494 3613 582 3706 [cap.
599 3634 653 3696 17.
670 3617 690 3680 l.
706 3613 783 3706 ιι.]
809 3619 883 3680 licet
897 3619 990 3679 hnioe
1010 3618 1094 3678 nulla

60 3719 185 3802 prorlua
207 3721 319 3782 debeat
340 3721 399 3784 elle
419 3723 599 3782 auctoritas.
650 3719 774 3782 Plinina
792 3739 869 3780 vero
888 3739 926 3780 ex
949 3731 1095 3800 corrupta

62 3823 165 3884 lllelae
187 3823 326 3884 lectione
349 3825 503 3906 oppidum
520 3823 599 3884 illud
616 3818 718 3882 forsan
736 3819 848 3884 haullt.
898 3821 986 3882 Solae
1007 3819 1096 3880 enim

62 3922 230 3986 Laconicae
260 3923 442 4006 Therapnae
475 3923 528 3984 alii
557 3935 676 3984 norunt
707 3921 900 4004 Geographi.
953 3937 1093 3984 voasrve.

66 4025 282 4104 Therapnaea
299 4025 382 4088 Mela
399 4027 481 4086 inter
498 4023 610 4088 Cretae
631 4022 724 4086 urbee
742 4017 916 4084 notilltutaa
938 4041 1010 4081 cum
1030 4019 1094 4082 tilu-

61 4123 183 4190 rathula
209 4139 243 4190 et
266 4125 441 4212 Holopyxo
463 4124 597 4198 centeri,
630 4137 721 4186 notat
743 4123 898 4188 Cellatiut
920 4123 955 4184 io
976 4121 1092 4206 Geogt.

630 4226 713 4290 tttru
741 4239 763 4290 2
