2826 4936
370 444 459 500 ιη.
488 447 540 498 nr.
584 445 617 500 c.
639 445 675 504 v.
718 445 742 513 t.
767 453 798 514 a.
1046 447 1105 516 143

234 621 265 698 §.
295 629 327 698 8.
379 614 701 697 ambigurrm-)
750 617 841 701 Prag.
872 615 972 678 Vatia.
996 627 1028 692 3.
1059 616 1106 674 in·

64 718 159 783 verso
179 723 291 783 ordine
311 717 508 802 aliquamdiu
531 715 731 798 arrrbigunnr;
759 719 910 780 Schottue
932 717 1106 801 legendum

65 820 175 884 caniet
194 820 376 904 ambiguum
397 819 587 904 rrlr'qnnnrlo¹
620 821 705 900 quod
724 819 761 880 ari
785 819 881 900 ipsam
902 839 970 880 rern
993 837 1106 899 parum

65 925 155 985 valet
170 937 203 985 et
220 925 327 986 minue
343 923 432 985 illam
453 921 711 986 emendationem
730 921 926 982 netellariam
944 919 1029 984 facit.

143 1147 191 1188 ce
209 1117 304 1218 sine
321 1117 446 1216 fine)
494 1122 589 1188 Paris.
608 1139 641 1186 Ω.
665 1123 771 1186 Harrr.
788 1123 878 1208 Prag.
893 1143 935 1183 cn
951 1118 1105 1216 fincfirre.

64 1227 141 1292 Post
163 1229 271 1292 Cibin.
293 1229 478 1310 prorcr'ecta.

140 1427 364 1522 Pityficos)
413 1431 528 1492 Vener.
548 1419 643 1510 pfios
668 1428 689 1490 i.
705 1449 733 1492 e.
754 1417 973 1518 philosophos,
998 1427 1105 1488 latiori

67 1531 157 1594 sensu
183 1533 337 1594 nominis.
392 1533 428 1592 ln
453 1529 536 1612 sequ.
566 1533 705 1592 Vatican.
728 1529 836 1593 ttbrn.
861 1532 1009 1614 ignorant
1037 1531 1103 1610 qui.

64 1635 132 1696 Pro
154 1624 382 1724 circumfufirm
402 1633 549 1696 Ciaccon.
574 1633 637 1694 sine
655 1629 740 1692 causa
764 1632 951 1692 emendabat
976 1633 1105 1691 circum·

55 1731 177 1823 flunm.
225 1733 426 1798 trucibus:
463 1733 524 1795 see
546 1746 674 1816 praeter
693 1761 744 1776 ·-·
774 1753 840 1815 cap.
868 1747 925 1811 25.
956 1745 1105 1793 numerat

62 1839 116 1900 ed.
142 1839 262 1899 vineti.

148 2038 366 2101 Cornelius
390 2035 551 2118 Nepos)
589 2039 702 2099 Vener.
721 2035 761 2100 L.
779 2037 900 2114 Nepos.
937 2035 977 2100 At
992 2035 1105 2100 diserte

65 2140 222 2204 Cornelio
247 2139 367 2222 Nepoti
387 2139 468 2199 hanc
490 2141 702 2202 narrationem
726 2138 837 2202 tribuit
858 2141 954 2200 etiam
978 2141 1104 2202 Plinius

68 2259 100 2314 2,
119 2242 182 2320 67.
209 2261 269 2304 nec
287 2243 341 2304 ille
363 2242 517 2331 innotuit.

145 2457 189 2506 ut
214 2445 417 2512 recentior
441 2445 703 2506 anctoritate
722 2443 797 2526 -)
848 2437 972 2506 Voffiua
991 2463 1029 2504 ex
1052 2461 1105 2502 co·

68 2547 197 2608 dicibue
221 2545 283 2608 luis
305 2543 422 2608 adfert:
457 2559 492 2606 ut
513 2549 674 2614 recentior,
701 2547 748 2606 ito
770 2547 962 2606 auctoritate
980 2545 1104 2606 certior.

67 2653 127 2720 At,
157 2647 233 2710 telle
256 2649 294 2710 A.
319 2647 503 2716 Gronovio,
537 2645 617 2708 totus
642 2649 682 2706 ita
705 2647 816 2706 habuit
836 2645 916 2707 Voff.
938 2667 965 2706 t.
992 2645 1104 2724 reliqui

68 2769 183 2812 omnes
214 2761 251 2810 ut
274 2751 426 2811 recentior
450 2749 661 2818 anctoritate,
688 2745 742 2838 fic
769 2751 896 2816 certior,
929 2765 988 2806 nec
1014 2747 1103 2804 aliter

69 2871 219 2912 meorum
241 2853 401 2932 plerique,
426 2850 459 2909 in
486 2850 601 2930 quibua
624 2851 823 2934 Augustinor.
848 2863 969 2930 praeter
993 2847 1101 2908 (iibin.

70 2967 103 3014 et
119 2949 213 3013 Parii.
238 2971 267 3015 r.
293 2969 325 3014 o.
351 2965 384 3028 3.
411 2951 465 3032 qui
484 2953 658 3012 concinunt
680 2971 752 3010 curu
775 2949 854 3012 Voff.
879 2972 906 3012 r.
958 2949 1102 3009 Priorem

69 3055 244 3116 lectionem
266 3054 475 3114 reddiderunt
497 3053 657 3114 editiones
679 3071 790 3114 omnes
807 3053 844 3112 ad
864 3046 1019 3118 Vossrurn,
1045 3051 1102 3130 qui

67 3153 193 3238 posuit:
228 3167 263 3216 ut
286 3155 436 3216 recentior
459 3167 588 3223 auctor,
607 3150 662 3244 fic
683 3155 812 3223 certior.
844 3171 984 3232 euntque
1008 3149 1103 3210 secuti

68 3255 231 3318 Gronovii
252 3257 285 3316 in
302 3257 374 3317 edd.
391 3265 451 3334 40.
470 3265 529 3334 4¹·
546 3266 605 3332 42.
634 3255 709 3316 inde
730 3257 857 3336 antiqua
880 3255 975 3316 lectio
998 3255 1102 3322 rediit.

65 3377 164 3440 quam
181 3371 269 3419 antea
287 3357 477 3418 Reinoldiue
499 3355 696 3440 probaverat.
731 3375 936 3418 ‘rzecrrvcrn
991 3355 1102 3414 Forte:

68 3474 106 3520 ut
129 3461 430 3528 recerrtt'or‘cetcte,
457 3455 511 3548 fic
533 3459 656 3520 certior.
717 3459 890 3520 Suetonius
915 3459 947 3516 iu
970 3455 1101 3516 Tiberio

70 3555 161 3648 [cap.
181 3553 236 3645 5.]
272 3560 334 3620 snt
352 3573 390 3620 ut
411 3559 517 3640 plures
539 3559 742 3641 certioresque
764 3560 915 3628 tradunt,
942 3553 1102 3646 natusest

69 3665 204 3726 Romae.
226 3681 431 3723 ciacconius.
468 3659 514 3722 Ut
534 3662 682 3720 recentior
696 3664 898 3729 auctoritate,
930 3680 959 3718 tc
974 3654 1100 3738 certior)

69 3767 182 3847 lnepta
206 3763 310 3824 lectio.
350 3764 438 3846 Quid
452 3763 539 3822 enim
555 3761 598 3822 ert
619 3763 810 3822 auctoritate
824 3759 962 3822 certior?
999 3757 1100 3818 Manu

69 3869 184 3926 exarati
202 3865 292 3926 libri:
326 3879 361 3926 ut
382 3864 545 3934 recentior,
572 3863 622 3922 ita
642 3866 837 3924 auctoritate
857 3861 983 3929 certior,
1010 3861 1099 3940 quod

70 3987 166 4050 aeque
186 3969 343 4050 ineptum.
397 3965 525 4048 Scriplit
550 3963 650 4025 Mela:
678 3977 714 4024 ut
736 3967 885 4026 recentior
905 3975 1026 4028 auctor,
1052 3961 1101 4020 r'tc

69 4071 192 4132 certior.
219 4087 364 4130 voratus.
411 4067 459 4128 Ad
476 4063 652 4128 Vossiananr
670 4065 842 4126 lectionem
860 4063 990 4124 inclinat
1004 4061 1100 4122 etiarn

70 4172 175 4234 nouus
207 4172 247 4232 ad
277 4167 453 4254 fragmenta
480 4167 616 4251 Nepotis
640 4185 706 4250 cap.
732 4181 765 4244 7.
798 4183 932 4248 eamque
956 4165 1034 4226 locis
1061 4181 1101 4224 er
