2792 4940
323 463 381 531 14ss
621 447 862 510 ronrottu
901 451 1064 508 uncte

320 631 417 694 etiam
438 628 502 688 iilic
516 641 661 689 mortuus
678 627 730 697 eii,
754 629 839 708 quod
858 627 924 688 fieri
939 629 1058 709 potnit,
1079 644 1146 688 nou
1165 626 1198 687 id
1214 627 1356 710 contigit,

320 733 392 815 qnia
417 731 491 790 iiiuc
517 729 717 811 praemissus,
748 741 780 790 et
811 729 885 789 inde
910 729 1065 811 incipient
1088 726 1212 800 foliam,
1238 741 1358 809 poterat

320 835 366 895 ihi
386 833 503 906 morari
520 851 555 892 ac
577 829 710 912 praeesse
730 829 872 912 praesens
889 832 994 913 operi;
1024 829 1075 891 [εά
1091 832 1177 910 quod
1192 831 1272 914 liegi
1287 829 1358 889 illuc

321 933 457 1018 ingress'o
479 932 591 994 debuit
615 929 758 993 officium
781 929 898 1002 iacere,
924 947 956 993 et
975 931 1169 1015 progreffum
1191 933 1295 1012 operia
1313 931 1358 990 in·

322 1039 424 1098 iuncti
448 1054 619 1114 curamque
646 1031 730 1094 suant
753 1033 897 1114 probare.
949 1032 1034 1092 Nam
1057 1032 1096 1092 ab
1121 1032 1263 1094 Acantho
1282 1031 1358 1092 urbe

323 1158 390 1198 non
413 1133 560 1217 incepiiie
580 1133 700 1204 foliam,
731 1135 806 1196 inde
827 1153 954 1215 quoque
975 1149 1112 1214 apparet,
1140 1133 1224 1213 quod
1245 1135 1359 1194 Xerxes

324 1241 385 1300 iam
408 1257 540 1298 manens
562 1226 595 1296 in
611 1257 645 1298 ea
661 1235 741 1296 urbe
757 1255 822 1297 non
841 1249 982 1296 narretur
1000 1233 1107 1296 vidiffe
1130 1233 1237 1296 foliam
1252 1249 1283 1295 et
1299 1232 1359 1294 iuc-

326 1339 440 1402 celium
462 1339 583 1420 operis;
612 1336 697 1418 quod
715 1336 824 1418 procul
845 1336 944 1397 dubio
961 1350 993 1397 et
1014 1335 1089 1396 effet
1110 1333 1228 1397 iactum
1250 1348 1281 1395 et
1295 1354 1359 1394 nar·

326 1455 445 1502 raretur
465 1439 524 1500 eise
547 1437 682 1506 factum.
718 1435 768 1497 [εά
791 1431 830 1500 τὸ
854 1429 985 1525 ὄρυγμα
1008 1431 1153 1514 ἁκούων,
1185 1457 1301 1518 nempe
1322 1455 1359 1497 ex

325 1543 478 1604 relatione
503 1540 683 1608 Artachaei‚
716 1541 770 1618 qui
786 1539 824 1600 ad
847 1559 916 1599 earn
936 1559 1005 1600 rent
1024 1540 1101 1598 illuc
1120 1551 1251 1598 venerat
1273 1551 1305 1598 et
1326 1537 1359 1596 in

326 1645 475 1705 morbum
491 1642 617 1702 letalem
633 1641 756 1702 incidit.
807 1639 903 1700 Libro
924 1653 1031 1700 autem
1053 1641 1086 1702 6.
1108 1640 1224 1720 aliquid
1249 1639 1287 1698 de
1310 1639 1360 1698 Ar·

327 1745 457 1806 tathaee
485 1741 601 1802 narrari
625 1759 692 1802 non
717 1743 870 1813 memini;
908 1743 948 1802 cie
971 1741 1114 1802 Acantho
1142 1755 1174 1801 et
1195 1741 1253 1800 alia
1276 1739 1358 1800 cleiie

327 1845 413 1927 quod
431 1857 588 1912 narratur,
615 1841 695 1901 nihii
711 1843 749 1901 ad
768 1843 989 1904 Attachaeum.
1043 1843 1122 1902 Vide
1142 1855 1260 1910 autem,
1286 1841 1359 1920 qnid

327 1957 396 2028 agat
417 1939 548 2004 Voffius.
602 1943 639 2002 ln
661 1941 933 2004 observationibus
948 1945 986 2004 ad
1003 1943 1120 2002 Melam
1144 1935 1197 2027 [v.
1218 1943 1287 2004 Vol.
1308 1933 1358 2024 2.]

326 2045 506 2108 Acanthum
529 2041 641 2104 urbem
664 2046 755 2125 ponit
776 2046 812 2104 ad
834 2045 933 2104 linum
949 2045 1151 2128 Singiticum.
1190 2043 1228 2103 iu
1250 2063 1360 2124 appen-

328 2148 397 2206 dice
413 2160 519 2206 antem
532 2145 687 2222 Thyiiom
703 2145 860 2227 oppidum
875 2147 953 2205 dicit
969 2147 1073 2206 eidem
1091 2145 1177 2206 litori
1195 2159 1229 2205 et
1246 2147 1358 2210 eidem,

327 2267 391 2328 quo
416 2248 506 2316 Sane,
541 2247 697 2329 Singitico
724 2245 902 2327 appositum
926 2247 1019 2309 sinui.
1080 2244 1267 2308 itascilicet
1293 2261 1359 2305 tum

326 2347 505 2418 Acanthus.
539 2348 625 2405 unde
649 2345 724 2406 foiiu
749 2343 892 2408 voffiana
917 2349 1053 2427 incepit,
1088 2361 1157 2406 tum
1181 2349 1280 2416 Sane,
1307 2345 1360 2404 ubi

326 2447 401 2510 folia
427 2449 606 2510 Herodotea
630 2449 753 2516 sinitur,
787 2449 819 2507 in
843 2449 959 2509 eodem
982 2447 1053 2508 sunt
1077 2447 1153 2508 smu.
1207 2449 1293 2530 Ergo
1317 2467 1360 2508 re·

325 2564 440 2620 vertar,
467 2550 554 2609 rmde
578 2551 687 2629 coepi;
721 2551 802 2608 itero
819 2547 958 2610 Voiimm
980 2549 1035 2608 tibi
1057 2563 1182 2610 nectere
1200 2548 1359 2629 laqueum.

326 2651 404 2714 Non
422 2651 500 2711 dicit
514 2651 711 2719 Herodotus,
740 2648 846 2710 foliam
866 2651 950 2710 illam
974 2649 1012 2710 ab
1030 2650 1169 2710 Acantho
1184 2649 1263 2709 urbe
1281 2651 1359 2708 iuce-

325 2753 419 2834 pitte,
451 2755 542 2829 (eam
564 2772 631 2811 uon
656 2753 793 2834 tetigit.)
825 2750 875 2812 [εά
898 2747 976 2811 ciare
1000 2771 1066 2832 cap.
1093 2766 1151 2812 22.
1188 2747 1305 2812 Πεδίον
1329 2745 1360 2808 δὲ

325 2853 428 2917 τοῦτο
456 2853 541 2936 (ipse
569 2873 686 2934 nempe
717 2849 871 2934 isthmus)
902 2846 956 2913 καὶ
979 2846 1115 2914 κολωνοὶ
1143 2839 1180 2914 οὐ
1209 2845 1358 2938 μεγάλω,

324 2951 360 3017 ἐκ
388 2949 561 3040 θαλάσσης
590 2952 655 3015 τῶν
684 2949 860 3016 Ἀκανθίων
884 2947 933 3016 ἐπὶ
962 2949 1137 3015 θάλασσαν
1165 2947 1224 3037 ripa
1252 2949 1357 3014 Acrior

323 3049 485 3142 Τορώνης.
536 3051 598 3142 Est
620 3065 725 3113 aretem
749 3053 798 3113 ille
824 3075 955 3133 canipae
975 3067 1006 3115 et
1029 3055 1141 3114 tantuli
1161 3075 1224 3113 nort
1252 3053 1358 3132 niagni

323 3153 364 3214 ab
388 3157 469 3214 ruarr'
489 3155 716 3215 Acortthiorum
732 3155 776 3214 orl
799 3176 892 3222 ruore,
918 3155 1004 3237 quod
1024 3155 1068 3245 cst
1088 3178 1103 3213 e
1122 3157 1247 3234 regione
1268 3155 1356 3214 Toro-

323 3277 393 3316 nae.
446 3255 542 3315 Aliud
560 3253 612 3322 est.
645 3253 683 3314 ab
700 3253 761 3335 ipsa
779 3255 858 3314 urbe
877 3255 1020 3316 Acantho
1040 3258 1189 3337 incipere,
1215 3257 1300 3316 aliud
1320 3253 1355 3314 ab

324 3357 420 3422 mari.
455 3357 539 3435 quod
563 3355 608 3414 iiii
630 3355 700 3414 urbi
722 3375 841 3417 nomen
864 3357 975 3426 dehet,
1008 3358 1098 3417 cuius
1125 3375 1194 3436 pars
1218 3357 1354 3416 multum

322 3456 423 3538 potest
448 3456 486 3516 ab
511 3457 562 3516 itta
585 3454 702 3524 abette,
735 3469 772 3516 ut
798 3457 873 3518 haec
897 3473 980 3518 certe
1011 3459 1241 3518 Acanthiorum
1265 3459 1355 3516 maris

322 3577 392 3638 pars
415 3557 570 3617 isthmum
599 3557 747 3626 abluens,
781 3577 846 3618 non
870 3579 982 3639 parum
1007 3559 1044 3619 ab
1069 3557 1132 3639 ipsa
1160 3558 1238 3620 urbe
1264 3557 1352 3618 ahest.

323 3661 436 3720 fateor
455 3659 585 3740 quidem
603 3659 803 3719 Herodotum
823 3679 888 3720 non
911 3663 1031 3730 dicere,
1061 3657 1168 3720 iniiam
1189 3657 1301 3720 factam
1318 3657 1353 3718 ad

321 3761 425 3820 Sanen
447 3760 485 3820 ab
499 3759 637 3836 Thyiio,
666 3773 697 3820 et
715 3779 766 3822 eat
790 3763 866 3822 duae
888 3761 980 3822 urbes
996 3763 1028 3821 in
1051 3763 1164 3822 isthmo
1188 3761 1255 3822 snas
1277 3759 1352 3820 aisn·

321 3881 417 3929 mare.
446 3861 497 3922 [εά
514 3859 670 3940 Thyiium
687 3881 806 3942 ponere
822 3864 854 3920 in
871 3861 935 3942 ipso
953 3863 1049 3933 Atho,
1077 3875 1113 3922 ut
1129 3863 1262 3942 reliquas
1283 3881 1349 3940 qna·

318 3975 393 4023 tuor
421 3963 532 4032 urbes,
569 3961 619 4023 [εά
647 3964 752 4044 potuit
778 3983 812 4022 ea
839 3960 927 4024 fuiffe
960 3965 1092 4043 quidem
1123 3965 1203 4022 intra
1234 3961 1350 4028 foffarn.

316 4065 464 4144 proxime
484 4077 588 4122 tamen
605 4064 701 4124 iilam.
739 4063 953 4126 Commodius
969 4065 1006 4126 ari
1024 4063 1242 4125 difficultatem
1260 4064 1351 4122 hoino

316 4161 489 4228 sententiae
505 4165 691 4248 allegaretur
705 4163 824 4227 Auctor
839 4162 1054 4252 περιηγήσεως
1073 4167 1111 4226 ati
1129 4165 1349 4232 Nicomedem,
