2826 4936
340 437 384 510 9⁰
639 431 880 490 ronronrr
923 433 1085 490 nenne
1141 453 1146 464 ·

343 605 508 690 incognite
525 603 598 666 lunt
620 605 653 666 in
670 605 719 668 hie
741 607 842 669 terrie.
881 609 919 669 ln
934 607 1088 672 Strabone
1103 627 1130 670 e.
1148 609 1170 669 l.
1187 605 1228 669 ell
1246 601 1359 692 Bioonp·

344 729 413 794 γις,
438 709 471 768 in
490 707 676 768 Ptolemaeo
693 727 720 770 c.
737 708 757 770 l.
782 697 1001 796 Οὐισούριγις,
1025 709 1094 792 poll
1111 699 1293 792 Οὐίσουργις
1308 725 1358 766 me

345 813 418 873 line.
453 809 517 870 Dio
534 801 721 885 Callrue56.
745 821 799 888 ιθ.
816 823 848 872 et
864 811 939 870 alibi
957 824 1050 874 vocet
1066 800 1273 896 Οὖίσουργον,
1292 805 1358 868 fone

346 932 406 996 pro
422 899 635 994 Οὑίσουργιν.
669 909 724 972 etfi
748 913 875 995 graviue
898 912 959 974 hoc
977 932 1098 974 nomen
1122 916 1154 972 in
1177 913 1242 972 eine
1262 911 1359 970 codici·

346 1013 408 1074 bue
422 1025 609 1094 corruptum
630 1024 774 1082 notatur.
798 1013 838 1074 de
860 1033 923 1094 quo
940 1011 981 1078 ci.
1003 1017 1099 1075 etiam
1121 1015 1160 1074 ad
1178 1025 1233 1088 55.
1254 1033 1282 1075 ι.
1317 1011 1360 1068 Le·

349 1116 436 1184 tinio.
462 1114 562 1174 veluti
586 1112 693 1174 Plinio
709 1133 736 1176 c.
754 1115 776 1178 l.
806 1115 927 1176 Velleio
944 1131 975 1186 Ω,
999 1115 1141 1192 105.in.
1168 1115 1276 1174 Tacito
1291 1113 1358 1172 Ano.

350 1231 384 1287 2,
406 1235 440 1294 9.
479 1215 611 1278 Sidonio
636 1215 741 1296 Apoll.
764 1235 860 1276 carm.
886 1229 944 1294 23,
972 1227 1054 1296 243.
1079 1217 1122 1278 est
1149 1205 1305 1306 Visurgis.
1332 1225 1358 1271 nt

349 1331 468 1378 taceam
495 1314 674 1398 polleriorie
696 1318 806 1379 nelarie
826 1316 955 1382 formu.
1004 1319 1105 1382 Recte
1121 1319 1216 1403 igitur
1232 1305 1359 1407 Visurgis

347 1417 400 1482 hio
421 1419 546 1482 editum
568 1416 694 1499 prollet.

514 1621 545 1700 ς.
574 1628 610 1700 4.
661 1617 815 1702 Albim)
865 1622 918 1685 Sic
933 1621 1026 1686 MSS.
1042 1623 1082 1686 Λ.
1097 1622 1265 1692 Gronovii,
1288 1632 1359 1680 etex

348 1724 429 1788 mele
443 1722 550 1788 Cibin.
575 1721 659 1784 Gud.
680 1735 714 1784 et
734 1723 826 1807 Preg.
850 1735 883 1784 et
903 1721 986 1786 forte
1006 1725 1071 1786 alii.
1113 1725 1278 1786 Editionee
1289 1715 1359 1782 Albin

347 1840 381 1890 et
401 1823 503 1890 Albim
510 1845 524 1896 ,·
553 1837 609 1903 13.
627 1821 709 1897 Albi,
734 1838 771 1886 ιιι
789 1838 893 1896 antee,
919 1825 1095 1911 llehdiger.

423 2025 641 2108 Codanus)
691 2023 776 2109 Lipl.
800 2027 964 2098 roclenus,
999 2030 1048 2089 nti
1070 2028 1100 2089 el
1126 2043 1160 2091 et
1183 2027 1207 2089 d
1227 2028 1258 2088 in
1283 2021 1357 2084 (lobia

344 2125 434 2210 saepe
459 2125 606 2207 scripture
627 2138 659 2188 et
687 2131 820 2208 ancipiti
849 2128 1026 2204 versuumn
1066 2130 1178 2192 Cibin.
1204 2125 1358 2190 rhodanus:

345 2229 444 2290 Velio.
463 2241 495 2306 3.
513 2225 693 2306 Rodanns3
718 2227 815 2293 Parii.
838 2250 868 2293 ι.
891 2229 985 2314 Prag.
1008 2229 1192 2292 Rhodanus
1210 2250 1246 2290 ex
1266 2229 1359 2286 dicnn·

346 2329 387 2392 tir
407 2347 488 2392 voce
505 2327 586 2390 male
600 2343 758 2412 percepta.
790 2330 865 2394 Post
880 2331 1017 2395 Vindob.
1033 2353 1173 2415 magnus
1187 2345 1220 2395 et
1238 2319 1357 2420 refectus.

418 2532 509 2596 Hae
535 2553 575 2594 re
579 2531 598 2614 )
635 2533 681 2594 lta
700 2534 855 2595 videntur
875 2533 1014 2596 hahuille
1034 2555 1148 2598 omnen
1169 2535 1240 2598 libri
1259 2527 1356 2594 aciac-

346 2637 442 2700 oonio
465 2646 505 2694 et.
517 2633 556 2696 A.
574 2633 742 2696 Gronovio
760 2637 896 2708 conlari;
926 2638 966 2698 de
987 2637 1179 2717 quibusdem
1204 2648 1315 2697 tennnn
1332 2625 1355 2684 ld

345 2737 489 2798 aellinnat
505 2731 638 2806 Voffiun
662 2736 702 2796 de
720 2732 774 2798 sno
788 2738 830 2799 H.
845 2735 1026 2819 Stephanus
1041 2739 1074 2796 in
1090 2735 1292 2818 praefatione.
1319 2729 1355 2788 Εῐ

347 2841 430 2902 mele
447 2837 554 2900 Cibin.
570 2838 631 2896 hac
644 2857 693 2908 re,·
721 2837 805 2900 Gurl.
819 2839 902 2910 otiu
926 2839 1097 2922 llehdiger.
1113 2859 1189 2900 acer
1204 2859 1239 2908 e;
1264 2826 1355 2908 reliqui

346 2960 433 3010 acre.
469 2939 516 2998 uti
538 2938 612 2999 edd.
641 2957 671 3000 1.
694 2951 727 3016 3.
748 2947 832 3020 φῦ.
855 2940 889 3002 6.
913 2954 947 3014 7.
969 2953 1003 3016 3.
1027 2957 1060 3017 9.
1083 2958 1138 3001 ιο.
1161 2960 1216 3000 ιι.
1238 2933 1355 2998 etdein·

344 3059 419 3120 cepe
434 3040 573 3120 reliquae
590 3052 713 3122 praeter
728 3041 879 3100 vinetum
896 3054 929 3101 et
943 3041 1124 3109 Schortunr,
1152 3043 1207 3122 qui
1224 3039 1357 3098 dederunt

343 3141 404 3199 hae
419 3161 459 3209 re,
485 3140 571 3220 qnod
588 3140 664 3202 inde
678 3160 695 3202 a
711 3137 817 3202 Voffio
833 3141 1008 3202 constanter
1021 3141 1144 3212 manin,
1173 3155 1210 3201 ut
1225 3152 1256 3200 et
1269 3153 1355 3198 emen·

342 3240 429 3302 clarat
452 3241 632 3304 Pinianus.
671 3243 711 3302 ln
733 3243 784 3302 ed.
804 3257 834 3306 2.
852 3241 915 3325 legi
936 3245 1009 3304 Acie
1031 3263 1124 3304 mare.
1170 3249 1354 3302 rzecnrcrr..

342 3342 442 3403 lleote
465 3341 651 3414 Ρίιιιίιιιιιιιι,
682 3343 744 3404 hac
764 3363 812 3412 re,
845 3343 931 3423 quod
952 3355 984 3403 et
1007 3343 1080 3403 libri
1104 3345 1235 3424 quidam
1256 3353 1285 3402 et
1306 3331 1356 3415 ipsa

341 3443 421 3506 ratio
442 3444 619 3506 confirmat.
673 3445 764 3504 quta
788 3444 875 3504 enim
903 3445 1090 3525 opinionem
1114 3460 1261 3505 veterum
1284 3451 1354 3497 mere

342 3545 405 3608 hoc
420 3543 661 3625 septentrionale
680 3564 748 3606 non
764 3564 849 3615 acre,
877 3541 926 3605 sed
948 3547 1093 3630 pigrum.
1120 3543 1174 3606 led
1189 3547 1354 3604 immotum.

344 3645 394 3708 led
418 3648 514 3730 glacie
535 3646 736 3708 constrictum
753 3659 786 3706 et
801 3659 977 3708 mortuum.
1027 3647 1158 3708 Tacitus
1174 3647 1213 3706 de
1231 3637 1354 3704 moribus

345 3747 454 3810 Germ.
478 3742 526 3834 [c.
542 3759 602 3827 45.
618 3741 685 3834 in]
724 3746 827 3808 Trans
854 3748 988 3808 Suionas
1008 3747 1097 3808 alind
1119 3768 1220 3816 mare.
1246 3743 1353 3824 pigmm

344 3871 383 3910 ac
403 3870 502 3930 prope
523 3850 700 3918 immotum,
734 3868 796 3929 quo
819 3849 903 3927 cingi
922 3847 1066 3930 eludiqrre
1092 3861 1244 3909 terrarum
1265 3837 1351 3903 orbem

344 3953 421 4012 hine
433 3947 537 4042 fides,
570 3949 657 4033 quod
677 3962 833 4010 extremus
856 3947 998 4010 cadentis
1019 3953 1083 4009 iam
1099 3941 1183 4038 solis
1195 3939 1307 4037 fulgor
1325 3939 1351 3997 in

342 4065 432 4115 ortus
456 4051 567 4112 edurat
593 4050 672 4112 arleo
698 4051 816 4118 clarus,
853 4061 890 4108 nt
912 4045 1024 4139 sedern
1048 4047 1175 4111 heberet.
1226 4057 1349 4105 voeerrs·

340 4159 418 4216 Acre
440 4151 537 4214 multi
556 4165 662 4216 tamen
680 4163 826 4222 tuentur.
852 4163 947 4232 etque
966 4153 1002 4213 in
1019 4151 1078 4214 heo
1096 4170 1173 4216 voce
1193 4149 1351 4231 elegantem
