2814 4946
347 457 810 531 nmnomoffi
1040 467 1103 534 m

74 636 218 699 Heinsius
242 637 281 700 ad
299 635 407 699 ·Ovid.
435 637 550 700 Fallor.
574 645 609 716 4,
632 645 719 714 475.
754 644 787 696 et
807 631 845 694 ad
870 633 926 696 Sil.
950 631 1019 694 ital.
1048 641 1103 712 14.

76 751 151 815 208.
192 741 233 800 ln
258 739 364 800 Plinio
390 751 497 800 tamen
522 751 554 814 3,
582 749 637 820 14.
655 735 676 800 l.
694 747 727 813 8.
748 737 854 797 editur
876 737 1020 814 Acragas
1039 733 1105 796 fine

76 840 296 922 discrepantiae
317 853 408 910 nota,
439 839 494 902 etii
511 839 565 900 hic
583 841 620 900 A.
639 837 823 900 Gronovius
842 855 880 896 ex
903 837 1012 898 codice
1031 853 1104 917 pro·

77 937 131 1000 lest
147 945 268 1022 Aggar,
291 943 376 1024 quod
394 960 452 1024 pro
467 947 615 1022 Agragas
630 938 777 1020 scriptum
794 939 845 998 illa
864 949 964 1019 putat.
1001 935 1104 998 Numi

77 1053 190 1102 tantum
214 1065 282 1104 non
304 1063 417 1105 ornnes
438 1041 462 1103 k
485 1041 654 1111 exhibent.
681 1041 727 1100 uti
750 1039 858 1100 videre
873 1037 916 1100 eil
930 1039 963 1098 in
981 1035 1106 1100 Ralchii

77 1142 145 1206 Lex.
165 1163 257 1205 num.
283 1145 322 1206 T.
345 1163 373 1208 ι.
397 1145 433 1206 Ρ.
460 1163 489 1208 ι.
511 1163 542 1226 p.
570 1155 649 1222 195.
709 1143 789 1202 Tres
807 1143 895 1202 enirn
917 1153 1042 1200 tantum
1065 1139 1106 1202 ad

76 1243 226 1314 l'srntam.
248 1261 404 1308 monente
419 1247 483 1306 iam
499 1245 629 1306 Haintio
649 1263 676 1306 c.
693 1243 716 1304 l.
739 1263 762 1326 γ
781 1241 961 1310 ostendunt,
983 1241 1036 1303 oui
1050 1241 1104 1302 ali·

76 1365 147 1426 quos
168 1347 246 1408 alias
270 1347 394 1408 addidit
413 1349 641 1408 Torremuzza.
693 1345 795 1426 Atque
822 1361 894 1404 eam
922 1340 1106 1424 scripturam

77 1460 182 1510 sectam
196 1447 305 1510 centes
321 1449 558 1530 Havescampus
571 1447 609 1508 ad
626 1446 774 1508 Pasntans
789 1466 820 1528 p.
838 1455 922 1526 440.
944 1441 1005 1526 (cf.
1024 1441 1105 1506 thel.

77 1549 153 1612 Sicil.
170 1551 246 1612 Vol.
263 1546 322 1636 6.)
347 1549 520 1612 reluctante
547 1563 653 1610 tamen
681 1549 864 1608 Burmanno
888 1546 927 1606 aci
955 1543 1107 1608 Dorvillii

77 1649 168 1712 Sicula
190 1671 224 1732 p.
254 1663 338 1730 350.
362 1665 411 1722 et,
445 1653 501 1732 qni
525 1651 564 1712 ad
589 1649 810 1732 chalcographi
836 1667 975 1710 errorem
1001 1643 1107 1717 refert.

78 1749 224 1814 Eclshelio
245 1753 279 1812 iu
297 1753 438 1814 doctrina
456 1773 546 1815 num.
565 1751 603 1816 P.
622 1771 653 1816 t.
671 1751 740 1813 Vol.
761 1771 791 1812 1.
814 1771 846 1832 p.
871 1763 953 1828 192.
989 1747 1106 1811 Cluve-

78 1853 133 1912 rius
144 1856 243 1914 etiarn
257 1855 291 1914 iu
305 1854 411 1916 Sicilia
425 1867 490 1918 ant.
511 1873 539 1924 ι,
560 1865 614 1930 ι5.
632 1873 663 1933 p.
675 1867 758 1914 202.
784 1854 932 1930 Agragas
946 1849 984 1910 ab
999 1863 1107 1912 aucto·

79 1951 153 2015 ribus
172 1953 247 2037 ipiis
269 1953 449 2036 proiectum
473 1968 580 2036 putat,
613 1955 685 2034 quia
713 1953 789 2014 inde
813 1949 930 2012 lactum
953 1951 990 2012 lst
1016 1949 1108 2032 Agri·

80 2069 206 2132 gentum.
248 2057 290 2118 At
309 2057 350 2118 ita
365 2057 468 2118 Latini
490 2059 521 2116 in
545 2055 597 2116 lna
618 2055 725 2138 lingua
739 2073 836 2116 rocas
851 2073 890 2114 ex
907 2053 1033 2114 Graecia
1054 2053 1108 2114 do·

82 2155 177 2218 ductas
199 2161 393 2228 immutant,
419 2171 456 2218 ut
479 2155 615 2238 guberno
635 2177 651 2216 a
669 2147 839 2243 κυβερνᾶω
858 2169 891 2216 et
912 2154 980 2218 slis.
1033 2155 1109 2217 Suo·

82 2259 166 2318 cussit
187 2259 222 2319 in
249 2259 354 2320 vicina
378 2253 591 2346 urbe'‘llnpas
613 2258 796 2338 exesnplnru
815 2257 925 2320 limile.
978 2255 1107 2338 Nempe

81 2359 168 2418 Acrae
182 2359 225 2422 est
241 2361 274 2420 in
290 2361 383 2421 Livio
402 2373 459 2440 24.
478 2361 536 2438 56.
552 2362 597 2422 in.
623 2359 720 2438 Agris
733 2361 766 2419 in
784 2359 847 2420 tab.
864 2358 1013 2442 Peuting.
1024 2361 1057 2421 6.
1067 2358 1106 2420 E.

84 2456 125 2520 Οἱ
144 2463 251 2522 Surita
276 2475 309 2521 et
334 2461 515 2544 Welleling.
541 2462 580 2522 ad
608 2461 765 2522 Antonini
790 2461 861 2522 itin.
884 2479 915 2540 p.
936 2471 994 2538 89.
1046 2459 1109 2520 Alit

85 2575 238 2644 utramque
272 2559 408 2624 formam
440 2565 616 2645 accipiunt.
656 2563 689 2622 in
716 2561 831 2643 quibua
854 2559 897 2622 est
923 2559 1045 2622 Ernesti
1074 2560 1109 2619 in

86 2661 158 2724 clara
179 2665 346 2726 Ciceronis
363 2665 395 2726 h.
414 2685 445 2726 v.
497 2667 540 2724 Et
563 2663 601 2724 fic
619 2665 742 2724 variant
763 2662 848 2723 docti
864 2661 925 2721 visi
946 2661 979 2720 in
1003 2674 1109 2720 aucto·

84 2781 143 2822 nnn
165 2767 382 2838 eslitionibus;
426 2765 573 2828 Heinlins
603 2777 636 2826 et
663 2763 827 2825 Drakenb.
859 2763 893 2822 in
924 2763 1005 2824 Silio
1038 2759 1109 2824 ital.

84 2864 257 2942 praeferunt
275 2891 314 2946 g,
340 2867 524 2928 Hardninns
545 2869 577 2926 in
593 2866 718 2932 Plinio.
748 2865 861 2940 lleyne
877 2863 909 2922 in
928 2861 1061 2946 Virgilio
1081 2879 1109 2932 e,

86 2968 159 3042 quod
179 2983 210 3030 et
229 2971 334 3048 aptius
353 2969 482 3028 videtur
495 2969 532 3028 ad
548 2965 638 3028 ulum
655 2966 760 3028 Melae
776 2963 892 3026 Graeca
911 2959 1109 3028 adlectansts.

86 3065 182 3130 etad
201 3091 231 3141 s,
255 3069 308 3141 16,
333 3085 363 3134 2.
388 3071 422 3130 iu
447 3068 581 3131 Cnidus.

150 3285 186 3333 et
212 3271 440 3352 Heraclea)
488 3271 681 3336 Particulam
704 3283 736 3334 et
759 3272 915 3334 omittunt
937 3287 1010 3334 cum
1034 3269 1112 3332 vin·

86 3370 194 3436 dobon.
218 3375 291 3436 edd.
322 3375 453 3436 Vadiani
476 3387 508 3436 et
538 3373 672 3436 Olivasii
702 3389 860 3456 praeterea
886 3391 942 3438 21.
966 3381 1024 3452 24.
1053 3381 1109 3448 28.

87 3471 218 3546 Vinctus,
244 3475 408 3546 Schottns,
433 3471 565 3544 Voli'nsa.
589 3477 614 3536 l.
631 3476 827 3544 Gronovius.
849 3475 906 3556 qui
923 3488 1030 3535 tamen
1046 3473 1110 3532 iam

87 3573 116 3632 in
128 3579 175 3639 ed.
191 3587 251 3656 41.
274 3577 455 3646 sevocavit,
482 3579 568 3638 uude
591 3577 731 3638 stabilem
754 3575 858 3639 ladem
882 3577 996 3638 tenuit.
1047 3573 1110 3635 l'ro

89 3675 233 3738 llcruclea
250 3676 344 3742 Parii.
367 3699 393 3739 ι.
416 3677 567 3750 Aruclea,·
600 3675 693 3740 l’aril.
717 3697 748 3740 2.
771 3677 921 3749 Euclea:
954 3671 1050 3736 Parii.
1078 3685 1110 3753 3.

92 3775 256 3842 Tlscracleo.
299 3779 362 3842 Pro
389 3779 536 3840 Thermae
553 3800 590 3840 ex
608 3799 697 3840 more
714 3779 822 3842 Cibin.
846 3777 1032 3838 vindobon.
1054 3775 1110 3836 Pa·

90 3875 133 3940 ril.
155 3897 185 3964 3.
210 3882 282 3944 eslcl.
310 3901 337 3946 r.
366 3879 411 3942 2?
436 3895 467 3960 3.
495 3895 530 3960 sp.
556 3882 710 3962 aliaeque,
746 3883 841 3940 etiam
870 3877 1009 3940 Camert.
1037 3875 1109 3938 dld.

92 3977 167 4042 lunt.
188 3983 262 4042 dant
287 3983 315 4042 T
313 3985 434 4053 herme,·
461 3983 546 4042 Gusl.
570 3997 675 4044 terme.
727 3981 790 4042 Pro
811 3979 966 4050 Pelorida,
991 3979 1024 4038 in
1046 3997 1110 4059 quo

92 4098 189 4144 omnes
214 4085 283 4144 libri
317 4083 473 4152 conflant,
517 4085 627 4144 malim
653 4081 839 4150 Pelorioda‚
873 4093 910 4140 ut
944 4079 1110 4162 scripturae

92 4189 172 4244 tenor
193 4183 341 4248 [erretur.
389 4185 494 4248 Facile
516 4187 606 4248 enirn
628 4179 668 4249 ri
692 4205 715 4244 a
738 4183 869 4247 etssuera
890 4185 1007 4266 potuit.
