2788 4942
306 471 348 532 5⁰
606 459 843 518 romrotttr
886 459 1049 516 MELAE

306 627 433 692 nivibus
448 641 480 691 et
492 621 619 720 fractis
628 621 758 720 socnam
777 633 812 696 V
811 633 877 695 ada
897 634 932 697 V
929 655 1050 696 erouem
1067 631 1227 696 montibus.
1259 649 1322 692 voe·

307 751 386 794 ervo.
440 729 541 794 Vollti
568 733 739 794 lectionem
773 735 903 796 adllruit
931 737 1098 818 praecipue
1127 735 1324 800 Ptolemaeus,

307 835 415 894 necin
433 835 533 914 prima
551 835 644 892 aliam
662 835 784 896 literam
803 839 881 918 poni
897 839 1013 899 volunt
1026 839 1160 899 codices.
1199 838 1236 896 tt
1249 833 1325 914 quod

306 935 347 994 tle
368 935 438 996 Silii
460 935 623 996 codicibus
650 933 709 997 lule
740 955 913 1010 memorat,
955 937 1042 998 lein
1067 941 1154 1000 nullo
1176 938 1279 996 codice
1299 945 1326 994 et

306 1037 467 1104 editione,
501 1055 561 1096 uec
583 1037 616 1096 in
635 1055 748 1098 eorum
772 1043 926 1122 excerptio
951 1041 1062 1100 Grovii
1088 1037 1254 1106 invenille,
1283 1035 1326 1094 ad·

306 1137 410 1198 firmat
434 1135 715 1200 Drakenborchius
739 1153 772 1201 et
793 1141 859 1202 aliie
889 1139 1052 1202 codicibus
1078 1138 1221 1204 Volliurn
1245 1134 1325 1196 ulum

305 1237 365 1298 elle
386 1237 562 1300 arbitratur.
614 1239 655 1299 tit
678 1243 704 1303 ie
726 1261 796 1303 moe
812 1243 855 1302 eil
872 1239 991 1312 Voffit,
1018 1241 1088 1302 talia
1112 1242 1150 1302 acl
1170 1239 1250 1301 luam
1267 1255 1325 1298 rem

305 1339 428 1402 iactare.
467 1341 583 1410 immo,
607 1341 661 1422 qui
684 1345 815 1411 variant.
842 1343 961 1404 habent
980 1342 1024 1400 ibi
1044 1338 1240 1422 potillrmum
1260 1339 1325 1400 Gro-

304 1443 352 1502 tu't'
370 1443 421 1502 vel
445 1441 564 1504 Grorru'.
616 1445 651 1502 ln
666 1444 762 1505 altero
778 1447 846 1506 Silii
865 1445 935 1506 loco
952 1463 1063 1505 omnes
1082 1445 1116 1503 in
1139 1443 1251 1504 Grovii
1262 1459 1324 1500 con·

305 1539 462 1613 sentiunt.
498 1563 630 1622 eamque
653 1541 836 1626 scripturam
860 1543 925 1628 ipsa
947 1547 997 1606 vie
1024 1546 1177 1606 orationis
1198 1543 1322 1604 adiurat.

305 1643 375 1705 Nec
396 1646 486 1705 aliter
515 1643 558 1704 ibi
588 1645 664 1726 legit
690 1646 800 1708 Herm.
827 1647 996 1715 Barbarue.
1029 1649 1079 1706 uti
1108 1648 1177 1707 eius
1202 1643 1324 1724 superior

304 1759 379 1806 nota
401 1746 504 1807 docet.
557 1746 595 1805 ln
612 1747 718 1807 Plinio
742 1749 820 1808 olim
842 1747 1003 1830 legebatur
1021 1749 1117 1807 etiarn
1139 1747 1256 1813 (immi,
1278 1740 1324 1802 ubi

304 1847 491 1908 Hardninue
514 1859 621 1914 notat.
664 1849 697 1906 iu
726 1849 816 1910 tttss.
845 1851 924 1933 Reg.
955 1862 989 1908 et
1019 1849 1113 1910 Colb.
1138 1849 1197 1908 ell'e
1221 1843 1324 1906 Grovii.

303 1947 373 2028 lpse
396 1949 485 2008 dedit
511 1947 639 2018 Grovii,
673 1951 755 2028 quast
780 1951 882 2020 Graii,
917 1965 1028 2012 mutua
1051 1951 1122 2010 Silii
1145 1949 1323 2013 arrotoritate,

304 2050 357 2128 qni
374 2049 525 2109 Graecam
542 2051 580 2110 iia
602 2049 715 2110 tribuit
735 2055 892 2134 originem
910 2071 982 2112 curn
999 2052 1103 2112 Plinio
1123 2050 1202 2132 ipio.
1236 2052 1322 2125 Atque

304 2147 380 2209 haec
404 2149 549 2230 scriptura
567 2153 702 2212 omnino
724 2155 831 2232 potior
846 2153 1000 2220 videatur.
1027 2172 1121 2233 quam
1140 2166 1172 2212 et
1189 2145 1322 2211 inveniile

303 2247 333 2310 le
357 2252 389 2308 in
413 2253 538 2313 duobus
559 2252 688 2314 vetustis
705 2253 801 2314 Plinii
826 2255 917 2316 Mas.
942 2255 1085 2314 adfirmat
1108 2251 1276 2313 Relendius
1295 2249 1322 2305 iu

303 2353 422 2431 antiqu.
443 2354 537 2413 Lusit.
553 2354 606 2416 lib.
625 2375 653 2415 t.
669 2335 700 2436 p.
721 2374 754 2432 7.
780 2358 833 2436 qui
849 2369 881 2416 et
896 2355 937 2414 fic
952 2357 1064 2436 reponi
1082 2355 1154 2414 vult
1171 2357 1203 2412 in
1222 2351 1322 2417 nostro,

302 2465 422 2514 etcum
443 2453 547 2515 nostro
564 2457 595 2514 in
612 2455 798 2518 Ptolemaeo
819 2457 945 2516 Nonius
967 2458 1001 2514 in
1017 2454 1104 2534 llilp.
1128 2477 1154 2515 c.
1172 2467 1231 2534 [μ.
1270 2449 1322 2510 Ne·

301 2573 362 2634 que
386 2567 492 2616 tamen
513 2551 554 2616 ‘ro‘
577 2576 597 2614 a
618 2558 756 2636 recipere
776 2557 865 2618 aulus
884 2556 961 2626 lum,
988 2575 1060 2616 cum
1077 2557 1214 2616 alterum
1231 2569 1322 2614 tuean-

302 2667 353 2714 tur
385 2657 455 2716 libri
485 2676 598 2717 omnes
627 2677 701 2717 cunt
734 2657 934 2726 Ptolemaeo,
972 2658 1058 2738 quorl
1086 2677 1145 2716 nec
1178 2653 1322 2738 improbat

303 2757 448 2818 Heinfius
472 2759 510 2818 ad
532 2759 587 2818 Sil.
617 2773 649 2836 3.
674 2755 755 2836 366.
808 2759 970 2820 Videntur
998 2759 1052 2839 ipo
1075 2773 1219 2819 auctores
1240 2760 1270 2816 in
1289 2772 1321 2813 eo

303 2855 481 2920 dissentttle.
532 2859 683 2920 Ceterum
704 2861 790 2939 quotl
809 2863 846 2920 ad
864 2861 939 2921 lulii
956 2859 1097 2920 Oratorie
1112 2859 1219 2919 locum
1240 2855 1322 2939 perti·

301 2974 371 3028 net,
397 2957 573 3020 liconleraa
590 2981 606 3020 a
626 2963 650 3022 l.
669 2959 837 3022 Gronovio
860 2983 892 3041 p.
908 2963 993 3039 690.
1010 2979 1037 3022 c.
1058 2961 1078 3020 l.
1096 2973 1222 3030 notata,
1246 2959 1323 3019 vide·

301 3071 351 3120 tur
373 3061 426 3122 ille
447 3081 486 3122 ex
510 3057 608 3122 Vollti
627 3063 757 3145 iugenio
779 3061 959 3145 prosiluiffe.

376 3263 478 3332 Avo,
515 3263 715 3344 Celadus)
772 3265 957 3328 Coniuncte
989 3265 1065 3327 haec
1102 3265 1168 3326 duo
1201 3261 1324 3324 nomina

298 3360 465 3442 proferunt
481 3365 553 3424 iibri
570 3367 721 3447 plerique.
757 3367 862 3430 Vatic.
879 3367 1066 3438 conraldum
1089 3365 1233 3427 Vindob.
1254 3381 1321 3421 ono·

298 3463 456 3538 celandum
482 3467 657 3550 liehdiger.
679 3468 907 3540 avocelartdur;
933 3467 1027 3529 Paril.
1045 3482 1078 3544 3.
1099 3462 1321 3531 avocelnrrdus3

298 3561 391 3646 Prag.
423 3588 442 3624 a
467 3587 544 3626 voce
565 3567 676 3640 ladus;
713 3569 817 3631 Havn.
847 3591 967 3629 avocare
988 3569 1098 3639 ludum
1136 3565 1219 3647 Lipl.
1243 3563 1319 3624 Gud-

297 3663 415 3726 Venet.
435 3667 547 3748 aliique
564 3670 658 3728 etiam
676 3671 821 3731 meliores
838 3667 980 3732 Voffiaui
997 3667 1196 3730 avoceladru.
1245 3663 1320 3726 Edd-

303 3785 332 3826 ι.
353 3781 384 3827 Ω.
404 3781 435 3844 3.
454 3781 486 3846 lp.
508 3783 540 3844 5.
560 3788 594 3846 9.
613 3790 666 3833 tt.
684 3771 911 3843 auocelund1n3
935 3787 1001 3830 tutrt
1018 3769 1116 3830 tiivise
1130 3773 1200 3830 Avo
1219 3765 1320 3828 Celetr-

296 3865 356 3926 dus
382 3869 415 3930 6.
440 3883 472 3940 7.
498 3881 531 3944 8.
561 3890 615 3932 ro.
640 3887 694 3933 ru.
723 3887 777 3950 15.
800 3887 920 3933 ceterae
940 3891 1013 3932 cum
1031 3871 1162 3939 Vincto.
1183 3869 1319 3933 Scltotto.

299 3981 422 4028 tantum
442 3987 498 4032 20.
519 3970 697 4044 Gelnndus3
720 3969 848 4035 Vollrus
866 3993 938 4034 cum
954 3973 1081 4053 reliquis
1097 3975 1165 4032 Avo
1180 3967 1317 4030 Celadus.

296 4085 500 4131 ‘tzecnvcrrn
551 4073 792 4160 Auoeelarrdus)
847 4075 1031 4135 Ptolemaeo
1059 4068 1115 4159 [α.
1138 4068 1195 4158 6.]
1220 4085 1319 4129 amne!

295 4170 333 4230 iia
356 4171 434 4234 locis
452 4170 525 4232 luut
542 4179 628 4236 Auru
644 4189 676 4236 et
692 4174 797 4246 ssl'i‘bt's,
823 4175 887 4237 live
905 4191 940 4235 ut
954 4175 1067 4238 Strabo
1090 4171 1165 4262 [lib.
1186 4185 1218 4250 5.
1234 4191 1264 4252 p.
1279 4186 1317 4227 m·
