2752 4944
337 463 427 520 ΜΒ.
457 466 494 520 11.
538 463 571 520 c.
594 465 645 526 lv.
687 461 766 533 §.n
1014 475 1072 544 ²9¹

132 631 370 719 Campania)
420 634 504 720 Lipi.
534 635 675 700 Vindob.
702 637 795 723 Prag.
823 651 858 702 et
881 637 955 704 edel.
981 655 1012 706 t.
1039 658 1071 706 c.

80 747 102 814 5.
118 745 143 814 4.
162 751 191 814 5.
206 741 238 804 6.
265 755 298 814 7.
322 751 355 816 8.
381 755 415 820 9.
444 759 498 804 ιο.
522 757 577 802 tt.
601 756 655 802 lo.
679 743 878 822 omninoque
900 761 1012 804 omoee
1032 743 1072 804 od

78 833 185 899 lolium
202 841 371 922 Campani.
423 841 486 902 Hic
506 836 645 922 reposuit
664 839 855 922 Campania,
882 843 969 924 quod
986 863 1073 906 com·

77 938 176 1017 probent
194 943 306 1024 reliqui
330 943 395 1004 mei
416 943 551 1004 codices.
594 939 719 1025 Nempe
734 941 911 1006 offenderet
931 945 1071 1030 regionis

76 1039 213 1104 inmediie
241 1045 371 1127 populle
403 1044 678 1106 commemoratio.
728 1045 771 1106 At
796 1045 839 1106 ito
863 1057 896 1108 et
921 1049 1070 1128 proximo

76 1143 262 1222 capite§.12.
286 1147 406 1208 dixerat
427 1145 530 1206 noller
550 1145 674 1227 Pyraei,
699 1157 733 1208 et
754 1143 890 1210 Ltlumt
906 1161 939 1210 et
961 1145 1069 1244 istria,

74 1241 111 1301 uli
125 1247 206 1307 etiem
226 1247 351 1310 codices
372 1247 468 1308 multi
487 1243 577 1341 Iflri.

74 1439 83 1454 '
124 1447 257 1511 Brutti
267 1451 305 1534 i)
355 1449 530 1514 Mediolon.
551 1447 636 1512 Vols.
655 1463 687 1530 5.
708 1449 795 1512 God.
813 1451 946 1525 Erotem
969 1451 1070 1516 Vetic.

74 1543 148 1612 Cibin.
169 1549 271 1626 insti}
299 1551 438 1614 vindob.
463 1553 556 1636 Prag.
579 1549 697 1624 brocii;
738 1551 820 1635 Lipi.
844 1555 1017 1636 Rehdiger.
1038 1567 1071 1616 et
1157 1559 1161 1580 ⁸

74 1645 172 1712 iclorte
192 1651 393 1724 Panionia,
429 1655 540 1716 Venet.
565 1653 898 1716 Hevn.Bn1tit'cum
921 1652 1073 1718 e'tlitioni·

73 1743 209 1815 boetiam
225 1755 459 1818 Reinoltlianie.
510 1755 546 1816 ll.
565 1755 751 1816 Gronovius
772 1757 806 1815 in
830 1755 903 1816 edd.
924 1767 984 1836 44.
1006 1767 1068 1834 45.

72 1849 132 1912 ledit
142 1855 272 1926 Bruttii,
294 1857 379 1936 quod
398 1857 500 1940 postea
522 1855 645 1918 manin.
679 1853 731 1918 Cf.
751 1853 831 1916 inita
852 1857 890 1916 od
910 1871 940 1926 α.
959 1871 991 1930 7,
1012 1869 1068 1938 14.

71 1945 173 2016 Videtur
194 1969 302 2018 tannen
326 1959 368 2018 ita
392 1959 454 2018 iem
481 1956 623 2040 icripfille
648 1955 796 2022 Vinetuo.
846 1957 978 2020 Rectius
1001 1963 1070 2040 qui·

70 2048 134 2124 le'n,
155 2059 174 2118 fi
193 2061 290 2120 fidem
313 2057 445 2140 [equatio
463 2057 636 2140 priscorum
655 2071 951 2122 monumentorum.
989 2059 1068 2124 Viti.

70 2149 163 2222 Gruter.
189 2181 219 2242 p.
245 2179 326 2245 199,
354 2181 384 2223 t.
425 2161 459 2222 in
482 2161 594 2242 primic
617 2179 648 2242 p.
672 2161 757 2238 296.
802 2157 928 2224 lieinei.
952 2161 985 2231 6,
1010 2177 1066 2224 12.

70 2249 187 2323 liurator.
214 2283 248 2344 p.
276 2259 359 2339 613.
386 2270 422 2340 4.
461 2273 565 2338 1078,
589 2275 622 2340 3.
674 2261 839 2322 Accedunt
857 2261 977 2332 Graeci,
1002 2265 1067 2344 qui,

69 2355 104 2415 ttfi
118 2361 144 2420 in
157 2366 255 2424 vocali
272 2363 543 2444 antepenultimee
562 2363 750 2443 discrepant,
773 2361 943 2423 consonam
961 2375 1069 2426 temen

68 2453 296 2546 ingeminare
319 2463 429 2526 solent.
487 2465 540 2527 Sic
561 2461 725 2548 Bpovnnio
752 2477 783 2524 et
806 2453 978 2550 Βρούττιοι
999 2465 1069 2528 Ste-

68 2555 173 2636 phanue,
197 2567 254 2626 ubi
276 2567 437 2627 literarum
456 2565 535 2627 ordo
557 2567 589 2626 id
610 2577 732 2632 tuetur.
760 2563 813 2624 etll
831 2555 982 2650 Bpoimot
1002 2567 1067 2628 edi·

69 2669 102 2716 nr
119 2665 144 2724 in
164 2667 349 2728 Ptolemaeo
377 2685 406 2736 2,
435 2685 465 2731 1.
517 2668 580 2738 Sic,
607 2667 694 2747 quod
719 2667 870 2728 Collatino
897 2669 930 2726 in
949 2667 1067 2750 Geogr.

66 2775 109 2823 nt.
129 2781 156 2836 α,
177 2785 209 2847 9,
233 2769 320 2844 625.
356 2787 395 2830 ex
420 2769 564 2850 Appiano
593 2769 633 2829 de
657 2767 693 2830 B.
718 2767 859 2830 Hannib.
891 2763 980 2852 (cap.
1004 2781 1065 2848 44.

65 2867 106 2938 lt·
134 2866 209 2952 54.)
248 2859 400 2956 Bpotimot
444 2867 562 2941 adfert,
616 2867 854 2952 hlffragantibue
904 2870 1068 2933 codicibus

64 2969 155 3028 transiit
171 2973 203 3031 in
215 2961 408 3058 Βρούττιοι.
435 2971 474 3031 tle
494 2989 557 3052 qno
574 2967 614 3032 cf.
632 2967 921 3054 Schweighaeuser.
945 2971 1013 3033 Vol.
1032 2985 1065 3050 3.

64 3067 206 3153 P·579iq.
237 3071 295 3132 uhi
316 3073 413 3134 etiam
433 3069 579 3156 Bpe'mot
602 3071 666 3132 huc
685 3069 796 3140 refert,
829 3073 915 3151 qnod
939 3072 1067 3134 damna·

64 3181 126 3228 nm
146 3173 183 3233 ll.
200 3173 390 3254 Stephanae.
434 3174 481 3233 lta
496 3175 583 3232 enim
601 3171 634 3232 hi
651 3173 762 3254 populi
784 3169 895 3254 passim
908 3173 942 3232 in
959 3185 1067 3234 aucto·

64 3265 127 3331 tibus
141 3273 262 3337 Graecia
283 3289 315 3335 et
336 3275 370 3334 in
391 3275 498 3336 numie
517 3273 627 3336 multie
649 3275 862 3354 adpellantnr.
889 3275 929 3336 de
952 3275 1067 3354 quibue

63 3367 110 3429 lid.
125 3373 235 3437 liniche
255 3379 289 3434 in
312 3375 387 3438 Lex.
412 3395 502 3438 num.
527 3377 567 3438 T.
594 3395 623 3438 t.
648 3375 683 3434 P.
711 3393 740 3438 1.
763 3395 796 3456 p.
826 3377 919 3453 1609
938 3373 998 3457 iqq.
1034 3389 1067 3437 et

64 3463 210 3538 [ethelin
233 3477 378 3538 doctrina
406 3477 555 3540 num.1’.
582 3497 610 3536 ι.
640 3477 709 3538 Vol.
733 3495 762 3538 1.
788 3497 820 3559 p.
845 3477 912 3540 166
931 3473 971 3556 [4.
1023 3477 1067 3536 Et

64 3565 200 3640 icstrabo
223 3575 370 3664 Βρέττιοι
392 3577 487 3639 habet
507 3591 539 3638 et
555 3573 695 3663 Bpencie
719 3579 821 3659 prima
844 3577 1065 3658 etlpellntione.

65 3685 89 3728 tt
105 3693 155 3754 quo
174 3679 291 3741 deinde
314 3700 331 3740 a
356 3681 476 3740 Latinilt
506 3680 626 3760 prodiit
648 3679 824 3742 Bruttium.
877 3675 928 3741 Cf.
955 3679 1010 3740 lib.
1032 3675 1064 3742 6.

65 3785 85 3845 Ρ.
101 3795 136 3838 m.
160 3779 239 3855 176.
264 3779 285 3840 l.
312 3791 395 3856 255.
420 3793 451 3840 et
472 3779 557 3842 olibi.
610 3779 693 3840 Nam
714 3781 801 3862 quod
824 3779 881 3840 lib.
906 3791 938 3856 5.
965 3801 998 3862 p.
1021 3797 1065 3840 m.

68 3875 124 3950 146.
143 3877 162 3942 i.
180 3899 262 3944 ott.
288 3879 412 3968 Bpinot
436 3883 551 3964 legitur
571 3883 771 3952 etiamnunc,
807 3883 839 3942 id
862 3881 902 3943 ad
924 3883 1066 3941 miletam

66 3965 169 4040 formam
199 3997 352 4044 revocant
383 4002 422 4044 ex
450 3983 612 4044 codicibus
636 3983 716 4045 meio
746 3981 840 4046 Parii.
864 3997 896 4044 et
922 3979 1065 4042 llloicoc.

66 4069 178 4144 lltvero
202 4083 342 4170 Βρεττία
365 4097 397 4144 et
425 4083 571 4170 Bpimol
598 4085 633 4144 in
659 4083 795 4164 Polybio
825 4079 954 4166 paffim.
986 4101 1066 4162 quoe

64 4187 88 4232 ἔκ
100 4185 198 4246 variata
217 4199 385 4249 auctorum
405 4183 553 4268 scripture
573 4183 734 4268 separatim
756 4197 984 4248 commemorat
1001 4183 1067 4245 Ste-

653 4289 733 4350 ΤΩ
