2792 4940
407 453 825 524 mortorum
946 533 950 541 Ι
1096 471 1137 538 93

95 623 261 687 lleinoldio
290 623 465 709 Thyniam.
497 646 700 690 rzacurcnn.
750 625 950 712 Tltiorninrn)
990 627 1138 694 salben·

96 727 167 786 dum
195 726 375 789 narniam
401 749 441 790 ex
474 729 592 800 Plinio,
623 727 678 820 [4,
708 741 760 808 ¹8·
785 729 805 792 l.
835 725 911 818 rt.]
949 729 1136 796 Ptolemaeo

94 821 248 914 [3,11.]
275 831 406 893 cetaria.
445 849 633 894 taratara.
682 831 886 898 Ptolemaeus
907 831 1064 894 Thioindo
1079 853 1136 896 vo·

92 944 135 988 cat
150 949 223 990 turn
245 933 352 993 unico
375 954 407 999 n.
435 933 643 1016 adstipulante
663 935 758 994 etiam
775 935 916 1002 Arriano.
942 929 996 1021 [in
1011 936 1136 1018 periplo

92 1027 184 1092 Ponti
212 1052 246 1112 p.
277 1043 342 1114 24.
369 1029 493 1122 Hodi]
522 1033 579 1096 nist
602 1035 688 1116 quod
715 1055 788 1094 curu
813 1057 834 1116 y
856 1033 960 1096 scribit
987 1037 1135 1117 primam.

92 1144 120 1192 et
132 1132 207 1194 litua
222 1152 296 1194 non
313 1137 578 1216 promontorium
596 1134 685 1203 lacit,
710 1135 890 1216 Stephanus
911 1153 1035 1218 utroque
1055 1135 1135 1220 Thy·

91 1233 156 1292 nios
180 1233 321 1315 profert.
358 1238 476 1317 Sitque
499 1235 696 1298 scribendum
717 1238 748 1296 iu
767 1238 860 1304 lllela.
887 1238 1035 1318 quicquid
1052 1237 1136 1300 dicat

90 1335 293 1398 Hermolaua.
339 1355 545 1401 rturtauva.
623 1338 800 1398 Tlrionrinm
839 1339 935 1398 etiarn
968 1335 1063 1398 refert
1094 1357 1135 1401 ex

90 1434 201 1496 Nostro
232 1437 410 1501 Boccatiua
430 1439 502 1502 c.l.
547 1433 666 1514 Θυνιάς
690 1453 817 1508 autem,
849 1441 895 1498 uti
921 1441 983 1500 iarn
1010 1440 1137 1500 notarit

87 1537 267 1606 Pintianur.
297 1537 441 1598 scribunt
462 1536 527 1602 lere
545 1555 686 1602 auctores
704 1539 825 1616 Graeci,
852 1541 947 1602 etiam
968 1539 1080 1602 Strabo
1100 1555 1133 1614 7.

86 1657 117 1719 p.
147 1659 193 1700 m.
225 1653 314 1702 221.
344 1639 366 1701 l.
394 1655 479 1720 519.
533 1641 681 1723 Apollou.
717 1641 823 1702 lllrod.
853 1657 885 1710 tt,
917 1653 1003 1720 485.
1047 1641 1131 1720 6¹75.

86 1739 246 1818 scymnus
271 1741 378 1802 Chius
403 1763 437 1804 v.
459 1757 543 1822 727.
577 1757 609 1804 et
634 1761 671 1802 ex
698 1761 737 1802 eo
763 1755 875 1802 auctor
900 1743 1012 1824 peripli
1037 1741 1135 1804 Ponti

85 1859 115 1921 p.
136 1851 191 1916 15.
218 1839 323 1902 Hodl.
379 1843 427 1902 lta
449 1855 482 1902 et
500 1841 598 1904 hodie
618 1843 732 1926 legitur
747 1845 780 1902 in
799 1843 905 1903 Plinio
925 1863 952 1904 c.
970 1845 992 1906 l.
1014 1855 1046 1904 et
1071 1841 1135 1904 lina

86 1940 183 2002 dubio
207 1939 332 2012 Θυιιάς
354 1962 416 2023 pro
437 1939 547 2018 Θινιάς
568 1945 628 2028 leg.
650 1943 692 2004 eit
711 1945 744 2002 in
766 1943 963 2005 Ptolemaeo.
1023 1943 1134 2008 lllloua

88 2040 161 2100 binc
180 2045 281 2102 etiarn
305 2055 396 2104 recte
421 2047 579 2127 geminata
601 2043 738 2106 consona
762 2045 964 2106 llurrnanuua
987 2045 1134 2106 deditio

89 2141 193 2204 vater.
216 2145 334 2205 Flacco
357 2155 393 2223 4.
418 2155 504 2224 494.
536 2145 704 2227 Tityrutnea
725 2147 840 2216 lituro,
873 2147 958 2228 quotl
985 2165 1045 2208 uec
1068 2163 1136 2208 me·

92 2256 173 2303 trum
196 2245 355 2328 cogebat,
397 2247 448 2304 uti
471 2247 588 2307 docent
616 2245 779 2327 Apollonii
801 2247 885 2318 loca.
928 2251 1068 2328 itemque
1099 2249 1134 2310 in

88 2343 209 2405 Ovidio
228 2345 327 2406 Trilt.
351 2367 380 2413 r.
403 2366 457 2416 to,
476 2361 496 2426 5
503 2361 534 2424 5.
560 2347 736 2429 Thynuioci
748 2343 854 2436 finus.
892 2347 955 2408 Pro
979 2347 1134 2429 Thyniam

86 2443 294 2507 scribendum
319 2447 469 2507 rideatur
495 2439 655 2530 Thybrino.
689 2463 725 2507 ut
746 2449 827 2510 ratio
857 2445 978 2510 tonnae
1002 2447 1133 2512 constet.

88 2547 184 2627 Qnud
211 2551 306 2609 enirn
323 2549 431 2610 Schol.
450 2549 611 2630 Apollonii
633 2551 668 2610 ad
690 2565 722 2618 2.
743 2551 828 2628 674.
853 2565 883 2611 et
905 2564 995 2610 anteo
1010 2561 1134 2620 monet,
1191 2567 1196 2584 ·

87 2647 208 2709 Θυνέαν
229 2667 291 2728 pro
312 2644 458 2710 Θυνιάδα
484 2649 602 2710 barbari
628 2649 786 2712 dicebaut.
838 2651 887 2718 At,
917 2651 988 2730 quia
1010 2661 1136 2712 arceto

86 2748 155 2808 talu
180 2745 291 2812 Θυνία
315 2751 450 2810 derivari
473 2751 574 2830 potest
595 2749 730 2820 Θυνίαν,
764 2761 887 2812 rectum
909 2751 1001 2810 illum
1029 2747 1136 2811 calum

86 2850 281 2918 statuamus,
314 2851 402 2910 unde
423 2853 457 2910 in
482 2851 612 2932 obliquo
643 2853 763 2912 Latinis
786 2849 945 2934 formatur
968 2851 1135 2932 Tirynt'aut.

86 2965 125 3009 ut
143 2951 184 3012 ab
204 2947 399 3040 Aeherrfia.
425 2949 633 3042 Acherufiom.
683 2953 736 3014 sic
756 2951 956 3013 Demetrium
980 2971 996 3012 a
1021 2949 1136 3010 Deme·

83 3053 151 3111 tria
174 3053 336 3112 videntur
364 3051 511 3112 derivalle
540 3053 656 3114 librarii
683 3071 712 3122 a,
736 3067 769 3132 3,
794 3055 828 3116 6.
863 3055 917 3114 etsr
940 3053 983 3112 ibi
1008 3051 1136 3135 gravior

86 3153 255 3213 dubitatio
278 3152 439 3214 obiicitur.
491 3151 542 3214 Cl'.
562 3159 598 3214 ad
623 3171 655 3224 Ω,
678 3167 709 3234 3.
727 3171 762 3233 9.
785 3169 819 3216 et
847 3175 876 3225 ι,
903 3171 957 3234 19,
983 3168 1016 3229 7.
1060 3149 1135 3215 Post

85 3253 200 3316 cibin.
226 3257 354 3337 ignorat
376 3272 489 3315 vocem
507 3269 637 3318 vocant.

163 3469 208 3516 et
243 3455 430 3516 incurvis
462 3483 513 3500 -
546 3454 770 3540 urbesque)
830 3450 879 3519 Τὸ
911 3467 944 3518 et
978 3456 1135 3517 omittunt

87 3556 246 3620 Ciaccon.
276 3569 310 3616 et
340 3557 514 3640 liebdiger.
565 3559 627 3620 Pro
662 3557 845 3618 obtenditur
872 3557 945 3618 edtl.
980 3573 1038 3632 50.
1075 3569 1133 3634 32.

87 3657 251 3749 tficuclit;
280 3671 339 3732 57.
358 3655 523 3729 obtertdit;
549 3659 655 3722 Cibin.
676 3659 861 3749 ostenditur.
902 3657 972 3717 Post
992 3657 1016 3714 V
1023 3655 1133 3720 indub.

88 3759 181 3818 urbes
204 3757 321 3817 omill'n
342 3779 410 3840 que.
464 3759 595 3820 Addunt
617 3773 723 3820 tauteu
744 3761 796 3820 alii
817 3759 943 3820 codices
963 3777 1035 3818 curn
1060 3757 1133 3817 edd.

80 3859 236 3921 ¹vetustis.
291 3858 453 3919 Vatlinntta
469 3861 555 3920 dedit
574 3861 745 3942 nubemque,
770 3862 802 3920 in
823 3861 980 3940 prioribus
1001 3859 1134 3938 quidem

91 3959 312 4029 editionibus,
341 3979 480 4040 eumque
504 3959 624 4022 secutuo
651 3981 723 4022 cum
752 3959 811 4020 luia
837 3973 870 4020 et
891 3961 1024 4022 Schotto
1047 3975 1134 4040 prae·

91 4076 189 4122 eunte
216 4061 269 4121 ed.
297 4070 354 4139 24.
390 4060 562 4124 Olivarina.
614 4061 803 4122 Polleriorea
828 4059 963 4124 Vatliani
993 4063 1133 4138 iteruque

93 4177 149 4240 30.
176 4175 236 4242 52.
264 4175 322 4240 57.
343 4159 458 4224 urbem.
511 4159 585 4226 Pott
606 4177 750 4226 revocata
772 4163 814 4226 est
843 4160 961 4224 vetulla
984 4159 1079 4222 lectio
1101 4169 1133 4220 et
