2788 4942
314 478 404 534 cro.
434 477 472 531 n.
517 477 550 534 c.
579 479 644 536 vn.
689 477 714 546 1.
741 495 786 552 29.
812 491 860 532 α..
1047 473 1136 554 603-

69 651 180 730 igitur,
202 663 239 711 ut
256 669 346 723 reor,
373 651 436 712 hoc
458 650 632 712 verborum
656 667 831 733 conceptu:
868 649 1013 746 Quarum
1033 651 1110 716 Cor·

64 751 136 844 fica
155 753 243 814 litori
263 755 394 832 propior
408 773 471 832 par
490 765 520 814 et
536 751 699 835 quadrata
715 753 861 836 undique,
887 767 1109 836 praeterquam

71 854 126 914 uli
138 855 242 916 Aleria
262 867 293 914 et
311 855 468 916 lilariana
487 854 626 915 coloniae
638 845 735 946 sunt,
769 875 791 914 n
810 853 964 916 Barbarie
985 855 1109 920 colitur.

74 955 225 1016 Sardinia
245 947 392 1046 Africum
415 955 544 1036 pelagus
565 959 745 1036 attingens,
771 957 854 1016 inter
874 955 978 1016 latera
997 957 1109 1028 tenuis,

62 1051 125 1148 sel
144 1059 260 1138 longa‚·
287 1054 346 1148 nist
361 1057 448 1139 quoti
469 1055 510 1118 ab
528 1056 688 1118 occidente
706 1079 801 1141 quam
818 1055 859 1118 ab
879 1059 996 1118 oriente
1012 1079 1111 1140 angn-

60 1159 148 1250 stiur
169 1171 273 1238 patet,
300 1171 331 1219 et
354 1179 510 1240 nusquam
531 1179 594 1220 non
613 1158 780 1242 aliquanto
793 1150 981 1249 spatiofior‚
1013 1179 1111 1242 quam

72 1259 126 1320 ubi
147 1255 298 1349 iariffinra
316 1257 359 1352 fi
379 1257 511 1350 Corfica
533 1273 592 1322 etc.
629 1279 830 1322 murinum.
881 1261 993 1342 Scripsi
1017 1261 1110 1332 Sulci,

71 1383 139 1422 non
155 1363 279 1429 Snlclri.
308 1363 475 1443 quiaillud
493 1363 645 1424 videntur
668 1359 794 1424 lervalie
811 1363 849 1423 ab
867 1376 994 1423 auctore
1011 1365 1112 1424 iidem

72 1467 209 1534 codices,
235 1458 334 1551 [quoe
357 1461 444 1546 supra
463 1465 502 1525 de
517 1465 679 1524 Mariana
700 1455 909 1548 excitaverat]
936 1461 1112 1546 praeferen-

75 1579 121 1626 tee
142 1565 232 1627 Snla.
267 1585 291 1627 1.
316 1583 523 1626 onouovtve.
577 1561 701 1628 Vossius
722 1567 755 1624 in
778 1567 951 1648 appendice
973 1567 1010 1626 ad
1033 1565 1064 1627 11.
1088 1567 1112 1632 1.

71 1667 206 1748 perinde
230 1681 403 1748 utrumque
424 1666 483 1729 elle
504 1669 645 1730 monuit.
697 1667 749 1729 Sic
770 1681 853 1728 certe
871 1665 982 1728 Strabo
1003 1667 1060 1730 lib.
1078 1679 1113 1744 5.

72 1789 102 1850 p.
119 1780 167 1830 m.
185 1779 267 1846 155.
285 1765 306 1830 l.
325 1778 407 1846 224.
431 1762 606 1853 Σουλχοὶ,
628 1768 728 1830 etalii
745 1769 885 1849 quidam.
922 1769 1113 1849 Plerumque

72 1871 161 1930 enirn
178 1871 264 1930 inter
279 1869 363 1930 Sulci
379 1883 411 1930 et
427 1869 534 1931 Sulclri
547 1869 714 1954 ambigunt
729 1869 864 1941 codices,
891 1869 948 1930 nist
969 1871 1114 1954 graviora

71 1986 198 2052 peccata
224 1969 427 2042 admisceant,
464 1972 566 2034 veluti
593 1973 626 2031 in
654 1971 829 2034 Claudiano
856 1973 895 2032 de
922 1971 959 2034 B.
982 1971 1113 2034 Gildon.

72 2093 103 2134 v.
122 2085 210 2150 5¹8·
237 2073 292 2132 ubi
307 2073 457 2136 Heinfiue
479 2073 629 2158 praetulit
652 2073 747 2144 Sulci,
774 2072 880 2135 Plinio
906 2085 938 2151 3,
963 2087 1019 2152 15.
1039 2071 1061 2135 l.
1079 2091 1113 2156 7.

75 2177 242 2236 Antonino
264 2177 297 2234 in
315 2175 421 2237 itiner.
441 2197 473 2257 p.
492 2188 551 2258 84.
571 2189 604 2236 et
620 2173 706 2237 alibi.
757 2173 963 2236 Probandum
985 2175 1115 2237 videtur

75 2277 172 2347 Sulci,
199 2277 233 2334 in
249 2295 313 2356 quo
331 2277 382 2336 alii
397 2277 488 2358 plane
506 2275 722 2339 consentiunt.
761 2277 813 2340 Sic
828 2276 1008 2358 Stephanus
1029 2273 1116 2339 Σολ-

77 2374 125 2442 noi
147 2391 182 2438 et
205 2371 333 2440 Συλκοὶ
355 2391 493 2460 utroque
509 2379 656 2440 modoet
672 2375 797 2440 diverso
816 2379 849 2438 in
866 2378 948 2448 loco,
975 2391 1008 2438 et
1028 2397 1116 2462 prae·

77 2493 121 2540 ter
142 2499 220 2548 eos,
247 2497 329 2558 quos
348 2491 438 2540 antea
458 2481 723 2540 commemoravit
743 2479 926 2548 Pintianue,
959 2479 1116 2542 Antonin.

78 2583 106 2641 in
123 2583 233 2640 itiner.
247 2601 279 2660 p.
291 2591 350 2661 84.
376 2582 439 2643 tab.
454 2581 604 2666 Penting.
618 2595 650 2660 3.
669 2580 708 2644 Θ.
738 2581 854 2663 Geogr.
871 2581 993 2641 lieven.
1007 2591 1039 2656 5,
1057 2581 1116 2644 26.

78 2684 164 2742 ilinc
180 2695 213 2742 et
237 2681 393 2742 Sulcitani
413 2683 496 2765 apud
520 2683 664 2744 Hirtium
681 2683 721 2742 tie
736 2681 774 2743 B.
792 2679 856 2742 nn.
877 2683 931 2744 fin.
961 2681 1116 2751 Plinium,

76 2783 300 2844 Ptolemaeum
316 2803 359 2844 cc.
378 2783 411 2846 11.
460 2783 622 2845 Accedunt
638 2785 676 2844 iis
698 2785 822 2843 codices
843 2781 950 2852 nostri,
972 2797 1008 2844 nt
1030 2781 1117 2843 Sulci

77 2887 126 2947 hic
143 2886 262 2946 merito
284 2883 526 2966 praeferendum
544 2885 580 2946 sn
597 2904 669 2946 cum
688 2885 868 2946 Gronovio.

245 3089 275 3166 §.
304 3104 362 3150 oo.
415 3085 693 3170 Stoechades)
746 3087 853 3151 Cibin.
876 3085 1016 3170 Rehdig.
1034 3085 1119 3148 Stoe·

79 3189 186 3260 cades,
212 3191 260 3248 uti
284 3189 399 3274 legitur
419 3191 452 3249 in
472 3189 629 3252 Martiano
648 3189 775 3272 Capella
793 3189 848 3250 lib.
866 3189 898 3250 6.
918 3209 949 3270 p.
970 3189 1050 3250 onir.
1078 3185 1118 3250 cl.

80 3298 116 3354 ad
140 3293 262 3352 Lucan.
284 3305 316 3370 3,
340 3289 423 3370 516.
459 3291 541 3374 Lipl.
567 3291 653 3355 Gud.
677 3293 750 3353 edd.
773 3309 801 3353 1.
827 3303 991 3368 2.9.13.
1015 3289 1121 3350 Steca·

80 3395 158 3465 deu
193 3395 285 3476 l'rag.
310 3391 477 3464 Stecudes‚·
512 3389 960 3486 vindobon.flerstecltncler;
991 3391 1041 3451 etl.
1064 3409 1120 3454 11.

82 3493 276 3564 Stecltarles5
309 3495 362 3555 dii
387 3495 460 3554 libri
487 3493 689 3557 Stoechades.
729 3495 840 3555 Recte.
882 3493 945 3555 Pro
967 3491 1122 3574 Ligurum

81 3596 225 3658 vindob.
248 3595 412 3675 iugorum
444 3595 535 3682 Prag.
558 3597 673 3678 ligura.

161 3799 393 3882 Baleares)
431 3799 580 3862 Ciaccon.
603 3799 703 3860 Vatia.
725 3794 808 3880 Lipl.
825 3793 992 3868 Baliares,·
1015 3794 1124 3860 Cibin.

85 3901 258 3974 Balearer,·
290 3903 343 3962 alii
373 3923 447 3962 oum
474 3903 547 3965 edd.
575 3901 735 3962 Baleares.
787 3901 837 3959 Dc
863 3897 1009 3978 scriptura
1037 3897 1127 3980 peri

87 4007 196 4087 quaeri
212 4003 323 4086 potest.
351 4001 536 4066 Praelctunt
552 4003 584 4064 id
601 4007 634 4064 in
650 4001 777 4062 Graecia
791 3999 991 4062 Ptolemaeus
1009 4016 1038 4068 ο,
1055 3999 1089 4061 6.
1102 3993 1125 4060 l.

88 4107 248 4191 (quamvis
266 4105 386 4188 duplici
401 4103 423 4168 l.
440 4107 539 4168 etalii
555 4101 699 4189 quidam)
722 4101 901 4186 Stephanus
917 4098 938 4162 l.
954 4119 986 4162 v.
1002 4101 1128 4190 Γυμνη-
