2836 4940
315 467 406 526 tm
436 467 490 522 ru.
532 467 566 525 o
588 467 652 526 vu.
692 465 769 536 to·
792 465 822 525 ⁶·
911 455 915 464 '
1032 483 1095 551 23⁷

68 643 170 728 procus
189 663 206 706 e
226 643 334 705 Tauro
354 642 449 724 ponit
467 640 577 722 capitio
592 638 686 702 huius
707 643 875 725 principio.
918 645 989 708 Nec
1009 649 1095 710 Tau·

68 766 119 809 nn
138 747 260 808 admitti
283 743 399 828 potest,
426 743 518 804 cuiue
537 741 665 825 vestigia
681 745 713 803 in
731 746 824 806 Cudo
844 745 929 807 nullu
947 746 1034 818 sunt.
1061 763 1095 813 et

69 850 316 930 promontorium
335 846 372 906 ab
389 863 428 906 eo
444 843 599 906 excedent
617 843 817 908 desideratur.
857 847 978 910 Eadem
1002 851 1095 912 dnbi-

71 951 143 1008 tatio
164 951 278 1030 premit
295 949 420 1008 Imaum
442 945 622 1013 Reinoltiii.
654 948 707 1025 qui
731 945 795 1027 ipse
817 967 910 1010 mone
926 950 968 1011 est
985 953 1093 1016 Tauro

72 1051 240 1133 contigium.
268 1051 320 1110 rel
334 1049 512 1111 continuati
536 1065 614 1127 pert,
640 1047 703 1106 sive
719 1050 813 1108 etiam
834 1055 1095 1131 promontorium

69 1151 258 1212 Emodorum
273 1153 446 1216 montium.
467 1149 525 1208 suu
543 1161 647 1208 tamen
666 1149 742 1208 hinc
756 1163 928 1213 remotum.
962 1151 1013 1217 Cf,
1030 1155 1095 1216 1¹15.

68 1253 134 1312 niue
150 1251 179 1320 6.
198 1268 257 1314 21.
276 1251 295 1313 s.
320 1281 324 1312 ι
339 1267 371 1325 7.
419 1249 505 1312 Cum
522 1249 554 1308 in
574 1245 830 1330 subsequentibus
845 1255 995 1332 repetitio
1009 1253 1095 1318 adse·

68 1367 144 1412 ratur
156 1353 272 1416 horum
290 1356 435 1414 locorum
454 1365 486 1412 et
502 1349 584 1432 quast
600 1349 744 1410 recensus
758 1353 954 1435 diligentior.
977 1355 1095 1420 Tamus

67 1453 122 1535 ipsa
142 1475 174 1516 re
196 1457 379 1527 conveniat,
403 1453 504 1516 modo
527 1453 624 1514 etiem
642 1455 815 1516 conveniet
836 1455 999 1517 literamm
1020 1459 1096 1522 :dfi-

65 1571 163 1621 miaifl·

134 1756 377 1843 timidique)
426 1755 687 1844 Prag.rnrc1iqne;
713 1757 811 1820 Vario.
832 1771 864 1837 3.
886 1757 1095 1845 timendiquet

66 1861 169 1944 reliqui
187 1883 226 1924 ex
249 1863 346 1929 meis.
373 1861 406 1920 in
430 1862 533 1942 iisque
550 1857 761 1929 Zaluscienue,
789 1861 931 1940 itemque
953 1881 994 1924 ro
1014 1863 1096 1926 Gro-

65 1965 188 2024 noviaui
205 1962 386 2044 timidique5
419 1960 503 2023 solue
525 1957 618 2022 Poris.
640 1978 671 2023 ι.
692 1961 821 2020 videtur
842 1959 981 2024 habuisse
1003 1963 1096 2024 undi-

65 2085 132 2147 que,
161 2067 249 2146 quod
275 2064 378 2124 voluit
396 2062 460 2124 sme
485 2061 585 2124 dubio
610 2063 683 2122 dere
703 2061 876 2145 Progensn.
928 2051 1012 2128 Edu.
1038 2075 1094 2143 ¹5·

73 2179 121 2240 ιγ.
142 2183 198 2232 20.
221 2179 277 2245 23.
300 2165 462 2236 schottus,
485 2159 618 2232 Vossius.
643 2163 801 2223 Gronovii
817 2165 849 2224 in
867 2165 939 2226 edd.
955 2177 1016 2244 4⁰·
1034 2177 1094 2246 (μ.

67 2277 121 2346 42.
144 2267 300 2348 nudiqnet
343 2279 463 2327 ceterae
494 2265 670 2347 timidique.
708 2281 912 2330 Tzecuvcne.
982 2263 1095 2330 Scribo

68 2369 196 2452 undique
214 2366 343 2447 populi,
370 2359 431 2459 sed
452 2366 583 2426 morinis
604 2361 715 2445 opibus
737 2365 907 2427 admodum
927 2365 1028 2441 ditem
1061 2381 1096 2430 et

12 2493 14 2502 ·
66 2471 104 2530 ita
128 2473 226 2532 Aldus
252 2482 346 2531 recte.
407 2469 497 2529 Dixit
522 2469 610 2528 enim
641 2466 750 2548 paullo
776 2480 865 2528 ante:
901 2465 954 2528 nbi
978 2471 1095 2549 magis,

12 2599 14 2624 ι
65 2591 151 2654 qnam
177 2586 213 2633 nt
239 2569 414 2639 habitetur,
441 2567 614 2660 exaestuat.
655 2585 853 2628 murmure.
907 2569 964 2640 At,
996 2569 1096 2632 uina

65 2674 152 2734 verba
170 2671 309 2754 respexit
326 2671 418 2740 Mela,
445 2689 487 2732 ne
503 2670 581 2730 nudi
599 2669 730 2750 quidem
746 2669 858 2750 populi
876 2667 921 2728 ibi
940 2669 1095 2732 habitant.

65 2775 144 2834 Tum
167 2775 223 2836 illo
246 2787 346 2833 tractu
368 2772 479 2833 relicto
503 2771 635 2830 ulterius
660 2767 713 2828 hic
739 2767 914 2852 progressuri
937 2765 997 2841 esi,
1028 2771 1095 2840 etsi.

12 2901 14 2930 ι
66 2875 240 2936 dummodo
263 2874 387 2936 codices
407 2873 527 2942 velint,
557 2871 692 2952 nudique
713 2867 803 2930 focile
825 2873 969 2951 probem.
1022 2871 1101 2933 Pon·

66 2977 156 3038 Votic.
177 2991 209 3055 3.
237 2976 328 3060 Prag.
352 2989 381 3035 et
398 2975 513 3034 urarini
529 2972 607 3032 nudi
623 2967 754 3052 opibus3
781 2971 920 3035 vindob.
943 2973 976 3033 in
999 2965 1097 3034 ormit

65 3097 117 3162 pro
133 3069 281 3150 niarium
306 3077 478 3161 Rebtiiger.
500 3073 628 3136 divites.

225 3282 256 3359 §.
284 3280 317 3342 6.
360 3275 532 3358 Tamus)
568 3275 619 3338 Sic
634 3273 727 3338 MSS.
743 3274 779 3338 A.
797 3274 956 3338 Gronorii
971 3289 1002 3336 et
1018 3277 1095 3341 mei.

65 3382 228 3444 Editionee
253 3381 328 3440 inde
350 3399 366 3440 a
389 3379 497 3460 primii
525 3378 562 3437 ad
584 3385 643 3458 42.
668 3377 774 3438 sisium
801 3377 932 3450 Tamum
969 3391 1096 3438 tentum

65 3483 212 3546 Schottue
234 3481 383 3564 praetulit
402 3477 504 3552 Tuto,
529 3477 719 3540 Reinoldiue
733 3481 860 3551 Imaum
890 3479 964 3538 inde
984 3479 1022 3538 nb
1041 3479 1094 3542 ed.

65 3595 121 3664 44.
140 3585 225 3646 stetit
250 3583 376 3644 Tamus.
410 3599 606 3642 rzocnvcrte.
665 3580 871 3664 Legeudnm:
908 3575 1003 3639 Tabis
1022 3599 1095 3656 pro·

66 3688 250 3748 muutorinm
268 3681 324 3776 est.
345 3683 431 3766 qnod
451 3683 586 3742 Tanmm
604 3681 743 3752 uuoltin
769 3700 807 3742 ex
827 3677 893 3762 ipso
910 3679 1094 3760 Pomponio

66 3785 149 3870 supra
172 3799 205 3848 et
229 3785 335 3848 Plinio
357 3785 390 3844 in
413 3783 468 3845 lib.
488 3785 522 3846 6.
545 3801 612 3864 cap.
635 3795 688 3856 17.
717 3777 758 3867 [s.
778 3775 857 3866 om]
909 3779 978 3842 Nec
999 3779 1096 3843 'rabir

65 3891 131 3951 finit
147 3888 190 3950 est
211 3888 315 3948 soterio
331 3883 580 3968 septentrionalis
597 3881 700 3954 Asiae,
726 3897 759 3943 et
785 3881 898 3942 Tomos
919 3881 1093 3945 orientalis.

65 3989 143 4050 Nam
158 3991 180 4050 si
195 3989 267 4070 quie
283 3987 522 4049 rem·exactiore
539 4003 610 4045 cura
630 3984 803 4064 expendat.
830 3983 975 4044 inveniet
996 3983 1095 4044 Cesti·

66 4109 137 4152 tum
156 4089 323 4172 Hispaniae
344 4087 606 4170 promuntorium
626 4085 756 4148 initium
775 4083 834 4144 esse
850 4085 954 4144 soteris
971 4081 1094 4164 septen·

67 4183 205 4258 t'rionalie
224 4193 322 4255 totino
344 4205 458 4262 terrae,
484 4201 517 4252 et
537 4187 637 4250 finem
653 4187 798 4250 eiusdem
817 4185 922 4248 soterio
941 4183 1001 4247 effe
1017 4185 1092 4266 Scy·
