2788 4942
353 467 445 524 Lm.
475 472 526 522 m.
572 471 604 526 c.
634 471 656 523 r.
700 471 724 538 t.
754 490 799 526 to.
1060 481 1102 548 47

72 659 201 702 contre.
247 631 348 732 finiet
371 653 403 701 et
426 655 524 702 terras
540 639 808 732 angrfiontii’ns)
860 643 945 704 llaec
959 643 1002 706 eli
1019 646 1103 707 codi-

70 761 138 802 cum
176 758 320 804 veterum
352 741 509 823 scriptura.
563 743 653 802 Vnde
680 743 849 806 Pintianue
875 746 972 828 legit:
1002 739 1103 837 finiet

70 847 155 904 terrie
185 843 443 934 arignfinutian.
506 843 567 905 Sed
602 845 731 920 videtur
764 847 891 926 vulgare
924 849 1040 907 vitium
1067 849 1101 908 in

71 945 232 1007 codicibus
258 945 375 1026 scriptis
397 941 638 1038 orrguftantr'bns
660 966 717 1026 pro
739 945 956 1038 nrrgrfiann‘s,
986 971 1102 1030 nempe

70 1045 247 1127 Hispaniae.
275 1067 298 1108 1.
317 1065 525 1108 ononovrve.
573 1045 820 1138 Angrfinntr'bnr
839 1049 888 1108 liic
906 1048 1006 1110 scribit
1024 1051 1102 1112 Gro-

71 1151 194 1218 novius,
219 1149 304 1210 etad
328 1147 509 1229 Hispaniam
526 1145 632 1210 refert.
672 1150 732 1210 Sed
749 1152 825 1228 qnid
846 1151 899 1210 libi
920 1153 989 1211 vnlt
1000 1143 1102 1241 semet

70 1262 99 1306 er
114 1251 240 1311 terror?
275 1251 355 1332 Quia
369 1271 435 1309 nrm
452 1251 557 1310 videat
574 1249 761 1310 alterutrum
783 1253 889 1332 inepte
906 1253 1103 1314 redundare?

70 1349 198 1411 Rectius
227 1351 330 1432 itaque
358 1352 465 1411 Vineti
495 1351 595 1412 editio
621 1351 844 1445 orrprfiantes.
881 1375 998 1435 nempe
1023 1373 1102 1424 oras,

71 1471 145 1530 quae
166 1473 266 1532 aeque
294 1473 328 1513 ac
355 1465 452 1514 terrae
481 1452 694 1536 anguslentur.
756 1455 806 1516 Sic
829 1473 956 1534 quoque
983 1455 1102 1516 habent

70 1573 155 1614 meae
172 1553 386 1615 membranae.
442 1555 609 1614 Vaticanus
627 1569 733 1614 tamen
751 1569 782 1616 et
802 1557 854 1615 alii
873 1558 1013 1617 certioris
1031 1557 1102 1618 iidei

71 1653 136 1712 lilui
161 1657 195 1714 in
221 1655 359 1716 ablativo
376 1653 516 1716 absolute
532 1657 633 1736 polito
649 1669 681 1716 et
700 1659 732 1715 in
751 1677 796 1725 ea,
825 1677 920 1737 qnam
946 1659 1102 1726 dedinme,

73 1755 249 1836 conspirant
269 1757 416 1818 lectione.
470 1758 704 1818 drnndelianus
724 1755 787 1818 lere
808 1759 972 1818 consumat
992 1761 1101 1819 lectio·

72 1877 141 1916 nem
161 1858 314 1920 l’intiani.
364 1859 416 1919 sic
434 1859 521 1918 enim
538 1859 631 1941 legit:
658 1879 753 1938 usque
767 1859 845 1918 adeo
858 1851 959 1948 finiet
976 1881 996 1918 a
1013 1863 1102 1922 terris

72 1957 321 2050 onguslnntlsnts.
365 1979 496 2048 vosatvt
518 1961 549 2018 in
572 1959 744 2038 appendice
765 1959 810 2018 od
831 1961 861 2021 lr.
885 1960 904 2022 l.
959 1961 1101 2042 Quaerit.

73 2061 141 2138 quid
168 2061 226 2120 libi
248 2061 316 2119 vult
330 2051 430 2150 seruet
451 2074 480 2120 et
503 2073 613 2122 tenos.
666 2062 717 2122 Sic
740 2081 825 2120 nnnc
850 2083 915 2120 non
940 2063 1101 2145 inteiligit,

73 2179 150 2221 cene
173 2161 312 2223 mininie
343 2163 511 2230 intellexit,
541 2183 642 2242 quum
670 2161 788 2222 lllelam
813 2165 938 2236 ederet;
974 2179 1006 2224 et
1029 2179 1103 2226 tunc

73 2273 173 2322 tamen
198 2265 306 2344 potuit
331 2265 409 2324 adeo
434 2263 646 2324 detellabilem
669 2265 701 2322 in
728 2263 934 2323 laudabilium
959 2267 1104 2326 virorum

73 2361 305 2426 lucubrationes
324 2369 416 2424 edere
439 2363 684 2443 praelationem,
711 2365 793 2444 quali
816 2363 896 2427 soliis
916 2366 1033 2426 llleiam
1057 2369 1104 2426 in·

72 2465 237 2548 telligeret.
264 2499 314 2512 -
364 2469 450 2525 Dum
470 2466 587 2547 saepius¹
609 2465 739 2546 respicio
757 2468 873 2536 locum,
900 2469 968 2526 vidi
991 2465 1102 2530 leuissi-

75 2585 151 2626 mam
172 2587 279 2647 opem.
312 2565 514 2627 dissolvendo
531 2571 606 2626 duae
630 2567 736 2636 lineas.
772 2569 898 2646 quaein
922 2569 1058 2628 litteram
1083 2590 1103 2628 u

76 2668 264 2738 coaluerant,
286 2671 386 2750 iirqrre
405 2689 461 2748 pro
478 2691 572 2750 ritrrlue
590 2667 627 2728 sc.
645 2671 718 2728 nris.
758 2671 831 2728 illae
849 2671 926 2728 adeo
941 2669 1105 2750 angustant

76 2764 164 2829 semet
182 2768 262 2852 ipsae
280 2789 314 2829 ac
330 2769 570 2830 mediterraneas
586 2783 697 2850 partes,
723 2784 757 2828 nt
774 2783 833 2831 etc.
862 2789 885 2830 t.
908 2788 1103 2830 onouovrvs

77 2868 204 2932 innota
229 2870 402 2962 pisseriori.
455 2871 528 2930 Nou
550 2873 629 2930 nude
654 2875 859 2930 coniecerunt
883 2871 1047 2930 l’iutiauns
1072 2886 1104 2931 et

77 2968 270 3032 Claccunina.
322 2965 370 3032 Τὸ
394 2973 533 3034 etenim
558 2989 664 3032 ortum
684 2974 809 3032 videtur
831 2992 869 3032 ex
889 2971 1009 3030 rluabus
1033 2972 1103 3032 ulti·

78 3073 133 3132 mie
166 3075 267 3134 literie
293 3075 439 3154 proxime
473 3075 686 3154 praecedentis
720 3073 921 3154 pronominis
945 3064 1047 3164 scunt
1071 3087 1104 3134 et

79 3171 222 3258 deinceps
239 3187 338 3234 terras
356 3193 413 3254 pro
430 3177 517 3234 tenir
535 3173 742 3256 reposuerunt
759 3175 885 3236 librarii.
922 3194 953 3236 n.
973 3193 1102 3236 cuono·

77 3292 158 3337 νινε.
211 3277 315 3355 Atque
338 3275 394 3335 hac
413 3275 549 3338 lectione
574 3279 759 3345 commoda,
792 3296 885 3357 quam
902 3289 934 3336 et
955 3274 1104 3336 lubminl·

77 3371 164 3436 strant
192 3379 317 3438 cndicee
340 3376 485 3456 quidam,
528 3377 676 3438 lubenter
706 3377 901 3458 adquiescere
930 3378 1102 3459 possumne.

81 3475 170 3556 Quod
191 3481 216 3540 l.
233 3478 416 3538 Gronovius
433 3479 538 3540 voluit
552 3481 649 3560 litque
664 3498 720 3559 pto
737 3501 831 3560 usqne
849 3481 958 3538 inveni
980 3481 1011 3537 lu
1024 3479 1103 3542 edit.

79 3575 223 3641 lleinold.
246 3601 296 3640 an.
321 3579 422 3654 176¹.
448 3579 529 3641 sorte
551 3594 655 3640 tamen
678 3593 806 3662 propter
823 3581 941 3660 reliqna
957 3599 994 3640 ex
1013 3581 1104 3650 viti0‚

79 3695 145 3738 curn
172 3701 266 3764 usque
287 3681 321 3740 in
347 3682 430 3752 aliie,
464 3701 542 3764 qnae
567 3695 725 3764 receptam
749 3701 836 3743 niano
857 3681 1029 3744 lectionem
1052 3699 1105 3741 ex·

76 3775 191 3845 bibent.

148 4007 257 4046 earu
273 3983 331 4067 m)
381 3985 537 4058 Vaticani,
569 3985 677 4050 Cibin.
704 3981 888 4047 Parisieusee
914 3996 992 4054 nee,
1019 3981 1103 4066 Lipl.

83 4079 157 4146 Gud.
179 4087 349 4172 liehdiger.
371 4089 557 4152 Vindobon.
581 4091 692 4151 Vener.
716 4089 820 4148 llnrn.
846 4101 878 4146 et
893 4083 1005 4147 oninee
1023 4085 1102 4146 Gro-

81 4188 163 4246 novii
184 4209 256 4250 cuni
280 4191 353 4252 edd.
381 4209 410 4254 ι.
435 4209 465 4256 2.
495 4205 526 4269 3.
551 4200 585 4269 4.
607 4203 640 4268 5.
660 4191 694 4254 6.
718 4205 751 4266 7.
772 4202 805 4266 8.
825 4209 858 4268 9.
881 4207 936 4252 ro.
963 4207 1018 4250 tt.
1046 4203 1100 4252 12.
