2792 4940
349 407 410 470 '126
643 407 886 468 toMtoNn
928 409 1092 466 Mateta

347 602 418 646 eaeo
437 591 572 646 cantem.
623 579 708 644 Edd.
735 599 766 646 ι.
793 597 826 664 5.
847 591 882 662 4.
906 593 938 662 5.
956 583 990 648 6.
1011 597 1044 660 7.
1063 593 1096 660 8.
1118 599 1153 662 9.
1173 599 1229 648 ιο.
1251 599 1307 648 ιι.
1327 597 1382 646 12.

354 697 409 764 15.
437 691 572 762 1415.
600 679 655 748 16.
682 696 736 756 17.
759 695 814 762 ιε.
843 701 898 764 ¹9·
922 697 1222 763 so.21.ae.23.
1246 693 1382 762 2425.

348 785 515 855 Vadianae.
538 783 748 853 Olivarianae,
772 784 921 848 schottus
941 805 982 846 ex
1002 803 1084 866 qao;
1110 785 1252 854 Vinctus.
1274 784 1382 846 Schot

347 899 400 948 tus
420 886 514 948 aeteri
537 897 569 946 et
592 905 665 968 qao.
723 882 822 948 Poffit
844 887 973 968 quidem
993 906 1032 946 ex
1053 905 1115 966 qao
1136 883 1274 952 defendi.
1301 899 1382 946 certe

347 987 486 1072 intelligi
499 1006 539 1048 ex
554 983 744 1068 Palaephato
767 1007 833 1068 cap.
851 997 909 1066 34.
961 989 1008 1048 lta
1030 987 1120 1048 enim
1139 986 1203 1066 ille,
1228 977 1382 1070 Ὀρφεὺς.

348 1090 466 1170 inquit,
493 1082 668 1176 κιθαρίζων
688 1077 760 1172 ἄγει
781 1082 840 1174 τὴν
858 1082 939 1174 ὕλην
960 1083 995 1150 ἐκ
1014 1084 1075 1152 τοῦ
1093 1077 1197 1172 ὅρους.
1231 1087 1292 1149 Sed
1309 1105 1382 1146 curt

347 1191 490 1272 undique
515 1208 555 1252 ex
579 1189 657 1250 locia
679 1189 792 1250 vicinis
818 1189 952 1250 adtracta
979 1207 1110 1250 nemora
1134 1185 1234 1249 secuta
1254 1185 1382 1248 fuerint

348 1291 458 1354 Mssa
473 1302 504 1351 et
524 1309 585 1372 qno
602 1303 760 1370 tueantur,
787 1291 940 1352 arationis
955 1291 1050 1350 etism
1066 1287 1166 1350 forma
1185 1301 1217 1349 et
1236 1289 1378 1350 nectend

347 1394 427 1454 ratio
449 1391 600 1476 adiuvat,
632 1403 716 1452 recte
743 1390 820 1452 haec
848 1391 943 1454 lectio
966 1405 1112 1452 sevocata
1135 1402 1168 1450 et
1192 1386 1307 1450 servata
1334 1389 1381 1450 est

348 1513 442 1576 quam
458 1507 492 1554 et
513 1487 656 1552 defendit
670 1491 834 1554 Salmasius
853 1512 879 1554 c.
903 1492 925 1555 l.
976 1489 1149 1554 Senserunt
1170 1491 1224 1572 ipfi
1245 1490 1382 1552 editores

349 1593 495 1676 quidam,
535 1593 570 1652 in
597 1593 638 1654 iis
662 1591 821 1654 Olivarins
848 1613 920 1654 curn
945 1590 1024 1665 luis,
1057 1607 1228 1676 praeeunte
1249 1591 1299 1652 ed.
1328 1601 1379 1668 24

349 1695 489 1756 hiulcam
526 1691 586 1754 effe
619 1695 848 1762 narrationem.
890 1713 986 1776 qnare
1021 1705 1053 1754 et
1085 1695 1173 1754 Zone
1204 1691 1382 1774 polnernnt

350 1793 456 1882 (quod
479 1806 511 1856 et
535 1813 575 1855 ex
604 1793 695 1856 MSS.
720 1793 906 1875 quibusdam
932 1795 965 1854 in
989 1809 1063 1856 nota
1094 1781 1241 1876 proxima
1263 1789 1382 1854 Voffiut

235 1905 258 1954 ’.
347 1892 464 1980 refert)
490 1895 543 1956 alii
564 1891 652 1956 facile
667 1892 780 1956 sentire
797 1907 943 1978 poterant
963 1907 1018 1956 aut
1035 1894 1203 1956 debebant.
1242 1896 1295 1956 Sic
1310 1915 1382 1956 ven

353 2015 384 2066 a.
411 2011 444 2072 7.
468 2007 502 2074 5.
528 1995 671 2074 Paphos,
696 2005 728 2055 et
744 2015 805 2076 quo
820 1997 955 2074 prienam
973 2016 1013 2055 ex
1028 1997 1108 2056 mari
1123 1995 1273 2058 Venerem
1290 1987 1382 2086 egre]

341 2087 418 2190 sam
438 2095 564 2158 accolae
585 2092 772 2188 adfirment,
797 2095 1033 2178 Palaepaphos.

415 2289 566 2388 secata
598 2301 850 2380 narrantur)
888 2297 1147 2360 Vindob.et1'am
1168 2316 1295 2358 nemora
1315 2319 1382 2359 nar

347 2413 478 2471 rantum
503 2395 586 2480 Lipl.
608 2399 949 2484 Prag.ets‘amomil1t;
975 2398 1060 2460 Gud.
1078 2396 1122 2490 est
1142 2417 1295 2471 memora;
1324 2401 1382 2460 alii

348 2501 384 2562 in
406 2501 444 2562 iis
466 2499 565 2562 Vatia.
591 2520 622 2564 ι.
648 2499 756 2562 Cibin.
780 2491 896 2590 secata
924 2511 1098 2560 narrantur
1128 2499 1223 2558 etiam
1247 2521 1381 2560 nemora

348 2601 516 2664 Editiones
539 2601 625 2662 varie
647 2601 776 2684 legunt3
812 2620 843 2664 1.
870 2614 902 2679 5.
921 2610 956 2680 4.
980 2611 1013 2676 5.
1037 2601 1071 2662 6.
1093 2615 1126 2674 7.
1144 2612 1177 2676 8.
1197 2617 1230 2678 9.
1254 2619 1308 2660 to.
1332 2621 1378 2664 ιι

354 2718 410 2767 12.
437 2713 493 2780 13.
521 2701 659 2778 16.18.
687 2719 743 2764 ιι.
768 2713 825 2778 28.
847 2692 962 2791 secata
983 2713 1015 2760 et
1036 2713 1223 2772 stertentum
1267 2715 1300 2760 ιι.
1333 2712 1376 2780 14

352 2813 410 2880 15.
438 2816 492 2876 17.
516 2817 572 2882 19·
598 2820 655 2864 ao.
674 2816 732 2864 aa.
751 2817 808 2881 23.
829 2819 886 2880 24.
912 2815 969 2879 25.
994 2815 1051 2880 30·
1070 2815 1128 2878 52.
1148 2814 1205 2879 57.
1232 2801 1380 2862 vadiann

348 2903 546 2986 posteriores,
583 2901 791 2974 Olivarianae,
823 2903 983 2972 schottus,
1019 2899 1151 2969 Voffins.
1186 2913 1245 2978 40.
1267 2892 1380 2990 secun

348 3015 538 3076 narrantum
573 3003 715 3074 Vinctus,
742 3013 801 3086 41.
823 3021 883 3080 42.
904 3005 1043 3083 reliquae
1058 2994 1173 3092 secata
1194 3003 1292 3061 etlam
1314 3023 1379 3063 nar

349 3116 472 3164 rantur.
515 3121 721 3166 azsettvcxa.
773 3105 811 3166 ln
835 3103 904 3169 MS.
924 3123 988 3164 uno
1012 3097 1141 3190 [Gud]
1165 3102 1232 3162 vidi
1251 3123 1379 3170 lanfran

348 3215 404 3264 tur
425 3200 469 3294 est
490 3223 626 3266 nemora.
692 3204 755 3267 Sed
781 3207 815 3264 in
837 3203 982 3266 chiliano
1003 3217 1044 3271 aet
1068 3201 1297 3282 Mediolanenfi
1323 3225 1378 3264 era

349 3314 524 3390 narrantur
543 3303 638 3365 etiam
659 3325 801 3374 nemora,
835 3323 929 3384 qnam
951 3323 1057 3365 veram
1079 3304 1268 3383 plenamque
1289 3303 1378 3366 Pom

219 3405 225 3420 ⁶
348 3403 438 3484 ponii
462 3421 594 3462 manum
620 3406 767 3483 producit
792 3425 831 3465 ex
857 3405 891 3466 V.
921 3403 957 3466 C.
994 3405 1146 3466 Schottus
1172 3423 1318 3484 quoqne.
1358 3427 1378 3466 e

347 3500 437 3563 fuille
454 3499 583 3576 ceolam
609 3516 642 3563 et
658 3503 752 3564 habet
767 3505 915 3584 particula
933 3504 984 3566 illa
1002 3525 1067 3566 non
1084 3505 1182 3564 modo
1202 3502 1285 3564 lnam
1304 3507 1377 3566 vim

349 3601 402 3664 led
422 3604 535 3687 genius
556 3603 732 3685 Pomponii
754 3602 875 3686 [emper
901 3624 969 3666 eam
989 3605 1152 3674 adhibuit,
1187 3604 1242 3664 ubi
1264 3605 1377 3686 aliquis

348 3703 488 3766 notabile
512 3717 545 3766 et
569 3705 711 3765 mirabile
734 3709 952 3786 propinquum
973 3705 1126 3766 relaturus
1146 3705 1199 3766 est.
1252 3707 1328 3768 Lib.
1359 3725 1376 3772 n

349 3823 376 3872 c.
400 3818 435 3882 4.
475 3803 585 3865 Padus
607 3817 673 3866 tam
695 3806 759 3866 cito
785 3805 927 3896 profilit,
961 3817 996 3864 nt
1008 3796 1104 3895 sanem
1126 3807 1223 3864 etiam
1248 3807 1279 3864 s'n
1303 3829 1376 3868 soar

349 3905 471 3966 alonem
493 3894 612 3994 stet-vec.
663 3905 734 3969 Lib.
759 3919 791 3984 3.
815 3925 841 3966 c.
863 3917 897 3985 4.
932 3904 1010 3966 tadeo
1034 3917 1148 3974 atrox.
1179 3917 1215 3964 as
1237 3897 1376 3992 femina

349 4007 444 4066 etiam
460 4025 529 4064 cum
545 4005 622 4066 viris
637 4002 716 4066 bella
731 4007 852 4068 ineant.
892 4007 962 4067 Lib.
983 4021 1015 4068 tt.
1036 4025 1063 4066 c.
1081 4021 1113 4080 7.
1137 4004 1259 4066 Arados
1281 4029 1375 4086 paro

346 4095 500 4194 frequens
529 4117 652 4177 tamen,
691 4107 767 4189 qaia
798 4107 894 4167 etiam
919 4099 1018 4198 snper
1045 4107 1150 4166 aliena
1174 4117 1261 4167 tecto
1284 4097 1375 4193 [ean
