2810 4944
343 413 405 496 462
643 421 888 480 rourourr
929 419 1092 478 untia

257 669 262 676 ‚
342 595 416 678 phie
439 594 675 664 omittentibus,
699 593 782 656 Mela
800 607 906 656 tamen
929 593 1049 656 ibidem
1068 607 1158 656 netur
1179 591 1282 656 debito
1296 609 1359 675 erga

342 699 476 780 patriam
504 699 591 758 cuitu
612 709 645 758 et
667 695 817 776 obsequio
841 693 900 756 suit
922 695 1012 757 libris
1041 693 1241 758 inferendum
1268 695 1359 762 duxit,

341 799 449 878 lepide
484 801 631 879 quidem,
674 796 725 858 ieri
758 795 883 868 frustra,
918 797 1082 867 dicuntur,
1118 817 1184 856 nort
1215 798 1360 857 minorem

342 899 441 960 risunr
468 901 638 969 rrrercutia,
678 919 773 980 quam
802 919 866 978 quo
893 899 1063 978 Ephorum
1093 898 1267 960 Cumaeam
1293 893 1360 954 inie-

342 1014 441 1081 quuta
464 1002 506 1062 est
525 999 668 1062 universa
686 1003 872 1081 antiquitas,
898 1019 997 1080 quum
1017 1000 1080 1060 hoc
1099 1014 1241 1080 tempora
1257 999 1360 1060 Ctunat

342 1123 453 1184 pacem
479 1101 608 1164 tenuiiie
632 1101 750 1183 scriptis
774 1099 834 1162 suis
857 1099 998 1162 inseruit.
1058 1102 1164 1162 Immo
1190 1101 1360 1178 Tingentera

343 1203 387 1264 eii
405 1223 468 1264 vox
487 1204 548 1264 iiue
569 1205 710 1272 rationo,
736 1222 840 1282 neque
858 1201 976 1262 constat
997 1203 1168 1282 quidquam
1185 1221 1222 1262 ex
1242 1201 1300 1260 illie
1320 1211 1360 1258 tot

343 1304 437 1366 MSS.
456 1319 564 1366 utrum
584 1305 788 1384 Tt'ngeutero,
816 1324 855 1364 an
882 1303 1139 1384 Tirrgcnteratnrn
1160 1301 1252 1362 fuerit
1271 1299 1359 1380 eppei·

343 1406 461 1476 latum,
499 1426 537 1469 an
571 1407 708 1486 denique
738 1406 938 1484 Cingerttero.
1003 1403 1052 1466 Ne
1086 1421 1193 1466 tamen
1222 1400 1359 1482 asymboli

342 1507 456 1576 sunus,
481 1509 707 1588 proponimus,
737 1509 865 1576 Lector,
893 1505 969 1586 quid
994 1507 1088 1568 nobie
1111 1501 1359 1568 considerantibus

344 1607 526 1688 scripturam
558 1623 701 1670 veterent
737 1607 923 1676 obvenerit,
958 1607 1126 1668 afferentes
1157 1607 1359 1688 probationem

342 1711 482 1778 nullaru,
509 1711 580 1789 quia
597 1711 682 1770 iliani
699 1709 829 1770 omnem
845 1707 883 1768 ab
902 1723 958 1768 tuo
982 1710 1101 1768 iudicio
1124 1707 1293 1789 exspectare
1308 1721 1359 1761 un·

343 1811 462 1872 iunius.
522 1813 563 1871 Vt
588 1809 674 1892 saepe
703 1813 848 1892 apparuit
871 1811 1059 1870 commixtae
1083 1825 1116 1870 et
1140 1807 1266 1872 couiuie
1290 1805 1359 1864 uiur-

342 1925 429 1994 patae
454 1913 487 1972 in
519 1911 580 1973 hoc
605 1909 757 1992 opusculo
784 1909 870 1971 iuiiie
896 1911 1047 1992 quasdam
1074 1913 1180 1973 literas
1213 1911 1295 1976 alias,
1328 1905 1358 1964 irc

343 2013 442 2074 video
459 2013 553 2072 etiarn
571 2013 635 2080 irae,
660 2033 774 2092 nempe
794 2033 814 2072 n
832 2013 901 2082 etlr
921 2013 1008 2072 idern
1023 2011 1129 2092 palsas.
1169 2013 1225 2072 Vei
1240 2007 1359 2071 animati·

343 2128 433 2174 verte
456 2115 509 2173 lib.
528 2128 561 2189 5.
584 2135 611 2174 c.
632 2131 662 2176 2.
691 2113 749 2172 ubi
771 2133 829 2194 pro
848 2113 924 2172 hoec
946 2114 1103 2174 editiones
1124 2115 1181 2174 diu
1201 2113 1359 2172 habuerunt

342 2235 409 2275 rrer.
451 2216 486 2274 ld
506 2227 540 2274 tu
564 2215 718 2284 delibera,
745 2235 785 2275 an
803 2233 869 2274 non
889 2227 922 2274 et
944 2213 1006 2274 hoc
1028 2214 1098 2275 ioco
1122 2215 1296 2296 contigerit.
1330 2211 1360 2266 in

342 2317 480 2398 vulgatis
495 2317 592 2386 eninr,
616 2335 691 2396 quae
712 2313 848 2396 reposui,
875 2315 966 2395 plane
989 2317 1139 2377 videmus
1156 2315 1215 2377 effe
1236 2316 1286 2376 bae
1306 2313 1360 2370 lite·

342 2437 391 2478 raa
417 2417 677 2496 Yitrgeht'eratum.
730 2415 879 2480 Potestne
901 2417 998 2500 igitur
1023 2414 1111 2478 iuiffe
1143 2419 1238 2498 Tinge
1264 2415 1359 2476 littra.

343 2531 413 2580 tum
435 2519 540 2580 Meli?
592 2518 683 2578 Nihil
710 2519 803 2579 addo.
842 2537 866 2576 r.
894 2537 1100 2581 ououovrus.
1129 2553 1179 2566 -
1231 2519 1276 2579 An
1298 2529 1358 2594 ergo

343 2621 453 2700 Leptis
472 2639 582 2702 magua
605 2621 827 2702 cognominata
846 2617 909 2678 fuit
927 2620 1032 2699 Leptis
1050 2620 1171 2682 aitera‘t
1208 2619 1358 2681 Oi'tendere

341 2719 498 2783 debuiffet
522 2722 724 2789 Gronovius,
757 2721 861 2780 ullum
888 2721 993 2782 iocurn
1016 2735 1070 2780 aut
1093 2723 1190 2782 uliam
1215 2723 1357 2782 civitatem

341 2821 482 2882 absolute
505 2824 633 2882 aiteram
651 2823 768 2880 dictam
792 2820 891 2881 fuine.
944 2821 1042 2882 Recte
1057 2825 1190 2902 quidem
1211 2815 1357 2884 Saiuraiinr

341 2923 543 3003 Hispanicarn
565 2923 686 3005 Tingin
715 2937 808 2982 vocat
830 2923 959 2982 alteram
984 2921 1126 3002 respectu
1146 2927 1259 3006 Tingis
1280 2919 1357 2982 illius,

341 3045 422 3103 quae
451 3025 482 3082 in
507 3025 649 3104 oppoiito
673 3039 738 3084 erat
758 3025 862 3095 litore,
890 3023 940 3083 sed
964 3026 1164 3104 negavimus,
1192 3027 1273 3083 illurn
1288 3017 1357 3079 abio·

341 3125 410 3184 lure
431 3125 472 3184 iic
494 3123 582 3185 iuiil'e
608 3125 812 3205 appellatam,
847 3145 919 3185 curn
950 3125 1035 3184 tutta
1058 3117 1156 3194 Ioza,
1190 3125 1272 3186 lulio
1298 3119 1359 3178 tra·

342 3223 441 3284 ducta
473 3225 526 3286 vel
560 3225 726 3286 Caetrarta
761 3224 855 3286 fuerit
887 3229 1132 3308 cognominata,
1176 3247 1241 3286 non
1270 3223 1356 3282 altera.

344 3325 492 3406 Quaerit,
523 3347 619 3405 quare
643 3329 751 3406 potius
777 3327 953 3392 Caetrart'n,
984 3347 1078 3406 qutun
1100 3328 1257 3388 Cornuto
1279 3321 1359 3382 inerit

342 3425 477 3488 vocata?
528 3429 647 3488 Verutn
667 3425 731 3507 ipse
752 3442 877 3508 proruat
894 3427 1020 3497 testona,
1046 3430 1100 3508 qui
1119 3429 1286 3490 caetratae
1305 3439 1358 3482 ure·

342 3529 490 3598 ruinerit;
520 3547 580 3610 ego
597 3527 706 3588 testem
722 3529 797 3589 dedi
813 3529 939 3589 alterins
956 3531 1168 3612 cognominis.
1222 3527 1311 3590 Dicit,
1337 3517 1359 3578 se

343 3628 405 3686 iam
430 3631 526 3688 etiam
546 3627 717 3719 lztrsttrrt'am
738 3643 770 3690 et
786 3609 990 3719 sctriffcut'urrt¹
1008 3629 1194 3710 exspectare.
1235 3629 1291 3688 Sed
1313 3623 1360 3680 diu

342 3745 478 3808 quaeret,
505 3743 673 3809 antequam
693 3729 822 3792 Mauros
839 3746 871 3791 et
889 3729 1043 3812 Hispanos
1060 3733 1204 3791 inveniat
1221 3725 1359 3789 [uitiator.

343 3848 417 3890 curn
433 3834 558 3890 caetrati
577 3833 720 3900 trecenti,
746 3847 779 3893 et
795 3833 937 3914 pluribus
956 3847 1119 3893 occurrant
1138 3835 1172 3892 in
1196 3831 1279 3890 iocis.
1318 3825 1358 3883 De

344 3929 440 3994 Nesto
456 3953 535 4012 opus
552 3933 686 4009 nonest,
707 3946 744 3992 ut
760 3933 1031 4013 pltrrafladdarnun
1058 3931 1215 3994 iuisrciunt
1228 3951 1270 3998 ea,
1291 3939 1358 4006 quae

342 4031 492 4093 diximus.
552 4032 673 4094 Mirum
697 4053 791 4104 vero,
826 4035 912 4114 quod
935 4035 1042 4094 relicta
1064 4035 1128 4102 illa,
1164 4051 1257 4114 quant
1277 4025 1358 4112 paulo

341 4113 413 4210 a'nte
434 4132 602 4205 adierebat,
624 4135 762 4198 salmani
784 4137 973 4208 coniectura,
999 4129 1228 4218 putidiiirruanr
1245 4131 1378 4194 canetur
