2848 4942
368 425 467 480 m
496 427 536 480 11.
580 423 614 481 c.
643 427 667 479 r.
709 425 808 496 ιιι.
1073 425 1115 506 65

65 599 195 660 onnon
213 596 256 660 ab
281 597 377 668 asiis,
417 597 499 660 sicut
522 595 649 662 Neuror
673 601 819 662 nominat
841 603 875 664 in
898 617 972 666 orto
996 604 1111 684 Tyrre.

63 723 132 782 φιοε
153 721 227 762 mox
251 703 381 762 iterum
406 701 486 761 ideo
511 702 598 762 citat.
655 699 698 760 Et
718 701 771 764 hic
792 705 878 764 idem
902 709 1112 770 ratiocinandi

61 801 121 864 sons
137 819 222 864 retae
239 804 343 862 eriam
360 821 482 862 aurem
499 803 572 862 dare
588 801 693 864 eidem
711 803 876 866 Holstenio
894 805 949 868 sib.
967 827 994 870 r.
1012 829 1039 872 c.
1057 829 1110 888 ¹9·

60 905 163 986 legenti
192 905 323 964 Rudini
351 905 506 966 Gesorrorr
538 901 642 962 urbem
669 901 803 982 ligneam
834 905 1001 978 habitant,
1035 911 1111 974 sicet

60 1008 91 1066 ad
114 1008 404 1068 confirmationem
436 1005 538 1066 huior
564 1005 709 1065 iectionis
733 1003 888 1068 obtendat
911 1010 979 1072 MS.
1013 1031 1110 1094 quem

62 1109 228 1171 contulerit.
286 1109 412 1168 Primo
438 1107 534 1166 enim
561 1105 642 1166 nihil
664 1105 740 1166 dicit
763 1113 860 1180 nori.
888 1131 989 1190 qrurm
1014 1133 1111 1176 omne

61 1210 162 1269 iiiam
184 1211 356 1292 prolatum
383 1211 425 1268 fit
449 1207 492 1268 ab
515 1207 676 1268 Pintiano.
726 1209 788 1270 Sed
811 1210 952 1274 Gelonos
975 1217 1111 1276 omnino

61 1309 158 1370 stabilit
181 1310 246 1392 ipse
272 1312 362 1371 Mela
384 1311 448 1370 lib.
466 1325 499 1370 Ω.
521 1328 549 1370 c.
575 1329 602 1370 ι.
628 1306 774 1380 scribens,
798 1311 941 1374 Gesonoe
961 1315 1065 1376 velare
1082 1315 1111 1378 se

61 1413 174 1474 cutibus
195 1413 357 1484 hostium,
387 1413 436 1474 de
461 1409 579 1490 quibua
602 1423 685 1470 certe
707 1411 739 1470 id
761 1431 827 1474 rron
845 1413 1020 1496 scripsiffet‚
1055 1415 1113 1476 nisr

60 1529 122 1575 rnre
137 1515 178 1574 de
191 1515 353 1596 pofirione
373 1533 502 1574 eorum
522 1509 722 1573 meminisset.
759 1513 848 1598 Quin
871 1517 968 1576 etiarn
985 1537 1024 1578 an
1043 1517 1113 1590 MS.

61 1616 114 1679 ilie.
138 1635 235 1696 quern
257 1617 348 1683 cim,
385 1615 476 1674 clare
508 1611 655 1673 habuerit
677 1612 827 1684 (insortam
861 1617 1004 1678 dubitare
1029 1619 1113 1688 licet.

66 1737 155 1795 quum
179 1717 240 1776 sint
263 1717 402 1784 Mssri,
442 1717 479 1774 in
500 1713 618 1794 quibus
639 1731 705 1774 non
732 1715 873 1778 Gelonorr
898 1719 1028 1802 legitor,
1062 1711 1115 1780 secl

68 1819 217 1886 &sonim
234 1833 272 1877 ut
287 1819 324 1877 in
340 1817 502 1880 Ciriiiano
519 1829 550 1876 et
566 1815 807 1889 Mediolanenfl,
826 1839 864 1880 ex
878 1839 937 1900 qua
954 1819 1113 1902 scriptura,

66 1934 98 1978 ut
112 1922 244 1988 videtur.
265 1919 394 1979 scribae
412 1916 593 1978 curiosioris
608 1929 640 1976 et
655 1917 816 1998 duplicem
832 1919 946 1982 reserre
965 1923 1113 1992 volentis,

69 2015 123 2102 (ur
140 2018 219 2100 saepe
244 2019 378 2080 sactum
401 2019 568 2086 novimus,
595 2017 732 2079 maxime
754 2021 788 2080 in
812 2021 987 2084 Nazariaoo
1009 2023 1114 2094 Floro,

71 2121 103 2178 in
123 2121 208 2182 Livio
222 2119 448 2202 Puteanaeo)
472 2133 536 2178 tarn
551 2119 642 2188 illuri,
667 2139 760 2200 quam
784 2119 846 2184 hoc
863 2127 1016 2186 exoritur.
1051 2125 1115 2187 Sed

69 2235 102 2282 et
115 2225 194 2303 qood
208 2225 244 2282 ad
262 2225 329 2284 hoe
349 2223 483 2282 Axiacae
498 2222 622 2288 attinet,
649 2237 783 2282 noverat
801 2225 983 2286 Hossienioe
1004 2227 1116 2306 otique

66 2323 126 2384 hoe
143 2323 221 2406 ipsos
236 2325 378 2403 Polybii
398 2335 433 2382 et
449 2323 584 2382 aliorum
605 2316 808 2398 Ἀπασιᾶκας
827 2347 843 2386 a
861 2327 944 2389 Mese
961 2325 1115 2388 recenseri

65 2422 116 2485 snb
138 2425 299 2487 vocabulo
328 2423 530 2485 Paesrcarum
550 2421 605 2482 lib.
629 2437 661 2496 3.
681 2443 708 2486 c.
728 2437 761 2501 5.
812 2447 836 2488 r.
862 2447 1060 2490 oaoaovrve
1082 2429 1115 2488 irr

66 2541 141 2587 nota
169 2526 355 2620 posteriori.
418 2525 577 2585 Auchetas
599 2525 713 2586 validis
734 2529 827 2590 armie
852 2533 966 2610 reposit
992 2531 1117 2590 Grono-

65 2629 149 2696 vius.
181 2629 354 2690 necuim
378 2641 531 2686 conatum
553 2627 726 2708 repetitum
756 2647 812 2690 eoa
834 2631 958 2690 adiuvit
983 2627 1116 2700 Vossius,

64 2729 215 2810 planeque
238 2729 430 2790 destituunt
453 2725 596 2788 Codices.
646 2729 801 2790 Tentarit
823 2731 909 2792 hunc
931 2733 1040 2792 socom
1065 2731 1118 2792 ad-

64 2829 137 2891 bitis
160 2847 272 2890 tamen
301 2829 398 2888 libris
424 2831 519 2888 etiam
542 2827 791 2912 Cannegieterue
817 2831 996 2894 demutata
1020 2833 1119 2894 Rom.

66 2933 239 2992 nominum
258 2932 391 2990 ratione
416 2949 482 3009 cap.
501 2929 533 2991 6.
557 2951 588 3011 p.
607 2939 687 3008 254.
715 2945 746 2992 et
768 2930 850 3012 pisce
871 2931 1024 2995 saniorem
1042 2953 1118 2994 eum

70 3033 189 3103 censet,
227 3033 337 3094 modo
365 3031 475 3091 verbio
506 3045 590 3092 recte
623 3031 788 3094 disiunctis
819 3035 861 3094 ita
891 3035 1117 3096 constituatur:

71 3135 160 3194 inter
192 3133 309 3214 qrrrsas
337 3165 391 3180 —
425 3133 562 3204 mentio:
602 3127 746 3216 binisque
772 3167 819 3182 -
845 3149 1030 3214 perpotavit.
1085 3137 1119 3196 lr

73 3235 153 3292 infer
175 3235 337 3296 iocantes.
363 3261 416 3276 -
468 3231 626 3294 meantes
647 3247 770 3306 autem,
805 3237 893 3318 quod
919 3251 950 3298 et
971 3235 1119 3298 adserunt

72 3335 198 3406 Mssa,
230 3337 375 3416 explicat
397 3332 529 3396 arbitros
551 3347 583 3394 et
606 3335 822 3398 moderatores
843 3339 1003 3406 convivii.
1038 3359 1119 3419 quoe

76 3439 145 3498 reste
173 3437 291 3498 Nonio
318 3434 604 3514 ailadimperarores
627 3435 724 3496 Varro
748 3439 886 3508 vocarit,
915 3459 969 3500 eoa
992 3459 1118 3520 nempe.

78 3543 127 3618 qoi
140 3541 263 3619 coique
284 3538 398 3596 locum
415 3537 449 3594 in
464 3537 617 3596 convivio
635 3537 848 3620 adsrgrrabant.
883 3539 973 3622 Quae
988 3543 1119 3621 quidem

81 3641 169 3702 lectio
185 3661 227 3701 ex
249 3637 309 3698 usu
328 3638 489 3698 cultorum
507 3639 710 3719 populorum.
733 3639 956 3700 Rornanorum
973 3643 1121 3712 inarime,

84 3739 196 3802 sensnm
225 3739 323 3800 soum
343 3739 476 3819 reperit,
511 3751 543 3798 et
565 3741 620 3800 vix
648 3741 681 3798 in
701 3741 832 3817 Scythas
852 3743 989 3802 incultos
1010 3743 1120 3804 cadere

86 3844 215 3906 ridetur.
272 3841 452 3923 Optimum
469 3841 605 3910 videtur,
631 3839 828 3922 adquiescere
849 3843 882 3904 io
899 3845 998 3904 verbo
1017 3845 1121 3904 iocan-

91 3956 135 4012 ιιι,
166 3945 256 4027 qood
274 3955 310 4004 et
334 3941 454 4001 habent
473 3941 557 4010 iibri,
588 3955 620 4003 et
640 3957 730 4002 antea
752 3941 938 4022 probaverat
959 3945 1122 4006 Salmasius

95 4064 116 4106 t.
132 4047 152 4108 l.
176 4049 303 4128 quippe
325 4043 398 4104 loco
415 4057 448 4103 et
466 4041 566 4104 sensui
583 4041 956 4108 accommodatissimum.
995 4047 1041 4104 {re
1055 4063 1123 4106 mu·

96 4151 195 4210 arione
219 4151 294 4210 eiu·
326 4163 446 4228 magno
472 4165 607 4208 numero
631 4145 774 4228 exempla
803 4147 936 4230 protulit
961 4143 1123 4208 Drakenb.

99 4339 106 4354 ι
133 4265 223 4340 Ροιρ.
249 4263 349 4321 Melo.
379 4261 417 4314 L.
437 4261 472 4314 is.
767 4245 795 4308 Ε
