2826 4936
358 411 448 468 orn
479 409 532 464 nr.
576 409 609 466 c.
631 407 681 466 vr.
722 407 802 478 45.
1041 407 1099 491 ²⁶9

61 585 99 648 Β.
118 585 159 648 G.
177 595 210 661 5.
233 597 286 662 13.
321 583 479 644 lornande
503 583 543 645 tio
563 582 658 644 rebus
680 581 752 644 Get.
781 603 848 665 cap.
874 597 906 646 a.
928 581 1003 668 (qni
1025 604 1101 648 oum

63 688 169 748 Melae
193 685 368 746 narratione
385 681 521 746 conferri
543 683 660 766 debet)
688 696 720 744 et
743 685 777 744 in
800 697 946 746 veterum
963 689 1102 770 disputa·

62 789 208 850 tionibus
222 789 337 870 agitata
350 784 407 856 ett,
433 787 480 847 uti
496 787 625 870 adparet
647 805 686 846 ex
703 787 923 868 Quinctiiittno
947 807 976 860 t,
994 787 1026 858 6.
1042 803 1103 868 3ο.

65 891 112 952 Et
123 889 300 950 iicOroiiua
320 907 348 958 t,
366 902 399 948 Ω.
417 888 506 958 dicit,
523 885 721 970 triquadrum
736 887 795 950 affe
811 901 962 950 terrarum
978 889 1102 954 orbem.

63 989 149 1056 Viuo
166 1005 270 1052 tamen
286 1003 319 1051 et
333 986 532 1050 consuetudo
549 989 626 1048 iilud
649 986 841 1068 praeferunt.
862 1004 894 1052 et
911 991 965 1052 hic
980 994 1104 1056 codicat

67 1094 166 1154 etiarn
190 1091 243 1152 aiii
268 1109 382 1152 oroneo
404 1103 543 1152 tuentur.
598 1089 682 1150 Gud.
710 1079 882 1180 scitorum
908 1127 955 1139 -
980 1108 1104 1158 cunrat.

66 1195 151 1254 Edd.
176 1205 229 1268 ¹5·
249 1207 303 1268 t7.
322 1207 380 1254 oo.
398 1205 456 1270 23.
476 1212 573 1252 cuneo
594 1191 767 1272 triquetro,
793 1193 891 1254 altero
910 1193 1106 1278 tabiorpttt;
1172 1267 1174 1279 Ι

69 1309 131 1374 30.
151 1295 232 1354 maia
247 1305 395 1356 runcant.
446 1293 520 1356 Post
541 1293 682 1376 plerique
699 1293 824 1356 codices
840 1293 958 1356 habant
978 1297 1043 1366 iris.
1069 1311 1107 1358 ut

66 1395 144 1458 edd.
171 1414 202 1458 t.
227 1409 261 1456 α.
291 1397 462 1456 etiterum
485 1415 560 1456 cum
582 1395 803 1457 Reittoldiania
820 1407 880 1474 43.
899 1407 958 1476 44.
982 1411 1015 1458 et
1037 1399 1108 1459 reli·

67 1515 167 1578 quaa.
198 1513 271 1557 cum
295 1511 386 1556 antea
410 1498 443 1556 in
464 1497 506 1558 iis
529 1509 688 1556 mutatum
717 1495 894 1560 transiiffot.
946 1499 1009 1562 Sed
1031 1499 1108 1562 haee

66 1597 180 1661 crebro
201 1611 381 1660 occurrunt.
422 1594 474 1660 Cf.
489 1599 528 1660 ati
552 1613 585 1668 tt,
604 1599 637 1670 6,
656 1611 689 1678 7.
715 1613 747 1660 et
763 1597 849 1660 alibi.

238 1803 268 1878 §.
297 1812 330 1878 5.
375 1791 700 1892 saltusqueac)
756 1801 941 1866 Secundum
966 1797 1126 1868 vossium,

68 1903 187 1986 optimi
212 1901 285 1962 libri
310 1921 368 1986 pro
382 1894 489 1993 saltus
510 1903 629 1964 habent
652 1904 750 1966 inens.
789 1903 907 1967 Contra
931 1903 968 1968 A.
986 1904 1111 1968 Grono-

69 2009 145 2066 vius
166 2005 262 2066 norit
284 2005 511 2066 tantummodo
529 2026 655 2066 nemora
670 1997 847 2095 saltusque.
885 2005 952 2066 Met
976 2009 1110 2068 variant.

70 2107 182 2168 Cibin.
204 2103 299 2168 Parii.
325 2121 357 2184 3.
378 2097 486 2196 fraittts
509 2127 567 2180 ac,·
604 2107 743 2170 Vatictn.
764 2125 794 2172 ι.
822 2105 916 2170 Parii.
939 2127 969 2172 t.
994 2106 1112 2170 Zaluic.

71 2205 160 2290 Ltpt.
201 2205 284 2268 Gttd.
315 2207 487 2290 Rehdiger.
507 2198 677 2298 saltusque
702 2229 761 2282 σος
805 2209 907 2272 Vatio.
932 2223 966 2287 3.
999 2211 1112 2272 Venet.

71 2310 185 2372 Harn.
207 2305 301 2368 Paris.
323 2324 355 2373 2·
374 2307 467 2392 Prag.
489 2307 637 2392 iacttsqtta
656 2331 705 2372 oc.
758 2309 842 2373 Edd.
863 2331 891 2374 t.
916 2326 949 2374 tt.
969 2325 1002 2388 3.
1026 2323 1059 2390 4.
1078 2321 1112 2387 5.

72 2411 115 2473 ad
132 2403 279 2472 Vostrum
293 2399 403 2500 stritus
423 2431 479 2482 ac‚·
509 2410 562 2470 hic
585 2411 673 2470 dedit
695 2411 837 2472 iocosae
855 2424 977 2472 etcum
999 2431 1038 2472 eo
1052 2421 1113 2490 40.

72 2523 137 2592 41.
156 2522 218 2590 42.
241 2511 433 2574 Boinoidittt
453 2512 599 2596 vulgavit
613 2501 778 2603 Joitttsqtta
800 2531 856 2584 ac,
881 2512 967 2593 quoti
984 2511 1052 2592 post
1068 2531 1116 2572 te·

75 2625 233 2696 ceperunt
253 2613 325 2674 edd.
352 2621 411 2694 44.
432 2621 492 2692 45.
515 2614 605 2677 aliae.
640 2631 843 2676 tractavero.
897 2612 1022 2694 Optimi
1043 2611 1118 2672 libri

73 2734 135 2796 pro
150 2705 261 2806 soltus
282 2712 402 2800 hahent
423 2713 522 2778 incus.
588 2711 715 2796 Nempe
744 2713 784 2774 stc
809 2713 961 2774 videntur
988 2711 1118 2774 mutatio

74 2816 258 2886 iamolim,
291 2815 492 2898 quianullus
514 2817 548 2895 itt
571 2814 948 2898 Angiiainstgnislactts.
999 2815 1120 2874 Verum

75 2917 244 2978 Britannia
272 2919 368 2976 etiam
400 2916 644 2998 comprehendit
674 2917 832 2986 scotiam,
869 2935 947 2996 quae
980 2915 1120 2976 abundat

77 3019 230 3087 lacubut,
256 3017 357 3098 iisque
379 3019 514 3102 magnit.
578 3018 649 3080 Hoc
670 3031 775 3078 tamen
799 3017 960 3100 ignoravit
975 3015 1120 3098 Pompo·

76 3123 166 3190 uiua,
191 3120 281 3180 coint
297 3115 401 3180 ieinlo
417 3139 484 3180 non
501 3118 558 3180 nin
575 3117 705 3182 obscura
720 3116 800 3180 tama
817 3117 990 3200 superioret
1005 3117 1122 3180 insulae

78 3235 188 3304 partes
210 3218 428 3284 noscebantur.
464 3239 605 3282 votatva.
655 3221 736 3282 Satis
758 3218 797 3280 sto
826 3219 889 3302 ipit
911 3220 1082 3282 lectionem
1105 3238 1123 3280 a

80 3323 112 3386 se
138 3335 299 3402 receptam
321 3319 478 3384 confodit.
531 3321 677 3384 Offendit
703 3321 846 3384 librarios
863 3311 972 3412 soltus
994 3335 1124 3402 propter

79 3424 277 3508 praecedent
294 3443 431 3492 nemora.
457 3441 536 3504 quaa
551 3435 658 3484 tamen
673 3421 760 3484 sensu
776 3423 970 3505 discrepant,
999 3434 1031 3482 et
1048 3421 1124 3482 hinc

80 3539 173 3588 racto
197 3523 294 3584 etiam
316 3544 333 3586 a
355 3525 504 3587 Lucretio
529 3535 560 3602 5,
591 3535 696 3604 1335.
728 3526 975 3608 coniunguntur.
1030 3521 1125 3582 Forte

82 3629 177 3688 incus
195 3625 272 3685 oiim
290 3623 407 3694 adfuit,
434 3627 522 3709 quod
539 3623 629 3688 facile
652 3626 773 3688 transiit
793 3627 826 3686 in
848 3625 952 3693 inens,
982 3641 1041 3704 pro
1061 3641 1126 3703 quo

83 3727 184 3813 gloffa
217 3723 348 3788 subiecit
376 3719 492 3817 [altus.
541 3727 695 3792 Ceterum
719 3747 736 3790 a
763 3727 869 3792 verbio
893 3715 968 3814 fert
1000 3743 1129 3786 nemora

83 3831 226 3892 Vinctus
248 3846 274 3889 c.
294 3845 351 3906 27.
372 3831 496 3912 incipit.

166 4033 346 4098 alternis
372 4031 578 4118 motibus)
627 4033 715 4096 Haec
728 4031 765 4094 ad
776 4024 918 4120 fluentia
937 4028 972 4088 in
989 4024 1129 4088 Vindob.

87 4138 318 4203 deiidttrantur.
362 4136 473 4202 Cibin.
494 4133 556 4200 iert
578 4135 710 4198 alterius
737 4131 890 4204 motibus,
925 4131 975 4192 uti
996 4130 1031 4190 itt
1055 4139 1132 4190 nota
