2794 4954
452 437 595 496 Lm.
633 445 674 498 Π.
725 442 802 498 c.1.
844 443 923 512 Μ.
1203 455 1244 524 43

154 601 409 692 Tandem)
492 612 681 678 Codices
707 615 853 698 quidam,
886 617 937 678 uti
960 613 1069 681 Cibin.
1090 615 1186 683 Paris.
1208 631 1242 700 3.

94 703 240 792 dthdiger.
273 721 497 778 caretum.
581 717 650 779 Sic
670 729 704 779 et
723 717 797 780 edd.
818 735 849 781 ι.
872 731 906 780 2.
929 731 962 796 5.
980 728 1015 797 4.
1039 729 1073 795 5.
1093 733 1126 796 7.
1150 732 1184 798 8.
1207 739 1265 802 9.,
1322 767 1329 774 -

96 827 328 874 so.ss.12.
378 829 467 894 13.
517 825 603 896 ¹4·
642 831 697 895 15.
725 823 1244 898 17.19.uo.23.stcumhac

90 906 379 988 tone·vattcani;
428 917 657 997 probabat
680 921 775 981 etiam
793 919 993 983 ciacconius.
1050 919 1093 982 At
1115 921 1245 984 tandem

89 1015 119 1073 sd
133 1014 190 1074 loti
204 1035 364 1078 nexum
386 1031 440 1080 et
463 1017 647 1082 sensum
661 1021 755 1083 unice
767 1022 861 1094 valet,
883 1034 916 1084 et
931 1020 970 1084 ab
984 1021 1054 1084 attis
1069 1020 1245 1088 Codicibus

88 1118 307 1182 confirmatur.

149 1344 196 1384 esc
227 1345 418 1405 parvo
466 1316 678 1416 fonce)
728 1317 988 1414 Cibin.sronte,
1017 1326 1247 1408 dequacom·

84 1428 271 1489 mutatione
301 1429 363 1489 ad
410 1449 459 1498 ι,
505 1441 588 1506 13,
622 1441 657 1505 5.
691 1427 804 1490 Verset.
834 1425 929 1488 Paris.
956 1442 990 1488 u.
1011 1428 1123 1490 vatic.
1148 1443 1181 1507 3.
1206 1417 1266 1490 est¹

83 1548 159 1606 puro
174 1519 310 1619 fonte.
363 1547 660 1590 Tzscnvcxs.
714 1529 752 1588 sn
775 1527 965 1608 quibusdum
985 1527 1150 1591 codicibus
1171 1531 1248 1614 legi·

84 1643 133 1690 tur
157 1652 200 1692 esc
225 1651 335 1710 puro
360 1623 542 1720 fonte.
621 1628 684 1690 Sed
716 1630 846 1690 alteram
875 1629 1047 1692 lectionem
1081 1613 1272 1692 confirmet*

85 1733 289 1794 Herodotus
322 1728 397 1820 [c.
433 1725 506 1818 1.]
548 1741 590 1790 et
618 1729 807 1803 Iornundes,
833 1730 889 1812 qui
908 1729 995 1793 hunc
1015 1729 1119 1794 Melae
1139 1731 1248 1795 locum

86 1833 257 1916 descripsit
288 1853 383 1916 cap.
413 1843 465 1910 5.
531 1849 697 1894 vosssvs.

170 2038 244 2102 Ex
254 2059 333 2100 am
346 2058 410 2118 pe
421 2055 450 2098 o
465 2033 495 2118 )
579 2031 696 2096 Cibin.
724 2033 810 2096 Gud.
838 2031 923 2114 Lips.
953 2033 1124 2118 Rehdiger.
1153 2035 1245 2121 Prsg.

97 2140 341 2220 Emptam
385 2133 592 2200 vindob.
617 2155 657 2196 soc
677 2135 811 2216 arzpsuo.
872 2135 956 2196 Edd.
984 2155 1013 2198 ι.
1038 2149 1071 2197 2.
1095 2149 1128 2215 3.
1152 2147 1186 2216 4.
1212 2148 1248 2214 5.

102 2243 140 2304 6.
166 2257 205 2316 7.
231 2252 271 2318 a.
304 2259 351 2327 9.
385 2258 470 2304 ιυ.
515 2253 590 2299 11.
619 2249 676 2297 rc.
704 2249 759 2314 ²5·
788 2242 843 2318 14.
868 2247 923 2312 15.
952 2251 1007 2316 ¹7·
1036 2253 1090 2315 ¹9·
1110 2252 1168 2298 eo.
1190 2251 1246 2316 23.
1297 2313 1300 2321 Ι

102 2341 306 2427 (sicigitur
327 2342 470 2403 etiam
496 2337 684 2415 Vaticani)
708 2337 808 2398 modo
827 2337 1008 2407 coniuncte,
1034 2337 1133 2398 modo
1147 2337 1249 2400 divise

103 2445 356 2526 Εκαηῳὴιο,
408 2441 483 2502 uti
521 2437 709 2498 lornandes
733 2437 761 2498 ci
783 2437 805 2498 l.
832 2437 990 2499 vadianus
1015 2434 1028 2514 (
1041 2437 1120 2519 16.)
1143 2437 1250 2520 posuit

107 2547 323 2625 Exempeo,
357 2555 404 2606 et
428 2541 485 2601 sic
506 2539 660 2618 reliquas
673 2537 747 2616 edd.
763 2549 886 2598 tautum
903 2539 1035 2600 Vinctus
1048 2538 1247 2620 Exampoeo.

111 2663 369 2709 mcuvcrn.
442 2643 510 2702 sta
535 2636 740 2719 reposuimus
761 2637 1032 2700 consentientibus
1051 2639 1149 2701 libris.
1191 2641 1251 2701 Ve-

113 2769 203 2808 rum
227 2749 343 2810 enim
371 2743 506 2803 huius
533 2736 639 2800 sontis
662 2758 783 2800 nomen
806 2739 850 2798 cst
867 2728 1069 2828 Ἑξᾶμπεος,
1102 2740 1252 2820 quemad·

118 2849 289 2910 modum
316 2843 543 2922 utrobique
565 2839 651 2920 apud
673 2840 876 2901 Herodotum
899 2834 1179 2927 [4‚52.ot81.]
1205 2859 1253 2902 re·

124 2947 398 3010 scribendum.
443 2959 609 3004 vossius.
659 2939 847 3024 Resrsgatur
868 2942 893 3002 1.
909 2941 1095 3002 Gronovius
1110 2942 1148 3001 ad
1169 2943 1254 3022 prio·

130 3069 228 3111 rem
254 3044 462 3112 Herodoti
495 3043 630 3112 iocum,
666 3053 699 3103 et
722 3062 762 3103 ex
784 3041 866 3104 Cod.
895 3041 1043 3102 Mediceo
1073 3043 1197 3123 optimo
1219 3045 1254 3106 in

141 3166 315 3230 utroque
353 3145 496 3231 probat
532 3127 756 3232 Ἐξαμπαῖος,
789 3162 884 3224 quam
915 3139 1052 3204 sormam
1083 3157 1116 3204 et
1139 3143 1254 3226 posteri

155 3253 328 3313 editores
350 3243 610 3330 praetulerunt.
658 3243 785 3306 Solinus
808 3264 835 3306 c.
856 3261 914 3307 20.
935 3242 957 3305 s.
979 3252 1035 3326 14.
1058 3243 1253 3323 Exempeus.

167 3351 277 3433 quod
299 3363 337 3410 et
356 3345 513 3409 retinuit
529 3342 705 3406 Salmasius.
756 3345 921 3408 Boccstius
943 3345 1041 3406 modo
1062 3345 1254 3426 Rumpitur.

177 3452 298 3514 modo
318 3447 567 3525 Examphem
596 3444 663 3506 vid.
688 3445 729 3506 de
746 3443 891 3508 sontibus
910 3445 944 3507 h.
960 3465 993 3508 v.
1017 3457 1051 3506 et
1070 3447 1109 3506 dc
1126 3447 1254 3510 flumin.

189 3551 217 3614 s.
234 3571 277 3612 v.
298 3549 463 3630 Ippanis.
501 3544 637 3607 Praestat
652 3543 737 3627 sequi
754 3545 869 3607 Graeca
884 3548 1081 3628 optimorum
1097 3547 1256 3611 codicum.

198 3651 356 3714 Orteiius
375 3649 481 3710 etiam
502 3647 537 3706 iu
557 3643 702 3708 thesauro
718 3645 837 3730 Geogr.
853 3665 916 3706 una
931 3647 989 3707 hec
1004 3643 1115 3718 sorios,
1135 3647 1258 3720 nescio,

202 3771 280 3834 quo
296 3753 392 3820 duce,
417 3743 545 3830 profert
570 3747 785 3827 Exempaeus‚
803 3734 1022 3836 Ἐξαμπαῖος.
1074 3739 1259 3812 Posterioris

203 3851 298 3915 sorte
313 3851 430 3913 aetatis
445 3847 622 3929 scriptores,
645 3849 680 3909 in
696 3849 813 3929 quibus
831 3869 868 3908 ae
883 3861 946 3910 ets
967 3849 1056 3910 nullo
1071 3849 1179 3913 habito
1197 3853 1260 3914 dis·

205 3955 354 4014 crimine
377 3951 531 4034 ponitur,
558 3962 805 4012 commutarunt.
855 3947 934 4012 inde
954 3949 1157 4034 intelligitur,
1183 3972 1262 4033 quo-

205 4055 319 4116 modo
339 4053 508 4113 Licentius
536 4051 654 4131 (quem
675 4045 801 4113 voffius
822 4049 857 4108 in
876 4065 953 4113 nota
979 4050 1089 4113 teiiesn
1110 4053 1261 4134 adducit)

204 4157 256 4218 ad
280 4151 501 4240 Augustinurn
521 4153 557 4212 irs
580 4150 621 4214 ei.
642 4151 763 4236 epistol.
786 4151 845 4214 26.
866 4148 889 4215 s.
910 4161 971 4231 4ο.
996 4150 1126 4216 scribere
1149 4150 1260 4236 poffitt
