2864 4944
312 436 401 492 ΗΒ.
429 439 466 492 11.
509 435 542 492 C·
565 437 628 498 vu.
670 437 696 508 s.
718 447 749 509 5.
987 453 1050 517 507

47 629 93 672 non
109 609 261 692 potuisset.
297 611 382 672 Turn
396 611 506 692 paullo
521 611 588 694 posi
604 611 715 694 Scyros
733 610 901 674 subiicitur.
935 613 1051 676 Lartius

45 715 117 796 igitur
136 714 214 772 dixit
245 731 347 795 prope
374 713 560 784 Thraciam,
597 733 657 775 nec
679 727 787 776 contra
810 715 933 775 codices
959 705 1058 796 quid-¹

45 835 114 894 quam
127 815 289 874 immutari
306 813 412 877 debet.
451 813 503 878 Cs.
520 816 606 876 Plio.
623 825 657 892 4,
676 829 732 894 95.
750 813 771 878 s.
793 832 848 879 12.
891 812 1050 896 Scriptura

45 929 123 974 sutem
146 917 294 977 Sciathos
318 935 358 977 ox
385 915 506 979 Graeco
529 913 694 992 Σκίαθος,
728 918 776 977 uti
799 919 862 978 iam
883 931 1051 979 monuerat

45 1015 194 1088 Pintiauus,
221 1019 440 1081 confirmatur.

100 1211 352 1312 Halonessos)
401 1221 511 1284 Cibin.
532 1219 639 1282 Vatic·
663 1219 833 1307 RehdIger.
859 1173 1050 1310 doloneffm¹

47 1319 109 1402 Lips.
130 1321 244 1384 Venet.
271 1315 482 1414 Holsorresosr
512 1321 609 1386 Paris.
629 1337 662 1400 5.
688 1314 881 1413 Bolonesos,·
905 1323 958 1383 alii
978 1324 1049 1384 Ha·

47 1413 140 1509 brosor
164 1443 236 1484 curn
266 1425 482 1494 editionibus,
517 1425 565 1484 uti
595 1425 733 1486 efferunt
760 1424 989 1486 Demosthenes
1014 1429 1048 1487 in

47 1525 159 1584 oratione
178 1539 274 1595 nota,
303 1525 358 1586 etsr
374 1528 414 1588 de
434 1526 496 1587 hoc
511 1539 638 1587 auctore
656 1526 780 1586 dubitat
801 1525 965 1596 Libanum,
992 1528 1049 1589 Ae-

46 1620 139 1685 schines
159 1627 190 1685 in
206 1626 349 1710 Ctesiph.
368 1649 400 1709 p.
418 1639 502 1705 475.
519 1627 631 1690 Reisk.
658 1627 814 1688 Plutarch.
830 1630 864 1686 in
881 1629 1047 1692 Demossh.

47 1741 107 1802 c.9.
138 1727 377 1808 Stephanuset
399 1730 629 1812 Harpocration
653 1729 686 1790 b.
713 1749 745 1788 v.
788 1727 911 1789 Plinius
930 1739 964 1806 4,
991 1745 1048 1808 23.

47 1819 125 1887 stt.
171 1828 341 1892 Pintianus
369 1843 476 1892 tamen
504 1830 630 1890 duobus
653 1849 674 1890 rt
697 1827 785 1888 scribi
806 1829 950 1900 mavult;
981 1849 1049 1892 uon
1134 1877 1136 1884 .

46 1935 138 1988 temere
156 1930 188 1989 in
207 1931 317 1993 nostro
337 1933 468 2013 quidem
490 1944 629 1992 auctore.
681 1929 805 1992 Diserte
827 1931 913 1991 euim
935 1939 1050 1994 monet

46 2025 130 2088 Strabo
150 2031 202 2091 lib.
223 2047 279 2110 13.
301 2053 333 2114 p.
352 2053 398 2094 m.
415 2043 499 2114 425.
522 2030 545 2094 s.
567 2043 621 2110 ¹8·
649 2026 737 2094 nord
759 2026 832 2106 ἔθος
855 2054 886 2093 rr
909 2035 1049 2115 gemina·

47 2137 93 2186 tun
118 2131 170 2192 esse
195 2133 282 2194 iliam
315 2135 437 2196 literam
467 2129 629 2215 adfertque
655 2135 816 2216 exempla,
850 2128 1049 2220 Moo'sroyooc,

48 2209 261 2319 ilpoao'vvsyoos,
287 2229 546 2318 Πελοπόννησος.
602 2233 670 2297 Nec
683 2235 771 2295 aliter
787 2233 875 2316 snpra
893 2236 926 2294 in
944 2236 1048 2298 nostro

49 2329 70 2404 s·
91 2341 118 2412 4.
151 2327 364 2427 Proconnesos
407 2334 550 2396 scribitur
583 2337 616 2396 in
653 2337 848 2398 editionibus
880 2337 1047 2418 plerisque.

51 2429 128 2511 Quare
148 2450 177 2496 et
196 2437 250 2498 hio
273 2439 313 2499 ad
335 2435 471 2500 eandem
493 2439 667 2508 rationem,
704 2452 743 2498 ut
771 2437 827 2498 fibi
849 2437 952 2498 noster
975 2457 1049 2499 con·

52 2529 128 2604 stret,
156 2535 337 2601 informavi.
389 2537 466 2601 Non
482 2539 556 2600 libri
577 2537 678 2600 solum
698 2537 815 2619 scripti,
847 2537 897 2598 sed
918 2553 950 2600 et
971 2540 1050 2600 editi

51 2649 133 2708 parurn
147 2639 178 2698 in
193 2639 242 2700 bis
258 2639 470 2710 consentiunt,
494 2643 580 2722 quod
596 2641 646 2702 vel
664 2641 789 2701 Plinius
806 2640 916 2700 docere
937 2641 1048 2720 potest.

52 2731 87 2794 Cf.
102 2755 169 2815 quae
191 2745 321 2802 monuit
342 2740 491 2803 Dukerns
513 2743 551 2802 ad
571 2742 722 2820 Thucyd.
739 2757 771 2809 Ω,
789 2755 847 2818 59.
898 2740 1050 2802 Ceterum

51 2829 138 2899 Vener.
154 2841 193 2902 itr
209 2841 292 2904 bano
311 2843 497 2906 narrationis
513 2857 635 2927 partem
653 2842 832 2903 connectit:
859 2833 1051 2933 HalloneJos

50 2944 72 2992 rt
89 2934 219 3006 Lemnos.
576 2953 577 2958 ’

106 3141 198 3206 Atho
224 3146 379 3228 ruenti)
428 3147 566 3209 Monstra
598 3147 651 3207 hio
683 3147 824 3206 nominis
860 3143 1052 3207 effinxenrnt

49 3238 161 3312 quidam.
210 3247 315 3309 Vario.
334 3263 366 3326 5.
389 3247 482 3331 Prag.
504 3245 597 3310 Paris.
624 3265 656 3311 2.
678 3247 881 3318 Ackonrentr',·
912 3249 1050 3332 Rehdig.

50 3339 220 3420 etiromenti;
243 3348 275 3410 V
278 3349 390 3410 indob.
410 3349 496 3410 Atho
523 3349 753 3409 monsileninos.
805 3350 892 3408 Tum
915 3349 1052 3411 Lemnos

51 3433 113 3498 deest
133 3445 162 3503 in
180 3445 282 3511 Vario.
301 3463 333 3528 5.
356 3447 451 3511 Paris.
476 3463 509 3527 5.
533 3461 566 3511 et
586 3450 678 3532 l'rag.
732 3450 835 3511 Iidem
856 3450 953 3512 etiam
978 3469 1052 3512 cum

52 3531 152 3603 Veneto
173 3567 228 3628 pro
253 3541 390 3642 adversa
411 3549 560 3612 adserunt
582 3541 744 3641 adversas.

106 3741 366 3841 Pagasaeus)
428 3751 563 3817 Codices
605 3753 700 3815 multi
741 3771 814 3813 oum
856 3753 1053 3816 editionibus

51 3835 178 3926 Plerisque
200 3843 380 3944 Pagasenrr
420 3855 569 3920 Ciaccon.
596 3852 679 3937 Lips.
707 3853 823 3916 Vertat.
850 3856 941 3939 Prag.
967 3857 1052 3919 Gud.

53 3933 192 4030 dshdiger.
215 3969 246 4016 et
270 3957 343 4018 edd.
371 3978 401 4020 1.
428 3959 470 4020 a?
493 3975 526 4038 9.
548 3957 617 4042 post
643 3969 695 4034 tss.
725 3969 780 4032 23.
809 3969 866 4034 51.
888 3949 1053 4048 Pegaseas.

52 4055 111 4114 quae
132 4047 223 4116 forma
246 4069 277 4117 et
301 4059 375 4119 alibi
399 4071 537 4121 noratur.
588 4058 664 4119 Vid.
687 4057 781 4119 Silius
799 4057 867 4119 itas.
894 4077 947 4129 rr.
968 4071 1052 4140 472.

54 4138 148 4212 Statius
163 4156 267 4222 schin,
284 4179 312 4232 ι,
330 4161 389 4238 65,
415 4161 535 4222 Lucan.
552 4177 583 4230 2,
601 4171 684 4236 715.
709 4158 854 4241 Propert.
874 4179 901 4229 ι,
920 4177 976 4230 oo,
999 4176 1052 4236 17.
