2810 4944
305 401 369 468 43²
608 388 849 448 rourouu
886 387 1047 448 uacua

306 563 474 628 meridiem
493 561 638 644 procedit
653 563 732 626 ordo
751 563 865 626 Melae.
904 565 946 626 Et
963 564 994 626 id
1012 563 1135 625 dicetur
1144 552 1245 654 super
1260 565 1352 646 apud

308 664 515 748 Geographoa
535 679 657 726 veteres
681 663 934 746 septentrionalia
957 663 1078 748 semper
1100 685 1213 726 vocare
1235 663 1353 728 solitoa

307 765 439 848 superna
462 779 495 826 ct
518 765 675 826 editiora‘i
710 781 747 826 ut
766 767 823 828 lib.
850 779 881 845 3.
911 787 937 829 c.
963 787 992 829 r.
1029 766 1140 830 Cetera
1158 759 1259 856 snper
1287 767 1354 826 Ta·

309 869 421 930 urarici
445 865 606 940 incolum
639 880 670 928 et
696 886 762 949 cap.
782 882 815 946 3.
844 869 943 947 Super
962 865 1054 930 Albin
1071 867 1224 930 Codanus
1236 863 1352 956 finus.

306 970 378 1030 lnro
412 966 573 1030 manifesta
599 967 691 1030 docet
726 968 826 1040 Mela,
869 969 978 1030 Tulein
1010 968 1070 1032 else
1104 969 1280 1030 Tarraconi
1310 975 1354 1029 ad

308 1069 572 1152 septentrionem.
599 1089 623 1132 1.
642 1087 836 1132 oxouovrra
853 1071 886 1130 iu
904 1084 983 1132 nota
1004 1069 1176 1164 posteriori.
1217 1070 1355 1132 Omnes

308 1173 432 1234 codices
455 1171 608 1232 exhibent
631 1173 749 1241 moins,
782 1173 838 1232 nifi
860 1173 948 1252 quod
970 1173 1004 1231 iu
1026 1171 1109 1255 Lips.
1132 1171 1227 1233 obelo
1251 1191 1355 1234 nota·

309 1287 379 1334 tum
401 1287 475 1341 erat,
506 1273 588 1354 quali
612 1273 784 1333 delendum
800 1273 852 1334 vel
876 1271 1061 1355 suspectum.
1111 1274 1163 1336 Sic
1183 1273 1355 1336 editiones

308 1371 540 1456 antiquissimae
557 1375 597 1434 ita
614 1387 757 1444 tantum,
784 1389 818 1434 ut
838 1375 937 1435 maius
961 1377 1157 1458 coniungant
1173 1395 1245 1434 cum
1270 1375 1357 1436 Tm·-

309 1497 394 1546 raco‚
420 1491 453 1537 et
471 1477 618 1556 deinceps
634 1477 784 1546 incidant,
806 1489 859 1536 aut
875 1477 997 1538 srniaut.
1048 1478 1109 1536 Vix
1124 1477 1222 1560 igitur
1243 1477 1355 1538 deleri

302 1577 411 1660 'potest
437 1591 469 1638 et
500 1597 540 1638 ex
569 1590 649 1638 noto
674 1596 773 1658 aeque
799 1598 906 1638 antius
931 1575 1095 1638 emersisse.
1149 1575 1216 1657 lpse
1247 1579 1357 1640 etiarn

309 1682 409 1740 oratio
445 1678 547 1740 Melae
574 1679 683 1748 docet,
717 1698 812 1761 parva
841 1679 894 1738 hic
922 1677 1055 1738 sluurina
1088 1683 1357 1742 commemorari.

308 1783 395 1841 'l‘urn
421 1779 549 1840 ntolesla
578 1779 614 1840 stt
644 1792 676 1838 et
707 1781 813 1840 ieiuna
847 1779 898 1840 illa
925 1777 1113 1858 synonymia
1128 1773 1272 1866 flumina
1298 1817 1358 1830 -

309 1903 426 1942 amnes.
479 1881 579 1942 Porro
594 1883 702 1962 inepte
718 1880 758 1940 src
775 1879 964 1951 subiiciatur,
989 1883 1199 1941 Tarraconem
1218 1883 1357 1943 aTulci

308 1983 440 2066 adtingi.
480 1983 577 2042 Arde
597 1983 634 2042 iia
656 1983 832 2042 luculenter
855 1983 917 2042 iam
937 1981 1083 2062 exposuit
1106 1984 1132 2044 l.
1148 1982 1358 2054 Gronovius.

307 2087 363 2164 qui
388 2085 420 2142 in
437 2097 511 2143 uota
535 2083 602 2144 MS.
620 2082 724 2150 addit.
752 2082 974 2144 obscuritatem
995 2085 1087 2144 sluvii
1108 2102 1174 2144 uon
1196 2081 1282 2164 posse
1306 2108 1359 2146 re-

308 2187 441 2250 morati.
469 2197 590 2244 eumer
608 2183 649 2242 ita
673 2203 689 2244 a
713 2181 855 2245 Martiale
873 2193 907 2262 4.
933 2195 991 2262 55,
1022 2201 1053 2248 2.
1077 2186 1264 2244 nominetur
1290 2187 1359 2245 slu-

307 2305 383 2346 men
400 2285 526 2364 aliquod
545 2283 670 2346 Graius.
713 2285 814 2368 Igitur
828 2281 960 2366 pessime
979 2285 1089 2346 banca
1107 2282 1211 2346 Vossao
1228 2281 1359 2348 iactant

308 2386 368 2448 ell'e
385 2388 613 2455 ututationem,
638 2386 751 2466 quiex
773 2387 899 2468 oppidis
923 2387 1056 2448 slumiua
1072 2387 1232 2456 intulerit,
1262 2389 1358 2448 iudi-

308 2490 391 2550 cavit
419 2490 514 2549 etiam
537 2487 572 2548 P.
599 2487 638 2548 de
659 2487 764 2548 Merca
785 2488 818 2547 in
844 2487 948 2550 Merca
969 2486 1057 2569 Hisp.
1079 2504 1109 2558 2,
1132 2505 1167 2566 9,
1185 2503 1215 2550 2.
1240 2507 1273 2568 p.
1300 2512 1354 2552 m.

314 2603 394 2668 ¹3⁰·
428 2591 484 2670 qui
505 2589 663 2650 tamenin
685 2606 724 2650 eo
746 2589 899 2670 discrepat
920 2611 937 2650 a
961 2589 1145 2656 Gronovio.
1179 2591 1266 2668 qnod
1292 2591 1354 2652 hic

308 2693 422 2752 Maius
445 2691 539 2751 fluvii
568 2708 689 2751 nomeu
719 2703 826 2772 putat.
869 2687 933 2772 ipse
961 2692 1156 2751 adiectivum
1179 2691 1276 2758 dicit.
1314 2709 1356 2753 et

307 2792 416 2854 locuna
440 2791 479 2852 src
504 2793 657 2874 explicat:
700 2787 923 2852 Rubricatum*
938 2793 1020 2852 inter
1039 2805 1204 2872 utramque
1227 2793 1353 2854 urben»

306 2913 380 2954 cum
398 2903 494 2954 antea*
508 2912 641 2974 parvum
662 2889 757 2952 suerit
772 2893 902 2962 flumen,
935 2895 1044 2976 augeri
1064 2895 1151 2974 aquis
1170 2891 1355 2954 increscen-

305 2996 409 3064 tibus,
441 2995 527 3075 quod
549 2993 691 3054 lustranti
706 2995 788 3075 ripae
809 2995 876 3054 eius
897 2993 935 3054 ab
958 2994 1041 3056 ostiis
1063 2993 1216 3074 superiora
1233 2993 1356 3056 versus

232 3093 238 3100 '
307 3109 428 3158 certum
445 3097 511 3156 lieri
531 3091 624 3176 possit
642 3095 680 3155 ab
703 3095 823 3176 oppido
841 3093 1035 3165 Martorello‚
1057 3095 1114 3154 ubi
1130 3094 1221 3174 Noya
1238 3101 1356 3158 amnis

305 3197 413 3258 influit
434 3197 466 3254 in
492 3195 698 3256 Rubricatum
717 3196 870 3265 fluvium,
897 3197 970 3276 qui,
998 3215 1071 3257 curn
1093 3209 1182 3257 antea
1204 3215 1259 3276 per
1285 3195 1360 3258 sco-

305 3299 398 3380 pulos
421 3297 508 3357 etad
526 3300 646 3358 montio
667 3295 782 3358 Serra'ti
802 3297 920 3360 radices
938 3297 1136 3358 conluctatur
1153 3295 1203 3366 sat,
1231 3294 1261 3358 se
1287 3319 1358 3379 per

305 3393 495 3459 laxilsnnum
519 3399 646 3460 alveum
667 3399 701 3458 in
716 3416 802 3458 mare
823 3397 982 3467 effundat,
1009 3375 1228 3478 praeterlapsus
1249 3413 1356 3460 auten

295 3520 416 3584 agrurn
439 3499 550 3578 oppidi
572 3499 669 3560 hodie
691 3499 863 3578 San-Boy.
916 3501 1006 3584 Quae
1027 3499 1191 3580 explicatio
1216 3499 1282 3558 loci
1306 3505 1354 3560 ad

306 3601 532 3662 vindicandam
554 3599 708 3660 librorum
736 3601 907 3662 lectionem
932 3613 1125 3681 comparata,
1158 3598 1211 3660 etsi
1233 3603 1354 3680 primo

305 3703 425 3762 intuitu
447 3701 589 3763 adridere
611 3695 722 3782 possit,
749 3704 849 3784 magia
871 3714 978 3763 tamen
999 3716 1123 3784 arguta,
1149 3719 1243 3780 quam
1261 3721 1355 3762 vero

307 3802 473 3883 Melaeque
495 3803 731 3864 accommodata
748 3803 888 3864 videtur.
941 3803 975 3865 si
989 3798 1197 3864 Rubricatum
1217 3803 1251 3861 in
1268 3801 1357 3862 Bar·

306 3905 432 3966 cinonie
453 3904 545 3965 litore
562 3904 701 3985 ponitur,
728 3903 860 3965 deduxit
876 3907 939 3964 iam
957 3903 995 3964 ad
1016 3923 1111 3972 mare,
1135 3901 1193 3962 ubi
1210 3916 1356 3978 auctum

307 4007 378 4068 aliie
395 4003 582 4067 fluminibus
604 4004 758 4074 increvit,
785 4025 844 4066 uec
866 4003 966 4087 potest
988 4003 1146 4086 sequeutia
1162 4003 1358 4066 adnectere.

307 4109 395 4170 Tum
413 4105 517 4178 turbat
533 4107 678 4169 locorum
701 4107 794 4167 litum
809 4119 842 4169 et
862 4106 1072 4168 Rubricatum
1090 4105 1217 4168 dieiicit.
1258 4104 1360 4169 Cum
