2836 4940
317 391 378 442 m
614 377 854 436 POMPONH
892 375 1054 434 unuln

315 557 354 620 ab
376 555 414 618 l.
430 551 597 617 Gronovio
613 551 709 612 etiam
731 549 784 610 hic
806 549 974 623 excitatur,
998 551 1054 612 ubi
1074 551 1186 614 limilia
1206 555 1349 637 exemplu

315 659 439 727 adtulit.
464 669 497 718 et
512 672 591 735 quae
606 649 692 732 i'uprr
708 653 819 712 notavi
834 651 872 712 ad
894 672 923 722 r.
938 671 973 732 9.
992 667 1024 732 3.
1060 655 1200 718 vindob.
1214 671 1349 736 praeter·

315 781 410 844 quum
426 756 490 840 qui.
525 753 599 818 Poll
614 769 673 838 pro
691 753 824 822 inuenio.
847 753 1007 835 piaemilla
1028 757 1124 815 etiam
1145 757 1347 820 distinctione

314 861 460 928 maxima.
486 857 595 920 Cibin.
617 856 722 916 Havu.
739 855 837 916 Vario.
855 867 887 933 3.
911 855 1195 939 Prag.1uuerrtos.
1222 880 1286 940 pro
1310 862 1348 920 in·

313 975 426 1032 vento.
452 957 538 1041 quod
554 955 671 1018 babent
689 953 771 1038 Lipl.
796 954 900 1020 Vario.
918 971 952 1016 et
967 956 1138 1041 iiehdiger.
1155 974 1190 1020 aa
1211 961 1280 1022 hoc
1295 979 1345 1044 pro

314 1063 450 1125 irruenio.
487 1059 624 1120 Invento
645 1057 733 1118 euim
750 1055 886 1120 verbum
903 1057 947 1120 eil
966 1059 1127 1144 ignotum.
1149 1074 1185 1122 et
1201 1064 1346 1125 bromios

311 1163 393 1228 nibil
414 1160 527 1232 babet.
552 1159 639 1222 uude
657 1155 803 1242 pendeat.

475 1367 505 1444 §.
534 1381 570 1442 9.
624 1360 772 1442 Thule)
819 1363 918 1426 Vario.
941 1363 1050 1428 Cilrin.
1070 1363 1165 1427 Parii.
1182 1379 1217 1444 3.
1240 1366 1346 1450 Tiryler

313 1469 461 1536 Ciaccon.
488 1463 572 1548 Lipl.
603 1463 775 1547 llebdiger.
804 1463 893 1545 Tyle,·
937 1465 1022 1528 Guu.
1056 1465 1222 1551 Augustin.
1258 1469 1345 1552 Prag.

313 1568 454 1634 vindob.
477 1563 571 1630 Parii.
595 1586 624 1628 r.
643 1581 677 1628 2.
701 1565 775 1627 Tila.
824 1566 909 1628 Edd.
935 1581 1060 1629 veteres
1085 1569 1163 1637 Tite.
1191 1582 1229 1628 ut
1259 1590 1289 1632 ι.
1318 1587 1346 1633 2.

312 1675 366 1734 vel
391 1669 502 1752 Thyle.
536 1669 586 1728 uti
611 1679 667 1744 15.
697 1681 753 1741 17.
780 1683 837 1728 oo.
860 1681 917 1745 23.
938 1669 1119 1750 pleraeque.
1152 1671 1232 1730 olim
1256 1669 1292 1734 6.
1314 1687 1345 1752 7.

313 1785 348 1852 8.
376 1791 430 1836 ro.
459 1781 596 1848 1213.
624 1777 679 1847 14.
709 1767 766 1830 16.
787 1797 835 1814 ·-
864 1768 972 1832 Thule.
1007 1787 1213 1832 rzocrrvcrrs.
1268 1773 1347 1834 Scri·

310 1873 453 1934 bendum
473 1869 577 1932 mute.
629 1870 676 1930 lta
697 1870 785 1930 euim
805 1868 917 1930 Graeci
938 1861 1093 1958 [Θούλη]
1115 1874 1291 1954 appellant.
1316 1887 1347 1935 et

309 1975 392 2056 apud
409 1993 466 2034 uua
481 1971 684 2040 Claudianus,
701 1969 890 2050 [aliquoties.
906 1973 1020 2054 aliique
1033 1973 1153 2054 plures]
1178 1988 1225 2044 ut.
1250 1973 1344 2036 sicubi

310 2076 399 2136 aliter
415 2071 563 2154 scriptum
580 2071 633 2140 eil.
657 2089 725 2132 non
744 2072 866 2132 rarione
882 2087 937 2134 aut
957 2075 1125 2136 doctorum
1143 2073 1201 2135 usu
1222 2077 1268 2146 id.
1293 2075 1344 2139 fed

308 2177 360 2236 vel
385 2176 503 2234 incuria
530 2171 746 2240 scribentium.
786 2171 839 2234 vol
865 2173 1025 2256 imperitia
1052 2175 1343 2242 Grammaticorum

307 2275 477 2340 obtinuille
496 2274 651 2336 videatur.
701 2273 850 2335 Diximuo
865 2287 898 2334 et
916 2277 984 2337 aliia
1006 2277 1100 2346 locis.
1126 2297 1286 2360 quae-per
1305 2300 1340 2342 ou

307 2376 544 2460 diphthongum
572 2375 681 2437 Graeci
708 2376 892 2446 enuntiant.
926 2375 1039 2438 servari
1062 2379 1123 2438 boc
1144 2393 1178 2440 er
1199 2399 1216 2440 a
1237 2381 1339 2444 nobia.

308 2481 399 2563 Quae
413 2496 490 2540 raro
508 2477 555 2537 illi
571 2495 627 2559 per
647 2498 677 2560 y.
705 2477 783 2538 baec
796 2495 852 2559 per
867 2499 898 2549 u,
924 2493 1011 2562 parte
1028 2479 1162 2562 plurima
1177 2482 1339 2543 veteribus

307 2581 412 2643 efferri
443 2576 647 2641 consuevisse.
681 2595 867 2640 annonara.
928 2579 993 2642 ileo
1018 2595 1112 2658 noto,
1145 2602 1206 2642 nec
1232 2585 1337 2644 minuo

306 2681 381 2743 alibi
403 2680 479 2742 baec
501 2681 635 2740 mutatio
656 2677 761 2742 obvia.
802 2677 853 2742 cf.
877 2679 1000 2743 Pierius
1021 2683 1059 2742 ad
1082 2684 1190 2765 Virgil.
1218 2683 1335 2769 Georg.

312 2805 341 2854 r.
360 2797 417 2862 30.
443 2795 487 2853 et.
512 2783 568 2862 qui
588 2781 674 2840 idem
692 2795 813 2850 monet.
835 2781 998 2846 Salmasrun
1014 2783 1051 2843 ad
1067 2785 1167 2845 Solio.
1186 2803 1255 2867 cap.
1277 2801 1335 2848 aa.

308 2885 328 2948 l.
352 2905 365 2948 r
372 2901 407 2965 9.
424 2903 457 2967 p.
472 2901 517 2945 m.
530 2895 610 2968 175.
646 2881 797 2944 Ceterum
813 2881 890 2942 binc
904 2901 972 2967 cap.
984 2898 1042 2963 30.
1059 2885 1175 2966 incipit
1191 2887 1337 2950 vinnon

381 3083 599 3167 Sacarum)
658 3083 695 3147 d.
725 3083 909 3148 Gronoviua
937 3099 1030 3148 notae
1065 3085 1135 3150 suae
1167 3091 1337 3171 praeponit

304 3186 480 3254 Belcamm.
508 3187 549 3248 do
565 3185 655 3250 MSS.
679 3185 760 3246 nihil
779 3187 877 3249 addit.
928 3187 997 3249 Mei
1017 3191 1188 3251 maximam
1209 3205 1333 3272 partem

302 3289 337 3349 iu
362 3287 401 3348 iia
423 3287 519 3348 etiarn
550 3287 715 3372 Augustin.
739 3287 908 3368 Belgarum
937 3287 1166 3370 praescribunt.
1208 3305 1333 3355 tautum
1402 3299 1403 3308 ’

301 3385 395 3452 Parii.
415 3406 445 3450 1.
466 3387 661 3469 Balgantmr
685 3389 775 3472 Prag.
797 3389 971 3470 Belgerum.
1024 3392 1193 3456 Editionea
1215 3395 1252 3454 ud
1272 3405 1331 3473 41.

301 3491 489 3570 Belgarum.
523 3503 738 3572 praeterquam
763 3491 849 3571 quod
871 3505 929 3569 gn.
958 3491 1053 3554 habet
1076 3492 1192 3554 vitiose
1219 3493 1329 3556 Bolba-

301 3612 388 3662 rum,·
420 3606 491 3652 tum
513 3601 572 3670 dr.
594 3599 654 3673 42.
678 3600 738 3669 44.
764 3603 824 3670 45.
850 3605 882 3652 et
904 3595 991 3674 prior
1008 3595 1124 3675 Kappii
1143 3595 1330 3669 Belcummr

299 3691 528 3754 lleirroldianae
558 3703 589 3750 et
618 3693 733 3773 Kappii
762 3692 913 3774 posterior
938 3695 1107 3769 Soranum
1145 3696 1330 3760 Norimber·

300 3793 401 3877 geniis
424 3791 590 3876 pristinum
607 3793 776 3873 Belgarum
797 3797 935 3875 repetiit.
967 3815 1173 3860 rzncrarcxn.
1214 3799 1328 3880 Belga·

298 3891 392 3976 mm.)
443 3894 547 3965 Vides.
580 3893 632 3954 hic
651 3894 797 3956 ordinem
820 3914 883 3956 nou
908 3895 1034 3960 [ervalle
1053 3897 1189 3966 Melam.
1216 3921 1329 3964 cuma

297 3995 447 4057 Sarmatia
476 3995 510 4055 in
545 3995 677 4056 Galliam
706 3996 822 4057 redeat.
874 3999 937 4058 Sed
967 4017 1044 4060 cum
1073 4003 1201 4081 antiqua
1233 4004 1329 4066 leutio

297 4115 363 4179 cap.
384 4107 417 4175 5.
440 4095 535 4160 huiur
550 4097 622 4158 libri
638 4098 683 4160 in.
707 4115 772 4160 uon
784 4097 921 4181 Scythas
939 4101 991 4162 vel
1005 4101 1115 4174 Sacas,
1139 4101 1192 4165 sed
1210 4103 1332 4188 Belgas
