2814 4946
330 443 417 516 cru.
447 445 487 498 ιι.
529 443 563 500 c.
592 443 658 504 vu.
700 439 726 510 i·
750 453 779 510 r·
1013 459 1076 520 49⁷

67 615 227 698 quibusdam
257 617 435 688 codicibus,
476 617 565 678 etin
589 615 773 696 Polybianir
796 601 906 698 Μῆνιξ
931 615 960 678 lc
984 619 1074 680 inve·

65 719 122 780 nille
140 720 234 780 testari
257 719 432 788 Ortrlium,
465 737 525 778 uec
547 717 638 778 aliter
655 716 684 778 le
708 715 811 798 ipsum
833 721 866 778 in
891 720 985 781 variis
1005 723 1074 784 eius

66 821 368 890 auctoribuaaeMSStir,
396 823 445 880 uti
462 819 548 900 apud
571 820 769 898 Dionysium,
792 819 841 894 (v.
859 823 961 898 480.)
988 822 1075 902 quod

66 935 89 981 et
100 923 132 982 de
145 921 173 984 le
186 923 330 984 adfirmet
345 923 510 1001 Lloyrliua.
545 921 638 984 ttiud
655 917 724 980 luae
740 919 844 981 caulae
861 923 1076 1001 patrocinium

66 1019 161 1084 rrrelltt
183 1043 222 1084 ert
255 1021 362 1106 priscis
385 1025 604 1084 monumentis
631 1033 663 1082 et
689 1023 873 1082 auctoritate
900 1037 1074 1103 puetanrm,

66 1127 159 1205 quippe
180 1145 258 1206 quae
281 1129 425 1196 doceant,
452 1125 599 1206 literaey
621 1123 766 1183 velante
791 1123 939 1184 Latinum
963 1147 994 1194 rr,
1022 1126 1074 1187 rel

66 1239 121 1285 rnte
134 1227 261 1287 limilem
278 1227 413 1296 literam,
439 1225 492 1286 vel
514 1209 624 1295 ante}
646 1223 763 1305 positae
783 1225 915 1284 multam
933 1227 1073 1288 accidere

65 1327 242 1397 varietatem,
271 1325 358 1408 saepe
372 1327 502 1408 quidem
517 1325 698 1394 elisionem,
724 1323 812 1406 saepe
830 1327 870 1386 ob
888 1329 1075 1406 prolationis

67 1426 170 1499 caulam,
195 1429 247 1490 vel
266 1430 380 1488 vitium
397 1423 527 1488 lortass'rc
541 1425 729 1507 quibusdam
753 1427 830 1486 olim
847 1430 996 1494 naturale,
1022 1429 1075 1490 ad·

66 1527 229 1606 politionem
248 1531 355 1590 literae
370 1531 508 1590 alterius.
545 1529 598 1590 Sic
614 1529 646 1588 iu
668 1527 933 1608 inscriptionibus,
958 1531 1073 1610 inquit,

60 1623 163 1716 finguo,
185 1633 333 1698 coniunx,
355 1645 461 1692 contra
478 1635 576 1692 Axur.
628 1630 681 1690 Sic
697 1629 810 1688 dicitur
827 1619 983 1714 Φάρυγέ,
1008 1625 1076 1692 ori.

67 1749 169 1813 ριγγας,
188 1747 219 1792 et
237 1721 366 1818 Φάρυὲ,
390 1727 551 1812 odonna
591 1729 676 1790 Haec
694 1731 718 1790 l.
739 1729 933 1794 Gronoviuu.
975 1733 1074 1816 Quod

67 1829 145 1891 adfert
164 1835 201 1893 de
224 1834 366 1902 Ortelio,
394 1835 421 1896 ic
442 1831 463 1895 l.
479 1853 512 1892 v.
532 1831 763 1912 Lotophrrgiter
782 1853 820 1892 ex
844 1835 979 1912 Polybio
1003 1853 1074 1915 pro·

67 1929 132 1991 ducit
152 1923 275 2018 lllr'yurff,
301 1935 355 1996 etsi
373 1936 407 1994 in
423 1934 543 1993 Latinis
561 1932 724 1994 codicibus
742 1934 879 1995 Miruu'x
896 1937 957 2020 legi
973 1937 1072 1998 addit.

68 2029 138 2094 Nihil
156 2051 322 2116 praeterea.
374 2037 412 2096 ln
434 2033 570 2113 Polybio
599 2035 728 2114 quidem
753 2057 780 2104 ι,
806 2049 863 2114 39,
891 2051 921 2098 o.
948 2039 1074 2100 codices

68 2145 91 2192 et
115 2137 174 2196 libri
204 2139 285 2199 editi
317 2150 389 2198 ante
419 2135 622 2196 Gronovium
650 2135 768 2196 babent
795 2125 922 2220 Μῆνιξ,
961 2157 1024 2220 quo
1053 2139 1079 2200 li·

68 2233 171 2300 iubente
186 2241 238 2300 vel
261 2239 449 2322 indulgente
468 2225 600 2320 Μῆνιγξ
622 2240 785 2298 invectum
806 2239 857 2308 eil,
887 2238 1074 2302 seutentiam

69 2333 107 2396 ille
124 2335 198 2400 luam
216 2339 285 2422 post
303 2343 426 2400 editum
443 2339 612 2416 Polybium
628 2341 815 2410 retractavit,
843 2353 896 2400 aut
920 2341 973 2402 hic
992 2341 1076 2402 dicii·

69 2439 187 2502 muanr.
239 2427 999 2526 1¹10tavneuamnynyisttwerguuuruus.
1027 2443 1075 2502 un

70 2536 93 2595 in
105 2559 147 2600 ora
161 2543 229 2604 cod.
247 2545 328 2625 Preg.
346 2543 382 2602 Β.
403 2543 590 2602 adnotatum
607 2543 788 2612 invenerat,
815 2557 845 2604 et
861 2559 944 2603 recte
959 2565 976 2603 a
994 2543 1074 2604 Gro-

70 2643 145 2702 uorio
165 2645 255 2704 illurn
278 2643 477 2704 librariorum
497 2662 637 2704 errorem
657 2645 862 2705 emendatum
882 2641 968 2704 inille
989 2665 1074 2724 prae·

71 2737 139 2804 dicat.
195 2745 341 2806 Omnino
373 2759 483 2805 autem
516 2765 626 2826 parurn
658 2745 715 2804 srbi
747 2746 780 2804 in
815 2745 877 2804 hoc
911 2743 1076 2806 constitiffe

70 2841 170 2904 ridetur
192 2847 396 2916 Gronovius,
426 2845 483 2926 qui
505 2847 601 2906 etiam
624 2845 659 2906 in
682 2845 891 2929 Agathemero
922 2867 949 2916 1,
971 2859 1004 2922 5.
1040 2859 1077 2906 ut

70 2941 167 3008 dibile
187 2933 322 3032 Μῆιιγξ
348 2945 489 3028 icripsrlle
506 2949 565 3017 ait,
595 2947 651 3009 etii
674 2947 707 3006 in
733 2947 802 3009 tls.
821 2947 932 3031 legerit
955 2935 1075 3030 Μῆνιὲ.

71 3039 170 3126 Nempe
190 3069 230 3110 ne
247 3049 360 3110 cedere
377 3049 429 3108 hic
446 3049 619 3110 rideretur.
673 3043 828 3132 Mrjvryyu
852 3063 1008 3129 praeterea
1029 3069 1076 3109 ro·

69 3147 143 3204 currit
161 3151 192 3208 in
207 3151 346 3228 Polybio
368 3161 426 3230 84,
452 3163 484 3227 8,
509 3166 563 3214 12.
617 3149 734 3212 Contra
754 3171 790 3210 ex
813 3151 921 3211 codice
939 3149 1075 3212 Colelin.

45 3239 216 3310 ·Ptolemaei
233 3267 268 3328 4.
292 3265 323 3329 3.
349 3265 380 3312 et
407 3263 439 3328 8.
480 3255 513 3310 in
537 3249 658 3313 Africae
683 3250 785 3312 tabula
810 3250 941 3312 secunda
966 3237 1077 3336 Μῆνιξ

69 3361 139 3406 notat
158 3351 318 3414 Drakeub.
340 3353 376 3412 arl
395 3352 467 3414 Lir.
487 3367 545 3424 22,
564 3367 621 3432 31,
644 3369 674 3416 2.
707 3353 762 3412 ubi
784 3353 840 3413 alia
859 3354 955 3414 etiarn
979 3353 1076 3436 leget.

70 3443 109 3506 Sic
127 3450 155 3509 iu
176 3449 330 3515 Strabone
351 3453 405 3515 lib.
428 3471 458 3516 2.
485 3473 516 3536 p.
538 3475 582 3516 ιιι.
600 3464 658 3532 84.
677 3451 697 3514 l.
722 3469 801 3534 123,
824 3467 955 3536 utraque
977 3452 1077 3516 formo

70 3552 199 3626 reperitur
216 3557 248 3614 in
267 3555 370 3624 libric,
398 3555 476 3616 item
498 3557 530 3614 in
552 3555 705 3632 Dionyfio
727 3577 759 3618 v.
781 3567 866 3635 480.
891 3556 1077 3636 probatque,

71 3659 97 3704 ut
112 3651 144 3710 ad
166 3653 315 3715 Punicam
339 3657 429 3717 vocis
453 3659 611 3740 originem
636 3657 823 3737 expeditiori
848 3659 899 3718 via
921 3655 1088 3718 deleratur¹

72 3743 193 3816 Bochrrt.
211 3757 243 3816 in
258 3755 406 3819 Chauaan
431 3778 458 3828 r,
483 3769 539 3835 25.
578 3760 714 3839 Vtraque
733 3759 830 3842 igitur
852 3757 952 3818 lorrua
971 3760 1002 3817 in
1022 3755 1080 3816 ulo

73 3842 140 3911 inille
155 3857 287 3928 videtur,
314 3859 356 3918 ita
370 3873 477 3920 tamen
494 3873 530 3920 ut
551 3861 585 3920 in
602 3859 728 3922 Graecis
742 3857 826 3920 caius
843 3859 962 3940 obliqui
978 3857 1080 3942 magio

72 3963 114 4023 P1⁰
135 3975 156 4016 tt
170 3971 322 4042 pugnent,
361 3961 413 4022 Sic
427 3961 539 4024 Strabo
561 3977 615 4034 17.
637 3984 669 4044 p.
683 3981 726 4023 m.
746 3971 828 4039 574.
845 3959 865 4022 l.
885 3971 969 4038 834.
1005 3959 1081 4019 Plu·

73 4051 171 4117 tarcbtu
191 4061 222 4120 in
247 4059 348 4120 Mario
374 4081 440 4142 cap.
462 4073 523 4140 4ο.
547 4060 722 4148 lllrjrryyu,
753 4061 905 4141 Meninge
929 4060 1082 4122 cunllanti

75 4145 202 4220 librorum
225 4160 376 4224 coulenlu
392 4165 488 4228 Siliua
511 4165 610 4228 ltalic.
630 4179 663 4244 5,
688 4175 771 4244 5ι8.
809 4163 923 4226 Sedet
947 4148 1081 4246 Μῆνιγξ

110 4269 193 4350 Pomp.
210 4279 300 4335 Meu.
330 4280 369 4336 c.
389 4279 427 4336 ιι.
712 4265 753 4326 li
