2826 4936
318 471 378 540 ²54
612 459 859 518 rourourr
901 459 1068 516 unere

313 637 462 700 lectioni·
483 631 571 698 eausa
592 633 645 696 eii.
684 631 735 697 cf.
751 633 789 694 ad
810 652 839 704 ι,
857 641 893 712 4.
907 629 929 694 f.
963 651 992 704 r,
1011 645 1043 710 8.
1059 634 1092 695 6.
1118 633 1178 694 viri
1198 631 1276 695 docti
1292 633 1325 694 ad

316 737 404 802 Caes.
421 739 461 800 de
477 737 514 800 Β.
532 733 569 800 C.
593 756 620 806 ι,
639 749 697 814 32.
713 747 792 796 extr.
822 733 985 798 Drakenb.
999 737 1038 796 ad
1055 735 1124 796 Lir.
1136 747 1169 811 a,
1188 735 1236 803 26.
1251 737 1282 814 4.
1296 745 1325 795 et

314 860 396 926 quoe
411 841 464 902 hic
480 851 647 902 memorat.
682 837 721 898 In
737 835 876 900 Vindob.
893 835 977 899 abest
989 855 1054 898 vox
1068 834 1228 929 vanescere.

395 1039 540 1126 Tyrii)
590 1039 765 1124 Rebdiger.
793 1051 830 1100 ut
854 1039 927 1102 edd.
961 1039 1115 1122 quaedam
1139 1051 1271 1110 vererer.
1297 1038 1324 1098 in

314 1147 353 1209 iio
370 1147 482 1228 prima.
504 1141 936 1226 posteriam18.praeeunre
956 1141 1010 1204 16.
1030 1141 1117 1212 Tirii,
1138 1141 1220 1223 qood
1234 1153 1324 1202 tamen

314 1248 348 1308 in
359 1247 473 1308 melino
486 1259 647 1306 mutorum
655 1244 786 1303 Vadiani
796 1244 933 1324 reliquae
950 1241 1112 1304 exhibent.
1141 1242 1324 1324 HernPrag.

319 1349 416 1421 Τίσίἰς
443 1345 552 1410 Cibin.
578 1345 674 1427 Cyrri.
725 1345 878 1405 Proximo
896 1343 996 1404 verbo
1019 1341 1208 1406 substituunt
1230 1343 1325 1404 editio·

315 1467 372 1512 nea
389 1467 503 1512 ornnes
518 1445 691 1516 condidere,
714 1445 792 1506 dum
809 1445 999 1507 Reinoldiuo
1014 1465 1054 1505 err
1068 1427 1193 1508 Mss'ris
1207 1442 1326 1526 reposuit

315 1573 373 1612 eon
404 1553 509 1620 iruere,
535 1547 622 1632 quod
646 1548 683 1608 ab
703 1547 753 1608 ed.
774 1547 811 1610 A.
830 1546 988 1622 Gronovii
1008 1555 1067 1625 44.
1094 1560 1128 1608 et
1148 1547 1268 1628 reliquie
1284 1563 1326 1606 er·

315 1667 444 1734 ceptum
459 1649 513 1714 eii.
563 1651 610 1712 ita
627 1668 743 1730 nempe
757 1649 877 1732 legitur
892 1647 925 1708 in
944 1647 1016 1709 cod.
1032 1647 1204 1718 ciacconii,
1224 1664 1327 1709 novem

313 1755 353 1818 A.
371 1752 541 1822 Gronovii.
567 1765 599 1812 et
614 1751 695 1812 meio
718 1749 881 1819 omnibur‚
907 1747 965 1810 uiii
988 1745 1070 1811 sorte
1087 1747 1264 1812 Pariiieniee
1276 1763 1327 1809 uer

313 1855 449 1916 alterurn
470 1853 665 1914 obtulerunt.
718 1852 769 1913 Sic
791 1849 975 1943 constituere
1003 1849 1123 1934 legitur
1150 1871 1179 1922 ι,
1207 1869 1255 1930 ¹9·
1282 1857 1328 1926 ι4.

312 1970 345 2017 et
368 1955 500 2038 Virgilio
518 1957 597 2018 Aen.
617 1969 670 2022 ro.
700 1966 779 2030 193.
805 1971 884 2034 quae
906 1951 976 2012 loca
996 1950 1034 2012 ab
1052 1951 1090 2014 A.
1107 1951 1270 2015 Gronovio
1287 1949 1329 2010 ad·

311 2055 410 2140 ponta
428 2054 518 2118 facile
536 2055 642 2140 augeri
658 2048 784 2136 poisrut.
822 2053 997 2116 Subiuncta
1014 2051 1111 2114 verba
1127 2055 1172 2116 ira
1192 2054 1264 2137 legit
1276 2049 1328 2112 [ola

312 2159 364 2220 ed.
385 2171 442 2234 28.
465 2177 521 2216 cnr
536 2147 667 2248 sacuam
680 2151 742 2245 fit.
795 2154 920 2235 Nempe
938 2171 1011 2214 cum
1031 2155 1064 2214 in
1087 2157 1142 2218 ed.
1162 2171 1220 2217 or.
1249 2171 1329 2234 quam

312 2259 363 2320 iila
375 2258 485 2320 ‘reddit
500 2257 653 2339 posterior
672 2277 741 2338 pare
756 2258 845 2318 rocio
859 2247 1011 2346 sanctum
1031 2255 1178 2340 neglecta
1192 2255 1272 2324 abiit,
1293 2254 1329 2312 iu

311 2373 419 2421 auctor
435 2359 503 2420 eino
520 2357 733 2440 subpiendum
745 2357 885 2442 putavit.
927 2356 1018 2442 Prag.
1032 2377 1103 2418 cum
1118 2349 1269 2450 sanctum
1276 2350 1328 2448 stt.

311 2462 399 2524 Tum
421 2459 530 2526 Cibin.
552 2457 606 2522 ubi
615 2451 714 2553 scito.

385 2659 594 2743 numerus)
644 2659 770 2724 Exsulat
790 2661 867 2726 baec
888 2680 953 2724 vox
975 2661 1014 2724 ab
1035 2660 1201 2740 flMSStie
1216 2667 1252 2726 A.
1265 2659 1331 2722 Gro-

310 2784 390 2828 nov.
415 2767 495 2825 irem
512 2763 650 2847 Rehdig.
669 2763 832 2848 Augustin.
855 2758 963 2827 Cibin.
984 2762 1068 2846 Lipi.
1094 2765 1235 2827 Vindob.
1257 2759 1330 2824 (iud.

309 2885 370 2928 nec
393 2879 513 2948 reperta
536 2863 595 2926 eise
617 2865 744 2927 videtur
767 2867 800 2926 in
821 2863 936 2928 Zaiuic.
959 2879 993 2924 et
1008 2864 1242 2929 Parifienfibue.
1289 2865 1332 2924 De

309 2969 467 3052 plerisque
487 2967 576 3027 libris
598 2965 726 3028 testatur
745 2967 777 3026 id
794 2969 889 3028 etiam
912 2963 1045 3029 Voffiuo.
1080 2965 1282 3030 Addiderunt
1296 2979 1333 3024 ta·

309 3089 385 3131 rnen
402 3069 542 3129 Vaticani
563 3069 654 3152 Prag.
677 3069 788 3130 Vener.
812 3069 919 3131 Havn.
970 3069 1019 3129 Ex
1034 3067 1235 3132 editionibus
1250 3067 1335 3130 omit·

311 3183 383 3230 runt
405 3187 434 3231 ι.
463 3185 496 3232 o.
521 3183 552 3248 3.
572 3179 607 3248 4.
625 3180 658 3246 5.
679 3169 713 3233 6.
731 3185 763 3242 7.
788 3181 821 3248 8.
841 3187 877 3249 9.
902 3189 955 3234 ro.
979 3189 1035 3233 ιι.
1055 3187 1111 3232 ιι.
1133 3185 1189 3250 13.
1212 3181 1266 3250 ι4.
1284 3169 1334 3232 ι6.

316 3281 370 3348 ra.
397 3287 454 3348 19.
478 3285 535 3334 ιι.
558 3269 701 3332 inierunt
726 3273 780 3348 i5.
811 3287 867 3344 17.
894 3287 951 3336 20.
980 3285 1039 3333 oo.
1058 3283 1115 3349 23.
1145 3281 1204 3351 24.
1232 3287 1285 3354 25.
1306 3279 1334 3329 et

309 3373 445 3434 omnino
468 3371 639 3440 Vadianae.
663 3367 760 3454 (inde
782 3373 820 3432 ab
841 3373 935 3434 altera
956 3373 1008 3434 ed.
1032 3368 1113 3456 22.)
1141 3372 1334 3434 Olivarianae

310 3493 383 3536 cum
404 3471 546 3552 reliquis.
573 3487 695 3555 praeter
717 3473 947 3544 Reinoldium,
980 3473 1035 3554 qui
1058 3473 1180 3536 iterum
1205 3472 1334 3555 expulit;

309 3571 460 3638 schottus
476 3573 571 3635 verba
592 3593 746 3634 annornm
767 3575 854 3658 queis
872 3586 978 3636 manet
995 3594 1141 3636 numerus
1163 3574 1332 3636 minoribus
1389 3593 1390 3596 ¹

309 3675 408 3737 lireris
423 3677 625 3756 exprimenda
640 3677 771 3738 curavit.
805 3677 892 3736 Tum
909 3689 998 3737 antea
1015 3677 1098 3737 inter
1112 3677 1186 3759 quis
1201 3689 1232 3738 et
1247 3673 1332 3758 queis,

309 3777 396 3857 qnod
420 3775 599 3856 praeierunt
627 3777 699 3838 edd.
725 3775 923 3840 Olivarianae
954 3797 1029 3837 oum
1051 3777 1207 3846 Schotto.
1235 3767 1332 3836 Voffio

309 3891 340 3940 et
359 3877 532 3938 Gronoviis
549 3881 582 3938 in
598 3878 670 3939 edd.
682 3886 741 3958 4ο.
757 3889 817 3957 41.
833 3889 893 3956 49.
919 3875 1023 3962 (libri,
1046 3881 1133 3940 utin
1153 3880 1222 3940 aliis
1235 3889 1333 3938 auoto-

309 3999 381 4040 rom
405 3979 491 4046 iocie.
520 3976 744 4064 fluctuantur.)
781 3981 807 4040 A
831 3977 926 4041 Parii.
951 4001 980 4042 1.
1007 3981 1084 4042 haec
1110 3981 1224 4040 vocula
1250 3979 1332 4061 plane

311 4077 421 4140 abfuit.
475 4079 537 4140 Pro
560 4082 664 4141 iliaco
680 4077 822 4143 Vindob.
843 4081 938 4142 habet
954 4083 1082 4154 idicem
1108 4083 1199 4165 Prag.
1224 4081 1333 4146 dinen

312 4181 486 4264 Rehdiger.
499 4180 622 4262 ylicem
648 4183 746 4248 Vatio.
764 4183 937 4248 verborum
952 4182 1029 4246 ferie
1044 4181 1165 4245 inversa
1181 4181 1223 4243 ob
1239 4181 1334 4243 ronco
