2880 4940
318 429 378 498 290
627 415 870 478 rourorrrr
905 417 1064 476 uentu

318 603 408 656 mot
435 607 567 676 genere,
602 589 712 652 Graeci
734 609 790 654 eor
822 583 985 668 κολοβοῦς
1008 603 1176 654 vocamnt.
1213 611 1355 656 ταωνι

321 691 437 756 Misere
458 690 577 754 adfecte
598 691 641 753 est
666 693 823 754 librorum
849 695 964 764 tento,
1004 695 1091 755 unde
1114 691 1292 756 difficulter
1310 716 1355 756 ex·

320 795 430 864 trinea,
468 794 552 875 quod
576 794 615 854 ad
648 793 780 856 aliorum
814 797 1026 856 narrationem
1056 809 1236 878 aptumque
1271 797 1354 858 trram

320 897 551 958 accommodari
571 889 677 977 poss'rt.
715 901 855 959 Aeonum
874 895 980 966 Vestri,
1008 897 1098 959 cuius
1111 897 1201 958 causa
1215 898 1354 959 Plinium

320 999 459 1082 adlegat,
485 1001 540 1058 vix
556 997 662 1059 locum
679 997 785 1060 habet.
837 997 899 1058 Hic
914 999 1002 1060 enim
1022 999 1056 1068 6,
1076 1011 1134 1076 33.
1151 997 1174 1061 t.
1190 1015 1255 1078 29.
1276 1003 1355 1082 oppi-

321 1102 400 1162 dum
417 1119 550 1182 parvum
568 1097 627 1160 effe
648 1097 760 1166 scribit,
782 1119 839 1180 pro
853 1119 917 1180 quo
932 1099 984 1160 aiii
998 1099 1200 1162 Philoteram
1216 1101 1355 1162 scribant.

321 1200 419 1286 Quod
440 1201 478 1260 ad
500 1195 594 1276 Μυὸς
620 1193 718 1287 ὅρμον
741 1203 894 1282 pertinet,
920 1200 1033 1264 Strabo
1052 1201 1109 1262 lib.
1132 1221 1190 1278 ¹7·
1216 1223 1253 1283 p.
1278 1204 1354 1280 56⁰.

322 1301 447 1380 i.sst5.
470 1297 565 1366 ritu
591 1303 685 1374 dicit,
724 1323 802 1384 quae
834 1302 946 1365 habeat
980 1293 1209 1390 ναύσταθμῡν.
1272 1307 1356 1365 idem

319 1403 377 1466 lib.
401 1405 453 1466 16.
475 1425 506 1486 p.
525 1417 609 1482 529.
626 1401 646 1464 f.
665 1404 748 1484 769.
769 1417 863 1465 vocat
885 1400 1000 1492 λιμένα
1019 1400 1141 1492 μέγαν,
1169 1423 1274 1484 aquo
1297 1425 1357 1466 nou

323 1503 466 1570 dissentit
485 1505 624 1586 peripiur
640 1507 734 1568 marie
750 1505 917 1584 Erythraei
942 1507 987 1567 in.
1011 1519 1044 1566 et
1066 1505 1152 1568 aiibi.
1208 1504 1263 1568 Cf.
1287 1508 1357 1566 Har·

323 1609 440 1670 doinus
461 1607 499 1666 ad
522 1607 606 1668 Plio.
624 1607 657 1678 6,
683 1619 740 1686 33.
763 1605 784 1669 i.
806 1625 862 1686 29.
897 1619 930 1668 et
950 1607 1134 1691 Weffeiing.
1159 1607 1199 1668 ad
1224 1609 1357 1670 Diodor.

325 1723 359 1790 3,
381 1721 438 1788 33.
464 1707 521 1768 ubi
543 1707 724 1792 posterioria
747 1709 856 1770 aetatis
877 1711 1012 1770 nomine
1035 1705 1234 1794 ’Δφροὸίτης
1255 1703 1357 1796 ἷΡμος,

323 1807 613 1892 demortuum
630 1809 742 1874 Strabo
766 1811 799 1870 in
816 1811 914 1892 priori
936 1811 1007 1872 ioco
1024 1823 1056 1871 et
1070 1812 1300 1893 Agatarchidee
1320 1814 1357 1873 de

320 1913 419 1976 rubro
439 1913 517 1972 mari
538 1932 606 1995 cap.
621 1921 681 1991 42.
705 1933 738 1995 p.
755 1921 815 1990 54.
832 1909 933 1974 ttudt.
974 1911 1013 1974 In
1034 1913 1222 1975 civitatibus
1244 1905 1357 2004 Major·

322 2036 392 2078 ntur
406 2012 585 2076 recensetur
606 2012 757 2097 aGeogr.
777 2015 923 2076 Ravenn.
941 2029 974 2084 a,
992 2029 1025 2088 7.
1065 2011 1118 2076 Cf.
1138 2018 1239 2075 etiarn
1255 2017 1357 2076 lunie-

321 2135 431 2178 maeua
447 2125 481 2194 4.
505 2125 539 2192 5.
588 2115 637 2176 Etr
658 2113 774 2196 quibus
794 2116 947 2178 conlectis
967 2116 1103 2198 adparet,
1132 2113 1228 2178 iuiffe
1247 2117 1356 2177 urbem

322 2237 396 2278 cum
420 2229 525 2298 portu.
575 2214 640 2299 Qui
662 2219 942 2298 promontorium,
967 2217 1057 2300 quale
1081 2217 1135 2278 hic
1157 2219 1357 2288 desideratur,

321 2315 428 2388 iaciat,
463 2329 583 2400 praeter
616 2317 736 2380 Melam
768 2323 850 2380 novi
872 2321 1049 2381 neminem.
1107 2319 1208 2403 Quae
1230 2323 1354 2402 quidem

322 2420 451 2484 dubiam
477 2417 575 2480 [acere
597 2419 749 2482 videntur
774 2419 856 2482 hanc
878 2421 1159 2491 emendationem,
1195 2425 1248 2482 cui
1270 2441 1351 2502 prae·
1426 2403 1427 2441 i

322 2537 407 2586 terea
428 2521 509 2584 nitrit
532 2521 588 2582 nist
612 2523 715 2604 prima
736 2521 825 2583 litera
846 2523 1068 2604 patrocinatur.
1130 2523 1269 2606 Propius
1287 2543 1350 2582 uon

323 2623 425 2689 totum
447 2624 566 2686 recedit
586 2643 603 2684 a
627 2624 773 2685 codicum
795 2623 947 2706 vestigiis,
975 2621 1073 2684 sedet
1095 2627 1354 2704 promontorium

324 2740 489 2790 vocatura
506 2725 689 2786 Ptolemaeo
707 2735 741 2804 4.
761 2739 793 2800 7.
815 2725 1006 2792 Mnemium,
1032 2723 1250 2806 lubenterque
1271 2747 1357 2808 repo·
1425 2709 1426 2747 ¹

323 2847 452 2900 nerem,
479 2829 533 2888 nist
551 2825 685 2888 obstaret
702 2825 775 2888 fitue
790 2827 1014 2896 Philoteridia,
1043 2847 1140 2907 quam
1160 2825 1252 2910 [upra
1270 2829 1360 2890 Mne·

322 2931 427 2994 mium
445 2927 579 2990 ostendit
598 2927 701 2998 idem,
727 2942 760 2990 et
777 2925 854 2988 inira
873 2929 1068 3009 Heroopolin
1090 2925 1208 2990 Strabo
1229 2931 1287 2993 tib.
1309 2929 1361 2992 16.

321 3051 356 3114 p.
378 3044 462 3110 529.
487 3027 507 3092 s.
525 3029 609 3108 769.
662 3029 701 3090 dt
718 3042 751 3090 et
768 3029 821 3090 hic
842 3025 920 3090 inira
936 3029 1129 3092 Philoterida
1148 3032 1246 3111 ponit
1267 3029 1363 3104 Μυός

322 3125 422 3220 ὅρμον
446 3131 530 3193 secus
548 3149 582 3191 ac
597 3129 815 3198 Ptolemaeus,
849 3151 942 3212 quare
962 3131 1045 3192 inter
1067 3131 1145 3192 iliud
1170 3149 1362 3213 promonto-

321 3235 419 3304 rium,
446 3231 566 3293 ficerte
580 3227 653 3308 fuit,
676 3245 709 3292 et
724 3231 846 3294 Coloba
862 3251 929 3294 non
947 3231 1047 3312 potest
1064 3235 1173 3313 quaeri
1186 3235 1362 3298 Philoteria
1423 3263 1424 3357 p

322 3355 363 3398 ex
376 3331 539 3398 Strabonis
558 3331 719 3394 sententia.
759 3331 808 3396 cf.
825 3335 921 3396 otiam
936 3333 991 3394 lib.
1012 3349 1066 3406 17.
1085 3355 1116 3414 p.
1135 3336 1223 3411 560.
1237 3336 1260 3399 s.
1276 3349 1359 3416 315.

322 3437 372 3501 lta
389 3437 513 3498 Pliniua
530 3435 562 3504 6,
586 3447 643 3514 55.
663 3433 685 3497 i.
702 3451 760 3514 29.
792 3435 986 3497 Philoteram
1007 3433 1094 3516 iupra
1116 3435 1359 3514 Myoshormon

323 3540 417 3623 ponit
441 3551 474 3600 et
498 3539 582 3598 inter
607 3537 773 3605 ttrfinoen,
806 3535 867 3597 hoc
895 3537 1028 3618 quidem
1050 3537 1156 3618 paullo
1183 3539 1297 3612 aliter,
1330 3561 1359 3602 ac

321 3641 451 3710 Strabo,
491 3639 545 3721 qui
566 3635 690 3697 subiicit
719 3637 800 3699 hanc
823 3638 1003 3699 Philoterae
1032 3637 1134 3698 statim
1155 3653 1232 3702 aute
1255 3642 1359 3722 Myon
1422 3607 1423 3663 ³

323 3741 473 3806 hormon.
525 3737 595 3822 Ipsa
608 3758 685 3800 vero
700 3740 828 3802 At'finoe
844 3738 916 3801 fatie
930 3751 963 3802 et
976 3759 993 3800 a
1007 3739 1115 3801 Plinio
1131 3761 1160 3802 c.
1178 3743 1200 3805 l.
1226 3759 1262 3806 et
1282 3747 1360 3809 Stra·

247 3861 254 3882 ⁸
324 3843 409 3907 bone
435 3847 470 3906 in
495 3842 605 3925 primis
638 3853 765 3902 notatur
789 3841 846 3904 lib.
868 3861 923 3920 ¹7·
944 3863 977 3924 p.
1001 3853 1086 3922 553.
1112 3839 1133 3903 i.
1158 3855 1247 3922 804.
1299 3847 1361 3910 Sed
1421 3893 1422 3906 .

323 3949 443 4010 incerta
460 3945 530 4006 sunt
551 3943 659 4004 omnia
677 3955 709 4004 et
730 3941 842 4014 dubia,
869 3963 950 4024 quae
973 3943 1175 4027 Pomponius
1191 3945 1226 4006 in
1250 3947 1363 4010 descri-
1421 3911 1422 3969 ¹

324 4049 438 4133 ptione
455 4047 537 4109 finus
553 4044 675 4106 Arabici
692 4042 802 4116 adfert,
828 4047 869 4106 ite
887 4058 924 4105 ut
937 4043 1117 4116 difficulter,
1140 4047 1193 4107 vel
1208 4050 1362 4118 minime,

323 4149 472 4234 explicari
494 4163 528 4212 et
550 4137 625 4210 cun'r
649 4145 784 4211 aliorum
809 4145 1039 4212 narrationibua
1057 4151 1210 4233 componi
1232 4149 1362 4234 possint,
1420 4231 1421 4275 1
