<?xml version="1.0" encoding="UTF-8"?>
<!DOCTYPE html PUBLIC "-//W3C//DTD XHTML 1.0 Transitional//EN"
    "http://www.w3.org/TR/xhtml1/DTD/xhtml1-transitional.dtd">
<html xmlns="http://www.w3.org/1999/xhtml" xml:lang="en" lang="en">
 <head>
  <title>
</title>
<meta http-equiv="Content-Type" content="text/html;charset=utf-8" />
  <meta name='ocr-system' content='tesseract 3.04.00' />
  <meta name='ocr-capabilities' content='ocr_page ocr_carea ocr_par ocr_line ocrx_word'/>
</head>
<body>
  <div class='ocr_page' id='page_1' title='image "./pomponiimelaede05melagoog_0624.png"; bbox 0 0 2788 4942; ppageno 0'>
   <div class='ocr_carea' id='block_1_1' title="bbox 313 457 1056 530">
    <p class='ocr_par' dir='ltr' id='par_1_1' title="bbox 313 457 1056 530">
     <span class='ocr_line' id='line_1_1' title="bbox 313 457 1056 530; baseline -0.003 -12"><span class='ocrx_word' id='word_1_1' title='bbox 313 459 375 530; x_wconf 68' lang='lat'><strong><em>6⁰8</em></strong></span> <span class='ocrx_word' id='word_1_2' title='bbox 609 458 855 518; x_wconf 77' lang='lat' dir='ltr'><strong>POMPONII</strong></span> <span class='ocrx_word' id='word_1_3' title='bbox 893 457 1056 516; x_wconf 71' lang='lat' dir='ltr'><strong><em>Metto</em></strong></span> 
     </span>
    </p>
   </div>
   <div class='ocr_carea' id='block_1_2' title="bbox 311 623 1351 1132">
    <p class='ocr_par' dir='ltr' id='par_1_2' title="bbox 311 623 1351 1132">
     <span class='ocr_line' id='line_1_2' title="bbox 379 623 1351 726; baseline -0.005 -30"><span class='ocrx_word' id='word_1_4' title='bbox 379 623 459 724; x_wconf 84' lang='lat' dir='ltr'><strong><em>sun</em></strong></span> <span class='ocrx_word' id='word_1_5' title='bbox 468 633 503 716; x_wconf 88' lang='lat' dir='ltr'><strong><em>t)</em></strong></span> <span class='ocrx_word' id='word_1_6' title='bbox 535 632 693 696; x_wconf 78' lang='lat' dir='ltr'><strong><em>Vedianue</em></strong></span> <span class='ocrx_word' id='word_1_7' title='bbox 710 629 850 696; x_wconf 73' lang='lat' dir='ltr'><strong><em>mutarit</em></strong></span> <span class='ocrx_word' id='word_1_8' title='bbox 868 633 902 694; x_wconf 90' lang='lat' dir='ltr'><strong><em>in</em></strong></span> <span class='ocrx_word' id='word_1_9' title='bbox 914 631 1006 726; x_wconf 75' lang='lat' dir='ltr'><strong><em>fiunt</em></strong></span> <span class='ocrx_word' id='word_1_10' title='bbox 1019 651 1081 696; x_wconf 87' lang='lat' dir='ltr'><strong><em>neo</em></strong></span> <span class='ocrx_word' id='word_1_11' title='bbox 1093 643 1183 715; x_wconf 82' lang='lat' dir='ltr'><strong><em>apte,</em></strong></span> <span class='ocrx_word' id='word_1_12' title='bbox 1203 643 1237 694; x_wconf 87' lang='lat' dir='ltr'><strong><em>et</em></strong></span> <span class='ocrx_word' id='word_1_13' title='bbox 1252 643 1351 694; x_wconf 79' lang='lat' dir='ltr'><strong><em>eontra</em></strong></span> 
     </span>
     <span class='ocr_line' id='line_1_3' title="bbox 313 724 1351 824; baseline -0.007 -26"><span class='ocrx_word' id='word_1_14' title='bbox 313 735 439 798; x_wconf 83' lang='lat' dir='ltr'><strong><em>codioer</em></strong></span> <span class='ocrx_word' id='word_1_15' title='bbox 456 755 571 798; x_wconf 75' lang='lat' dir='ltr'><strong><em>omnes</em></strong></span> <span class='ocrx_word' id='word_1_16' title='bbox 585 749 618 798; x_wconf 86' lang='lat' dir='ltr'><strong><em>et</em></strong></span> <span class='ocrx_word' id='word_1_17' title='bbox 632 737 791 798; x_wconf 74' lang='lat' dir='ltr'>editiones</span> <span class='ocrx_word' id='word_1_18' title='bbox 807 747 943 798; x_wconf 72' lang='lat' dir='ltr'><strong><em>veteres.</em></strong></span> <span class='ocrx_word' id='word_1_19' title='bbox 995 737 1130 798; x_wconf 78' lang='lat' dir='ltr'><strong><em>secutae</em></strong></span> <span class='ocrx_word' id='word_1_20' title='bbox 1152 747 1263 796; x_wconf 79' lang='lat' dir='ltr'><strong><em>tomen</em></strong></span> <span class='ocrx_word' id='word_1_21' title='bbox 1278 724 1351 824; x_wconf 80' lang='lat' dir='ltr'><strong><em>suut</em></strong></span> 
     </span>
     <span class='ocr_line' id='line_1_4' title="bbox 316 837 1351 918; baseline -0.008 -18"><span class='ocrx_word' id='word_1_22' title='bbox 316 850 373 914; x_wconf 78' lang='lat'><strong><em>13.</em></strong></span> <span class='ocrx_word' id='word_1_23' title='bbox 400 853 458 898; x_wconf 87' lang='lat'><strong><em>22.</em></strong></span> <span class='ocrx_word' id='word_1_24' title='bbox 485 851 543 914; x_wconf 84' lang='lat'><strong><em>25.</em></strong></span> <span class='ocrx_word' id='word_1_25' title='bbox 569 839 625 900; x_wconf 83' lang='lat'><strong><em>26.</em></strong></span> <span class='ocrx_word' id='word_1_26' title='bbox 651 851 710 914; x_wconf 87' lang='lat'><strong><em>27.</em></strong></span> <span class='ocrx_word' id='word_1_27' title='bbox 736 853 797 918; x_wconf 89' lang='lat'><strong><em>29.</em></strong></span> <span class='ocrx_word' id='word_1_28' title='bbox 823 851 856 899; x_wconf 88' lang='lat' dir='ltr'><strong><em>et</em></strong></span> <span class='ocrx_word' id='word_1_29' title='bbox 878 838 1017 918; x_wconf 81' lang='lat' dir='ltr'><strong><em>reliquae</em></strong></span> <span class='ocrx_word' id='word_1_30' title='bbox 1037 837 1075 897; x_wconf 81' lang='lat' dir='ltr'><strong><em>ad</em></strong></span> <span class='ocrx_word' id='word_1_31' title='bbox 1096 845 1163 916; x_wconf 77' lang='lat'><strong><em>42.</em></strong></span> <span class='ocrx_word' id='word_1_32' title='bbox 1191 837 1351 898; x_wconf 86' lang='lat' dir='ltr'><strong><em>Reinoldii</em></strong></span> 
     </span>
     <span class='ocr_line' id='line_1_5' title="bbox 312 929 1348 1030; baseline -0.006 -30"><span class='ocrx_word' id='word_1_33' title='bbox 312 939 460 1020; x_wconf 82' lang='lat' dir='ltr'><strong><em>exemplo</em></strong></span> <span class='ocrx_word' id='word_1_34' title='bbox 491 952 676 1000; x_wconf 80' lang='lat' dir='ltr'><strong><em>revocatum</em></strong></span> <span class='ocrx_word' id='word_1_35' title='bbox 701 938 744 1000; x_wconf 82' lang='lat' dir='ltr'><strong><em>est</em></strong></span> <span class='ocrx_word' id='word_1_36' title='bbox 761 929 905 1030; x_wconf 83' lang='lat' dir='ltr'><strong><em>suntab</em></strong></span> <span class='ocrx_word' id='word_1_37' title='bbox 930 939 1005 1000; x_wconf 87' lang='lat' dir='ltr'><strong><em>edd.</em></strong></span> <span class='ocrx_word' id='word_1_38' title='bbox 1032 947 1092 1020; x_wconf 84' lang='grc'><strong><em>44.</em></strong></span> <span class='ocrx_word' id='word_1_39' title='bbox 1121 950 1188 1017; x_wconf 78' lang='grc'><strong><em>45.</em></strong></span> <span class='ocrx_word' id='word_1_40' title='bbox 1216 937 1348 1016; x_wconf 81' lang='lat' dir='ltr'><strong><em>reliquis.</em></strong></span> 
     </span>
     <span class='ocr_line' id='line_1_6' title="bbox 311 1036 1330 1132; baseline -0.005 -30"><span class='ocrx_word' id='word_1_41' title='bbox 311 1039 375 1102; x_wconf 84' lang='lat' dir='ltr'><strong><em>Pro</em></strong></span> <span class='ocrx_word' id='word_1_42' title='bbox 394 1042 520 1102; x_wconf 85' lang='lat' dir='ltr'><strong><em>inuecta</em></strong></span> <span class='ocrx_word' id='word_1_43' title='bbox 544 1040 682 1104; x_wconf 92' lang='lat' dir='ltr'><strong><em>Vindob.</em></strong></span> <span class='ocrx_word' id='word_1_44' title='bbox 704 1042 841 1113; x_wconf 69' lang='lat' dir='ltr'><strong><em>iniectat</em></strong></span> <span class='ocrx_word' id='word_1_45' title='bbox 866 1039 1016 1104; x_wconf 77' lang='lat' dir='ltr'><strong><em>Ciaecon.</em></strong></span> <span class='ocrx_word' id='word_1_46' title='bbox 1025 1036 1122 1132; x_wconf 61' lang='lat' dir='ltr'><strong><em>sinu</em></strong></span> <span class='ocrx_word' id='word_1_47' title='bbox 1149 1059 1222 1102; x_wconf 87' lang='lat' dir='ltr'><strong><em>noo</em></strong></span> <span class='ocrx_word' id='word_1_48' title='bbox 1238 1038 1330 1098; x_wconf 80' lang='lat' dir='ltr'><strong><em>mele.</em></strong></span> 
     </span>
    </p>
   </div>
   <div class='ocr_carea' id='block_1_3' title="bbox 311 1239 1349 1540">
    <p class='ocr_par' dir='ltr' id='par_1_3' title="bbox 311 1239 1349 1540">
     <span class='ocr_line' id='line_1_7' title="bbox 476 1239 1349 1336; baseline -0.007 -30"><span class='ocrx_word' id='word_1_49' title='bbox 476 1245 505 1320; x_wconf 90' lang='lat'><strong><em>§.</em></strong></span> <span class='ocrx_word' id='word_1_50' title='bbox 535 1257 593 1306; x_wconf 89' lang='lat'><strong><em>22.</em></strong></span> <span class='ocrx_word' id='word_1_51' title='bbox 625 1241 924 1336; x_wconf 81' lang='lat' dir='ltr'><strong><em>¹Colubraria)</em></strong></span> <span class='ocrx_word' id='word_1_52' title='bbox 982 1245 1083 1308; x_wconf 84' lang='lat' dir='ltr'><strong><em>Vatic.</em></strong></span> <span class='ocrx_word' id='word_1_53' title='bbox 1117 1242 1232 1307; x_wconf 89' lang='lat' dir='ltr'><strong><em>Cibin.</em></strong></span> <span class='ocrx_word' id='word_1_54' title='bbox 1265 1239 1349 1322; x_wconf 82' lang='lat' dir='ltr'><strong><em>Prag.</em></strong></span> 
     </span>
     <span class='ocr_line' id='line_1_8' title="bbox 311 1340 1346 1419; baseline -0.008 -13"><span class='ocrx_word' id='word_1_55' title='bbox 311 1343 418 1406; x_wconf 81' lang='lat' dir='ltr'><strong><em>Havn.</em></strong></span> <span class='ocrx_word' id='word_1_56' title='bbox 444 1342 665 1418; x_wconf 82' lang='lat' dir='ltr'><strong><em>Columbaria,·</em></strong></span> <span class='ocrx_word' id='word_1_57' title='bbox 698 1346 783 1408; x_wconf 85' lang='lat' dir='ltr'><strong><em>Gud.</em></strong></span> <span class='ocrx_word' id='word_1_58' title='bbox 809 1344 1000 1419; x_wconf 82' lang='lat' dir='ltr'><strong><em>Colubaria,·</em></strong></span> <span class='ocrx_word' id='word_1_59' title='bbox 1038 1343 1137 1408; x_wconf 82' lang='lat' dir='ltr'><strong><em>Parii.</em></strong></span> <span class='ocrx_word' id='word_1_60' title='bbox 1161 1365 1192 1408; x_wconf 87' lang='lat'><strong><em>1.</em></strong></span> <span class='ocrx_word' id='word_1_61' title='bbox 1216 1340 1346 1404; x_wconf 88' lang='lat' dir='ltr'><strong><em>Vindob.</em></strong></span> 
     </span>
     <span class='ocr_line' id='line_1_9' title="bbox 313 1429 1348 1540; baseline -0.008 -32"><span class='ocrx_word' id='word_1_62' title='bbox 313 1441 537 1518; x_wconf 81' lang='lat' dir='ltr'><strong><em>Columbaria,·</em></strong></span> <span class='ocrx_word' id='word_1_63' title='bbox 574 1447 686 1508; x_wconf 90' lang='lat' dir='ltr'><strong><em>Venet.</em></strong></span> <span class='ocrx_word' id='word_1_64' title='bbox 713 1443 904 1508; x_wconf 81' lang='lat' dir='ltr'><strong><em>Colubraria</em></strong></span> <span class='ocrx_word' id='word_1_65' title='bbox 924 1461 1038 1508; x_wconf 85' lang='lat' dir='ltr'><strong><em>contra</em></strong></span> <span class='ocrx_word' id='word_1_66' title='bbox 1058 1429 1124 1540; x_wconf 58' lang='lat' dir='ltr'><strong><em>est,</em></strong></span> <span class='ocrx_word' id='word_1_67' title='bbox 1162 1446 1261 1506; x_wconf 86' lang='lat' dir='ltr'><strong><em>ceteri</em></strong></span> <span class='ocrx_word' id='word_1_68' title='bbox 1283 1461 1348 1502; x_wconf 84' lang='lat' dir='ltr'><strong><em>curu</em></strong></span> 
     </span>
    </p>
   </div>
   <div class='ocr_carea' id='block_1_4' title="bbox 307 1543 1348 2336">
    <p class='ocr_par' dir='ltr' id='par_1_4' title="bbox 307 1543 1348 2336">
     <span class='ocr_line' id='line_1_10' title="bbox 311 1543 1348 1619; baseline -0.006 -12"><span class='ocrx_word' id='word_1_69' title='bbox 311 1545 506 1608; x_wconf 71' lang='lat' dir='ltr'>editionibus</span> <span class='ocrx_word' id='word_1_70' title='bbox 526 1545 746 1619; x_wconf 82' lang='lat' dir='ltr'><strong><em>Columbaria,</em></strong></span> <span class='ocrx_word' id='word_1_71' title='bbox 781 1550 830 1607; x_wconf 88' lang='lat' dir='ltr'><strong><em>uti</em></strong></span> <span class='ocrx_word' id='word_1_72' title='bbox 847 1561 879 1610; x_wconf 89' lang='lat' dir='ltr'><strong><em>et</em></strong></span> <span class='ocrx_word' id='word_1_73' title='bbox 899 1547 943 1610; x_wconf 83' lang='lat' dir='ltr'><strong><em>est</em></strong></span> <span class='ocrx_word' id='word_1_74' title='bbox 963 1549 1028 1610; x_wconf 78' lang='lat' dir='ltr'><strong><em>stne</em></strong></span> <span class='ocrx_word' id='word_1_75' title='bbox 1043 1549 1228 1610; x_wconf 79' lang='lat' dir='ltr'><strong><em>variatione</em></strong></span> <span class='ocrx_word' id='word_1_76' title='bbox 1243 1547 1276 1604; x_wconf 89' lang='lat' dir='ltr'><strong><em>in</em></strong></span> <span class='ocrx_word' id='word_1_77' title='bbox 1296 1543 1348 1602; x_wconf 88' lang='lat' dir='ltr'><strong><em>Pli-</em></strong></span> 
     </span>
     <span class='ocr_line' id='line_1_11' title="bbox 311 1645 1343 1743; baseline -0.003 -35"><span class='ocrx_word' id='word_1_78' title='bbox 311 1649 366 1708; x_wconf 88' lang='lat' dir='ltr'><strong><em>nio</em></strong></span> <span class='ocrx_word' id='word_1_79' title='bbox 387 1659 418 1726; x_wconf 82' lang='lat'><strong><em>3,</em></strong></span> <span class='ocrx_word' id='word_1_80' title='bbox 441 1666 498 1711; x_wconf 81' lang='lat' dir='ltr'><strong><em>tt.</em></strong></span> <span class='ocrx_word' id='word_1_81' title='bbox 517 1645 537 1708; x_wconf 87' lang='lat' dir='ltr'><strong><em>l.</em></strong></span> <span class='ocrx_word' id='word_1_82' title='bbox 555 1659 588 1724; x_wconf 86' lang='lat'><strong><em>5.</em></strong></span> <span class='ocrx_word' id='word_1_83' title='bbox 611 1649 682 1730; x_wconf 85' lang='lat' dir='ltr'><strong><em>plue</em></strong></span> <span class='ocrx_word' id='word_1_84' title='bbox 706 1647 812 1712; x_wconf 85' lang='lat' dir='ltr'><strong><em>semel.</em></strong></span> <span class='ocrx_word' id='word_1_85' title='bbox 850 1649 925 1711; x_wconf 87' lang='lat' dir='ltr'>Post</span> <span class='ocrx_word' id='word_1_86' title='bbox 939 1650 1030 1734; x_wconf 81' lang='lat' dir='ltr'><strong><em>Prag.</em></strong></span> <span class='ocrx_word' id='word_1_87' title='bbox 1044 1649 1201 1743; x_wconf 85' lang='lat' dir='ltr'><strong><em>stoteat,·</em></strong></span> <span class='ocrx_word' id='word_1_88' title='bbox 1227 1648 1343 1721; x_wconf 82' lang='lat' dir='ltr'><strong><em>ed.15.</em></strong></span> 
     </span>
     <span class='ocr_line' id='line_1_12' title="bbox 311 1739 1344 1838; baseline -0.006 -28"><span class='ocrx_word' id='word_1_89' title='bbox 311 1747 474 1837; x_wconf 81' lang='lat' dir='ltr'><strong><em>maleficio.</em></strong></span> <span class='ocrx_word' id='word_1_90' title='bbox 526 1749 589 1808; x_wconf 80' lang='lat' dir='ltr'><strong><em>l&#39;ro</em></strong></span> <span class='ocrx_word' id='word_1_91' title='bbox 605 1739 807 1838; x_wconf 82' lang='lat' dir='ltr'><strong><em>serpentum,</em></strong></span> <span class='ocrx_word' id='word_1_92' title='bbox 840 1752 929 1831; x_wconf 86' lang='lat' dir='ltr'><strong><em>quod</em></strong></span> <span class='ocrx_word' id='word_1_93' title='bbox 953 1751 1071 1812; x_wconf 84' lang='lat' dir='ltr'><strong><em>habent</em></strong></span> <span class='ocrx_word' id='word_1_94' title='bbox 1093 1749 1183 1832; x_wconf 85' lang='lat' dir='ltr'><strong><em>Lipl.</em></strong></span> <span class='ocrx_word' id='word_1_95' title='bbox 1208 1749 1297 1830; x_wconf 81' lang='lat' dir='ltr'><strong><em>Prog.</em></strong></span> <span class='ocrx_word' id='word_1_96' title='bbox 1318 1755 1344 1804; x_wconf 86' lang='lat' dir='ltr'><strong><em>et</em></strong></span> 
     </span>
     <span class='ocr_line' id='line_1_13' title="bbox 310 1847 1342 1929; baseline -0.007 -18"><span class='ocrx_word' id='word_1_97' title='bbox 310 1851 465 1911; x_wconf 75' lang='lat' dir='ltr'><strong><em>editiones</em></strong></span> <span class='ocrx_word' id='word_1_98' title='bbox 483 1847 669 1928; x_wconf 75' lang='lat' dir='ltr'><strong><em>superiores,</em></strong></span> <span class='ocrx_word' id='word_1_99' title='bbox 697 1850 734 1911; x_wconf 79' lang='lat' dir='ltr'><strong><em>A.</em></strong></span> <span class='ocrx_word' id='word_1_100' title='bbox 754 1851 941 1914; x_wconf 70' lang='lat' dir='ltr'><strong><em>Gronovius</em></strong></span> <span class='ocrx_word' id='word_1_101' title='bbox 962 1854 1038 1913; x_wconf 83' lang='lat' dir='ltr'><strong><em>inde</em></strong></span> <span class='ocrx_word' id='word_1_102' title='bbox 1053 1853 1091 1912; x_wconf 83' lang='lat' dir='ltr'><strong><em>ab</em></strong></span> <span class='ocrx_word' id='word_1_103' title='bbox 1107 1855 1163 1915; x_wconf 91' lang='lat' dir='ltr'><strong><em>ed.</em></strong></span> <span class='ocrx_word' id='word_1_104' title='bbox 1181 1861 1242 1929; x_wconf 85' lang='grc'><strong><em>44.</em></strong></span> <span class='ocrx_word' id='word_1_105' title='bbox 1265 1865 1342 1925; x_wconf 88' lang='lat' dir='ltr'><strong><em>repo·</em></strong></span> 
     </span>
     <span class='ocr_line' id='line_1_14' title="bbox 308 1941 1339 2040; baseline -0.007 -29"><span class='ocrx_word' id='word_1_106' title='bbox 308 1949 371 2011; x_wconf 85' lang='lat' dir='ltr'><strong><em>luit</em></strong></span> <span class='ocrx_word' id='word_1_107' title='bbox 389 1971 426 2012; x_wconf 89' lang='lat' dir='ltr'><strong><em>ex</em></strong></span> <span class='ocrx_word' id='word_1_108' title='bbox 446 1949 566 2012; x_wconf 79' lang='lat' dir='ltr'><strong><em>Mssos</em></strong></span> <span class='ocrx_word' id='word_1_109' title='bbox 586 1948 645 2012; x_wconf 78' lang='lat' dir='ltr'><strong><em>suis</em></strong></span> <span class='ocrx_word' id='word_1_110' title='bbox 659 1941 868 2040; x_wconf 76' lang='lat' dir='ltr'><strong><em>serpentium,</em></strong></span> <span class='ocrx_word' id='word_1_111' title='bbox 895 1953 1013 2034; x_wconf 74' lang='lat' dir='ltr'><strong><em>quibus</em></strong></span> <span class='ocrx_word' id='word_1_112' title='bbox 1031 1951 1244 2037; x_wconf 79' lang='lat' dir='ltr'><strong><em>suffragantur</em></strong></span> <span class='ocrx_word' id='word_1_113' title='bbox 1258 1949 1339 2008; x_wconf 73' lang='lat' dir='ltr'><strong><em>etiarn</em></strong></span> 
     </span>
     <span class='ocr_line' id='line_1_15' title="bbox 309 2050 1339 2143; baseline -0.007 -32"><span class='ocrx_word' id='word_1_114' title='bbox 309 2069 347 2111; x_wconf 81' lang='lat' dir='ltr'><strong><em>ex</em></strong></span> <span class='ocrx_word' id='word_1_115' title='bbox 370 2051 449 2112; x_wconf 77' lang='lat' dir='ltr'><strong><em>meis</em></strong></span> <span class='ocrx_word' id='word_1_116' title='bbox 471 2051 612 2132; x_wconf 87' lang='lat' dir='ltr'><strong><em>plurimi.</em></strong></span> <span class='ocrx_word' id='word_1_117' title='bbox 661 2053 748 2111; x_wconf 87' lang='lat' dir='ltr'><strong><em>Tum</em></strong></span> <span class='ocrx_word' id='word_1_118' title='bbox 768 2071 826 2132; x_wconf 94' lang='lat' dir='ltr'><strong><em>pro</em></strong></span> <span class='ocrx_word' id='word_1_119' title='bbox 846 2065 878 2113; x_wconf 85' lang='lat' dir='ltr'><strong><em>et</em></strong></span> <span class='ocrx_word' id='word_1_120' title='bbox 893 2051 945 2143; x_wconf 83' lang='lat' dir='ltr'><strong><em>fit</em></strong></span> <span class='ocrx_word' id='word_1_121' title='bbox 971 2053 1063 2118; x_wconf 84' lang='lat' dir='ltr'><strong><em>Parii.</em></strong></span> <span class='ocrx_word' id='word_1_122' title='bbox 1085 2071 1120 2116; x_wconf 90' lang='lat'><strong><em>2.</em></strong></span> <span class='ocrx_word' id='word_1_123' title='bbox 1147 2050 1235 2134; x_wconf 81' lang='lat' dir='ltr'><strong><em>Lipl.</em></strong></span> <span class='ocrx_word' id='word_1_124' title='bbox 1262 2050 1339 2128; x_wconf 80' lang='lat' dir='ltr'><strong><em>Prog.</em></strong></span> 
     </span>
     <span class='ocr_line' id='line_1_16' title="bbox 307 2147 1338 2249; baseline -0.001 -37"><span class='ocrx_word' id='word_1_125' title='bbox 307 2151 489 2213; x_wconf 74' lang='lat' dir='ltr'><strong><em>habentur</em></strong></span> <span class='ocrx_word' id='word_1_126' title='bbox 509 2147 572 2242; x_wconf 82' lang='lat' dir='ltr'><strong><em>fit.</em></strong></span> <span class='ocrx_word' id='word_1_127' title='bbox 623 2150 649 2230; x_wconf 73' lang='grc'><strong>4</strong></span> <span class='ocrx_word' id='word_1_128' title='bbox 676 2151 782 2215; x_wconf 80' lang='lat' dir='ltr'><strong><em>verbio</em></strong></span> <span class='ocrx_word' id='word_1_129' title='bbox 817 2152 944 2218; x_wconf 78' lang='lat' dir='ltr'><strong><em>Contra</em></strong></span> <span class='ocrx_word' id='word_1_130' title='bbox 967 2154 1013 2249; x_wconf 85' lang='lat' dir='ltr'><strong><em>est</em></strong></span> <span class='ocrx_word' id='word_1_131' title='bbox 1038 2157 1178 2220; x_wconf 70' lang='lat' dir='ltr'><strong><em>vinetus</em></strong></span> <span class='ocrx_word' id='word_1_132' title='bbox 1203 2171 1269 2235; x_wconf 70' lang='lat' dir='ltr'><strong><em>cap.</em></strong></span> <span class='ocrx_word' id='word_1_133' title='bbox 1289 2149 1338 2224; x_wconf 84' lang='lat'><strong><em>65.</em></strong></span> 
     </span>
     <span class='ocr_line' id='line_1_17' title="bbox 307 2254 429 2336; baseline 0.033 -24"><span class='ocrx_word' id='word_1_134' title='bbox 307 2254 429 2336; x_wconf 84' lang='lat' dir='ltr'><strong><em>incipit.</em></strong></span> 
     </span>
    </p>
   </div>
   <div class='ocr_carea' id='block_1_5' title="bbox 245 2441 1336 2854">
    <p class='ocr_par' dir='ltr' id='par_1_5' title="bbox 245 2441 1336 2854">
     <span class='ocr_line' id='line_1_18' title="bbox 383 2441 1336 2550; baseline -0.003 -32"><span class='ocrx_word' id='word_1_135' title='bbox 383 2447 604 2550; x_wconf 73' lang='lat' dir='ltr'><strong><em>ingressis)</em></strong></span> <span class='ocrx_word' id='word_1_136' title='bbox 638 2455 746 2522; x_wconf 84' lang='lat' dir='ltr'><strong><em>Cibin.</em></strong></span> <span class='ocrx_word' id='word_1_137' title='bbox 764 2459 853 2539; x_wconf 84' lang='lat' dir='ltr'><strong><em>ingre</em></strong></span> <span class='ocrx_word' id='word_1_138' title='bbox 882 2483 939 2535; x_wconf 88' lang='lat' dir='ltr'><strong><em>ns,·</em></strong></span> <span class='ocrx_word' id='word_1_139' title='bbox 959 2463 1052 2547; x_wconf 75' lang='lat' dir='ltr'><strong><em>Prug.</em></strong></span> <span class='ocrx_word' id='word_1_140' title='bbox 1072 2461 1184 2523; x_wconf 86' lang='lat' dir='ltr'><strong><em>Havn.</em></strong></span> <span class='ocrx_word' id='word_1_141' title='bbox 1201 2441 1336 2542; x_wconf 80' lang='lat' dir='ltr'><strong><em>ingreffits</em></strong></span> 
     </span>
     <span class='ocr_line' id='line_1_19' title="bbox 308 2547 1332 2644; baseline -0.003 -24"><span class='ocrx_word' id='word_1_142' title='bbox 308 2559 342 2620; x_wconf 87' lang='lat' dir='ltr'><strong><em>in</em></strong></span> <span class='ocrx_word' id='word_1_143' title='bbox 367 2581 423 2632; x_wconf 85' lang='lat' dir='ltr'><strong><em>ea,·</em></strong></span> <span class='ocrx_word' id='word_1_144' title='bbox 455 2560 541 2622; x_wconf 82' lang='lat' dir='ltr'><strong><em>Gud.</em></strong></span> <span class='ocrx_word' id='word_1_145' title='bbox 563 2561 596 2620; x_wconf 86' lang='lat' dir='ltr'><strong><em>in</em></strong></span> <span class='ocrx_word' id='word_1_146' title='bbox 621 2581 699 2620; x_wconf 86' lang='lat' dir='ltr'><strong><em>earn.</em></strong></span> <span class='ocrx_word' id='word_1_147' title='bbox 752 2562 839 2620; x_wconf 89' lang='lat' dir='ltr'><strong><em>Tum</em></strong></span> <span class='ocrx_word' id='word_1_148' title='bbox 861 2563 972 2626; x_wconf 84' lang='lat' dir='ltr'><strong><em>Cibin.</em></strong></span> <span class='ocrx_word' id='word_1_149' title='bbox 995 2567 1077 2623; x_wconf 83' lang='lat' dir='ltr'><strong><em>iuter</em></strong></span> <span class='ocrx_word' id='word_1_150' title='bbox 1097 2583 1158 2644; x_wconf 89' lang='lat' dir='ltr'><strong><em>pro</em></strong></span> <span class='ocrx_word' id='word_1_151' title='bbox 1176 2563 1278 2627; x_wconf 85' lang='lat' dir='ltr'><strong><em>intra,·</em></strong></span> <span class='ocrx_word' id='word_1_152' title='bbox 1299 2547 1332 2611; x_wconf 79' lang='lat' dir='ltr'><strong><em>cl·</em></strong></span> 
     </span>
     <span class='ocr_line' id='line_1_20' title="bbox 245 2653 1334 2754; baseline -0.006 -30"><span class='ocrx_word' id='word_1_153' title='bbox 245 2717 251 2724; x_wconf 91' lang='lat'><em>.</em></span> <span class='ocrx_word' id='word_1_154' title='bbox 308 2659 585 2743; x_wconf 80' lang='lat' dir='ltr'><strong><em>lupread§.19.</em></strong></span> <span class='ocrx_word' id='word_1_155' title='bbox 637 2662 729 2724; x_wconf 89' lang='lat' dir='ltr'><strong><em>Idem</em></strong></span> <span class='ocrx_word' id='word_1_156' title='bbox 755 2653 970 2754; x_wconf 74' lang='lat' dir='ltr'><strong><em>debusetana5</em></strong></span> <span class='ocrx_word' id='word_1_157' title='bbox 1004 2665 1192 2728; x_wconf 78' lang='lat' dir='ltr'><strong><em>vindobon.</em></strong></span> <span class='ocrx_word' id='word_1_158' title='bbox 1218 2661 1334 2720; x_wconf 79' lang='lat' dir='ltr'><strong><em>circuu-</em></strong></span> 
     </span>
     <span class='ocr_line' id='line_1_21' title="bbox 299 2758 513 2854; baseline 0.009 -30"><span class='ocrx_word' id='word_1_159' title='bbox 299 2758 513 2854; x_wconf 77' lang='lat' dir='ltr'><strong><em>fignavert&#39;ut.</em></strong></span> 
     </span>
    </p>
   </div>
   <div class='ocr_carea' id='block_1_6' title="bbox 306 2964 1331 4176">
    <p class='ocr_par' dir='ltr' id='par_1_6' title="bbox 306 2964 1331 4176">
     <span class='ocr_line' id='line_1_22' title="bbox 384 2964 1329 3047; baseline 0.008 -21"><span class='ocrx_word' id='word_1_160' title='bbox 384 2977 421 3027; x_wconf 83' lang='lat' dir='ltr'><strong><em>et</em></strong></span> <span class='ocrx_word' id='word_1_161' title='bbox 452 2964 570 3047; x_wconf 83' lang='lat' dir='ltr'><strong><em>tutu)</em></strong></span> <span class='ocrx_word' id='word_1_162' title='bbox 620 2964 744 3030; x_wconf 82' lang='lat' dir='ltr'><strong><em>Desunt</em></strong></span> <span class='ocrx_word' id='word_1_163' title='bbox 771 2967 831 3030; x_wconf 87' lang='lat' dir='ltr'><strong><em>hae</em></strong></span> <span class='ocrx_word' id='word_1_164' title='bbox 863 2969 943 3031; x_wconf 80' lang='lat' dir='ltr'><strong><em>duae</em></strong></span> <span class='ocrx_word' id='word_1_165' title='bbox 974 2988 1069 3032; x_wconf 77' lang='lat' dir='ltr'><strong><em>vocer</em></strong></span> <span class='ocrx_word' id='word_1_166' title='bbox 1103 2969 1138 3029; x_wconf 88' lang='lat' dir='ltr'><strong><em>in</em></strong></span> <span class='ocrx_word' id='word_1_167' title='bbox 1172 2965 1273 3030; x_wconf 80' lang='lat' dir='ltr'><strong><em>Vario.</em></strong></span> <span class='ocrx_word' id='word_1_168' title='bbox 1302 2966 1329 3034; x_wconf 82' lang='lat'><strong><em>3·</em></strong></span> 
     </span>
     <span class='ocr_line' id='line_1_23' title="bbox 306 3063 1331 3152; baseline -0.004 -20"><span class='ocrx_word' id='word_1_169' title='bbox 306 3066 399 3151; x_wconf 84' lang='lat' dir='ltr'><strong><em>Prag.</em></strong></span> <span class='ocrx_word' id='word_1_170' title='bbox 423 3069 528 3129; x_wconf 80' lang='lat' dir='ltr'><strong><em>Havn.</em></strong></span> <span class='ocrx_word' id='word_1_171' title='bbox 556 3067 649 3131; x_wconf 80' lang='lat' dir='ltr'><strong><em>Parii.</em></strong></span> <span class='ocrx_word' id='word_1_172' title='bbox 674 3087 706 3134; x_wconf 87' lang='lat'><strong><em>2.</em></strong></span> <span class='ocrx_word' id='word_1_173' title='bbox 756 3063 805 3132; x_wconf 76' lang='lat' dir='ltr'><strong><em>Ti</em></strong></span> <span class='ocrx_word' id='word_1_174' title='bbox 831 3080 864 3130; x_wconf 88' lang='lat' dir='ltr'><strong><em>et</em></strong></span> <span class='ocrx_word' id='word_1_175' title='bbox 887 3073 1012 3152; x_wconf 85' lang='lat' dir='ltr'><strong><em>expulit</em></strong></span> <span class='ocrx_word' id='word_1_176' title='bbox 1038 3071 1213 3138; x_wconf 79' lang='lat' dir='ltr'><strong><em>vadianus,</em></strong></span> <span class='ocrx_word' id='word_1_177' title='bbox 1246 3074 1331 3143; x_wconf 70' lang='lat' dir='ltr'>quem</span> 
     </span>
     <span class='ocr_line' id='line_1_24' title="bbox 309 3165 1328 3252; baseline 0.001 -24"><span class='ocrx_word' id='word_1_178' title='bbox 309 3167 483 3249; x_wconf 86' lang='lat' dir='ltr'><strong><em>sequnntur</em></strong></span> <span class='ocrx_word' id='word_1_179' title='bbox 499 3171 571 3230; x_wconf 90' lang='lat' dir='ltr'><strong><em>edd.</em></strong></span> <span class='ocrx_word' id='word_1_180' title='bbox 590 3185 648 3232; x_wconf 83' lang='lat'><strong><em>21.</em></strong></span> <span class='ocrx_word' id='word_1_181' title='bbox 665 3187 721 3235; x_wconf 89' lang='lat'><strong><em>22.</em></strong></span> <span class='ocrx_word' id='word_1_182' title='bbox 741 3183 799 3249; x_wconf 77' lang='lat'><strong><em>24.</em></strong></span> <span class='ocrx_word' id='word_1_183' title='bbox 821 3183 877 3248; x_wconf 85' lang='lat'><strong><em>25.</em></strong></span> <span class='ocrx_word' id='word_1_184' title='bbox 901 3187 933 3232; x_wconf 86' lang='lat' dir='ltr'><strong><em>et</em></strong></span> <span class='ocrx_word' id='word_1_185' title='bbox 949 3174 1087 3252; x_wconf 83' lang='lat' dir='ltr'><strong><em>reliquae</em></strong></span> <span class='ocrx_word' id='word_1_186' title='bbox 1103 3189 1216 3232; x_wconf 78' lang='lat' dir='ltr'><strong><em>omnes</em></strong></span> <span class='ocrx_word' id='word_1_187' title='bbox 1230 3165 1264 3224; x_wconf 83' lang='lat' dir='ltr'><strong><em>ad</em></strong></span> <span class='ocrx_word' id='word_1_188' title='bbox 1276 3171 1328 3236; x_wconf 70' lang='lat' dir='ltr'><strong><em>dl·</em></strong></span> 
     </span>
     <span class='ocr_line' id='line_1_25' title="bbox 308 3268 1329 3335; baseline -0.009 -5"><span class='ocrx_word' id='word_1_189' title='bbox 308 3269 381 3332; x_wconf 86' lang='lat' dir='ltr'><strong><em>Post</em></strong></span> <span class='ocrx_word' id='word_1_190' title='bbox 403 3270 484 3331; x_wconf 89' lang='lat' dir='ltr'><strong><em>duce</em></strong></span> <span class='ocrx_word' id='word_1_191' title='bbox 505 3272 679 3332; x_wconf 77' lang='lat' dir='ltr'><strong><em>lieinoldio</em></strong></span> <span class='ocrx_word' id='word_1_192' title='bbox 696 3273 801 3335; x_wconf 83' lang='lat' dir='ltr'><strong><em>rediit.</em></strong></span> <span class='ocrx_word' id='word_1_193' title='bbox 854 3273 916 3334; x_wconf 91' lang='lat' dir='ltr'><strong><em>Pro</em></strong></span> <span class='ocrx_word' id='word_1_194' title='bbox 934 3285 1006 3334; x_wconf 87' lang='lat' dir='ltr'><strong><em>tuta</em></strong></span> <span class='ocrx_word' id='word_1_195' title='bbox 1026 3275 1124 3334; x_wconf 81' lang='lat' dir='ltr'><strong><em>Votic.</em></strong></span> <span class='ocrx_word' id='word_1_196' title='bbox 1148 3291 1177 3335; x_wconf 87' lang='lat' dir='ltr'><strong><em>r.</em></strong></span> <span class='ocrx_word' id='word_1_197' title='bbox 1199 3282 1285 3328; x_wconf 84' lang='lat' dir='ltr'><strong><em>meus</em></strong></span> <span class='ocrx_word' id='word_1_198' title='bbox 1302 3268 1329 3317; x_wconf 86' lang='lat' dir='ltr'><strong><em>et</em></strong></span> 
     </span>
     <span class='ocr_line' id='line_1_26' title="bbox 308 3365 1326 3456; baseline -0.004 -26"><span class='ocrx_word' id='word_1_199' title='bbox 308 3371 408 3432; x_wconf 88' lang='lat' dir='ltr'><strong><em>Vatic.</em></strong></span> <span class='ocrx_word' id='word_1_200' title='bbox 435 3365 542 3442; x_wconf 83' lang='lat' dir='ltr'><strong><em>Voffii,</em></strong></span> <span class='ocrx_word' id='word_1_201' title='bbox 569 3373 740 3456; x_wconf 85' lang='lat' dir='ltr'><strong><em>Rehdiger.</em></strong></span> <span class='ocrx_word' id='word_1_202' title='bbox 766 3373 848 3456; x_wconf 89' lang='lat' dir='ltr'><strong><em>Lipl.</em></strong></span> <span class='ocrx_word' id='word_1_203' title='bbox 868 3375 1007 3436; x_wconf 92' lang='lat' dir='ltr'><strong><em>Vindob.</em></strong></span> <span class='ocrx_word' id='word_1_204' title='bbox 1032 3373 1116 3436; x_wconf 89' lang='lat' dir='ltr'><strong><em>Gud.</em></strong></span> <span class='ocrx_word' id='word_1_205' title='bbox 1139 3375 1326 3432; x_wconf 66' lang='lat' dir='ltr'><strong><em>venereum</em></strong></span> 
     </span>
     <span class='ocr_line' id='line_1_27' title="bbox 308 3457 1325 3553; baseline -0.004 -19"><span class='ocrx_word' id='word_1_206' title='bbox 308 3473 382 3534; x_wconf 84' lang='lat' dir='ltr'><strong><em>edd.</em></strong></span> <span class='ocrx_word' id='word_1_207' title='bbox 410 3490 438 3535; x_wconf 85' lang='lat'><strong><em>1.</em></strong></span> <span class='ocrx_word' id='word_1_208' title='bbox 463 3487 495 3534; x_wconf 88' lang='lat'><strong><em>2.</em></strong></span> <span class='ocrx_word' id='word_1_209' title='bbox 521 3491 554 3551; x_wconf 84' lang='lat'><strong><em>9.</em></strong></span> <span class='ocrx_word' id='word_1_210' title='bbox 585 3487 640 3553; x_wconf 79' lang='lat'><strong><em>¹5·</em></strong></span> <span class='ocrx_word' id='word_1_211' title='bbox 665 3495 759 3549; x_wconf 88' lang='lat' dir='ltr'><strong><em>raro,·</em></strong></span> <span class='ocrx_word' id='word_1_212' title='bbox 784 3477 864 3539; x_wconf 79' lang='lat' dir='ltr'><strong><em>alius</em></strong></span> <span class='ocrx_word' id='word_1_213' title='bbox 882 3471 978 3536; x_wconf 82' lang='lat' dir='ltr'><strong><em>Voffii</em></strong></span> <span class='ocrx_word' id='word_1_214' title='bbox 1000 3475 1100 3536; x_wconf 87' lang='lat' dir='ltr'><strong><em>codex</em></strong></span> <span class='ocrx_word' id='word_1_215' title='bbox 1124 3486 1234 3539; x_wconf 73' lang='lat' dir='ltr'><strong><em>tarra:</em></strong></span> <span class='ocrx_word' id='word_1_216' title='bbox 1263 3457 1325 3523; x_wconf 84' lang='lat' dir='ltr'><strong><em>edd.</em></strong></span> 
     </span>
     <span class='ocr_line' id='line_1_28' title="bbox 311 3573 1324 3656; baseline -0.014 -19"><span class='ocrx_word' id='word_1_217' title='bbox 311 3587 343 3654; x_wconf 78' lang='lat'><strong><em>5.</em></strong></span> <span class='ocrx_word' id='word_1_218' title='bbox 366 3583 400 3656; x_wconf 86' lang='grc'><strong><em>4.</em></strong></span> <span class='ocrx_word' id='word_1_219' title='bbox 424 3585 458 3651; x_wconf 84' lang='grc'><strong><em>5.</em></strong></span> <span class='ocrx_word' id='word_1_220' title='bbox 481 3575 513 3637; x_wconf 89' lang='grc'><strong><em>6.</em></strong></span> <span class='ocrx_word' id='word_1_221' title='bbox 537 3589 569 3650; x_wconf 89' lang='lat'><strong><em>7.</em></strong></span> <span class='ocrx_word' id='word_1_222' title='bbox 587 3587 619 3652; x_wconf 76' lang='lat' dir='ltr'><strong><em>g.</em></strong></span> <span class='ocrx_word' id='word_1_223' title='bbox 638 3589 696 3638; x_wconf 74' lang='lat' dir='ltr'><strong><em>ro.</em></strong></span> <span class='ocrx_word' id='word_1_224' title='bbox 720 3597 773 3640; x_wconf 87' lang='lat'><strong><em>11.</em></strong></span> <span class='ocrx_word' id='word_1_225' title='bbox 796 3593 852 3640; x_wconf 90' lang='lat'><strong><em>12.</em></strong></span> <span class='ocrx_word' id='word_1_226' title='bbox 874 3585 927 3654; x_wconf 87' lang='grc' dir='ltr'><strong><em>ι4.</em></strong></span> <span class='ocrx_word' id='word_1_227' title='bbox 949 3589 982 3636; x_wconf 91' lang='lat' dir='ltr'><strong><em>et</em></strong></span> <span class='ocrx_word' id='word_1_228' title='bbox 1003 3577 1151 3655; x_wconf 83' lang='lat' dir='ltr'><strong><em>deinceps</em></strong></span> <span class='ocrx_word' id='word_1_229' title='bbox 1174 3573 1324 3656; x_wconf 72' lang='lat' dir='ltr'><strong><em>pleraeque</em></strong></span> 
     </span>
     <span class='ocr_line' id='line_1_29' title="bbox 309 3659 1324 3770; baseline -0.015 -33"><span class='ocrx_word' id='word_1_230' title='bbox 309 3688 401 3748; x_wconf 85' lang='lat' dir='ltr'><strong><em>tuta,·</em></strong></span> <span class='ocrx_word' id='word_1_231' title='bbox 435 3689 557 3737; x_wconf 83' lang='lat' dir='ltr'><strong><em>tantum</em></strong></span> <span class='ocrx_word' id='word_1_232' title='bbox 580 3677 732 3748; x_wconf 78' lang='lat' dir='ltr'><strong><em>Vinetuo,</em></strong></span> <span class='ocrx_word' id='word_1_233' title='bbox 757 3675 831 3770; x_wconf 81' lang='lat' dir='ltr'><strong><em>fine</em></strong></span> <span class='ocrx_word' id='word_1_234' title='bbox 849 3679 984 3756; x_wconf 82' lang='lat' dir='ltr'><strong><em>pernicie</em></strong></span> <span class='ocrx_word' id='word_1_235' title='bbox 1005 3659 1089 3736; x_wconf 84' lang='lat' dir='ltr'><strong><em>terro</em></strong></span> <span class='ocrx_word' id='word_1_236' title='bbox 1109 3674 1172 3766; x_wconf 80' lang='lat' dir='ltr'><strong><em>est,·</em></strong></span> <span class='ocrx_word' id='word_1_237' title='bbox 1208 3659 1324 3732; x_wconf 79' lang='lat' dir='ltr'><strong><em>Reinol·</em></strong></span> 
     </span>
     <span class='ocr_line' id='line_1_30' title="bbox 308 3766 1321 3874; baseline -0.014 -36"><span class='ocrx_word' id='word_1_238' title='bbox 308 3777 380 3838; x_wconf 81' lang='lat' dir='ltr'><strong><em>diue</em></strong></span> <span class='ocrx_word' id='word_1_239' title='bbox 402 3778 489 3838; x_wconf 85' lang='lat' dir='ltr'><strong><em>dedit</em></strong></span> <span class='ocrx_word' id='word_1_240' title='bbox 500 3775 574 3869; x_wconf 82' lang='lat' dir='ltr'><strong><em>fine</em></strong></span> <span class='ocrx_word' id='word_1_241' title='bbox 595 3779 728 3858; x_wconf 81' lang='lat' dir='ltr'><strong><em>pernicie</em></strong></span> <span class='ocrx_word' id='word_1_242' title='bbox 748 3794 778 3839; x_wconf 85' lang='lat' dir='ltr'><strong><em>et</em></strong></span> <span class='ocrx_word' id='word_1_243' title='bbox 798 3792 874 3838; x_wconf 86' lang='lat' dir='ltr'><strong><em>rota</em></strong></span> <span class='ocrx_word' id='word_1_244' title='bbox 896 3777 956 3870; x_wconf 85' lang='lat' dir='ltr'><strong><em>est,</em></strong></span> <span class='ocrx_word' id='word_1_245' title='bbox 989 3792 1021 3839; x_wconf 89' lang='lat' dir='ltr'><strong><em>et</em></strong></span> <span class='ocrx_word' id='word_1_246' title='bbox 1041 3776 1171 3840; x_wconf 84' lang='lat' dir='ltr'><strong><em>hincab</em></strong></span> <span class='ocrx_word' id='word_1_247' title='bbox 1192 3773 1238 3834; x_wconf 88' lang='lat' dir='ltr'><strong><em>ed.</em></strong></span> <span class='ocrx_word' id='word_1_248' title='bbox 1255 3766 1321 3874; x_wconf 51' lang='lat' dir='ltr'><strong><em>liro:</em></strong></span> 
     </span>
     <span class='ocr_line' id='line_1_31' title="bbox 308 3875 1320 3962; baseline -0.016 -22"><span class='ocrx_word' id='word_1_249' title='bbox 308 3881 399 3940; x_wconf 86' lang='lat' dir='ltr'><strong><em>novii</em></strong></span> <span class='ocrx_word' id='word_1_250' title='bbox 423 3890 482 3960; x_wconf 78' lang='grc'><strong><em>45.</em></strong></span> <span class='ocrx_word' id='word_1_251' title='bbox 503 3881 595 3948; x_wconf 83' lang='lat' dir='ltr'><strong><em>aliae,</em></strong></span> <span class='ocrx_word' id='word_1_252' title='bbox 622 3879 709 3959; x_wconf 88' lang='lat' dir='ltr'><strong><em>quod</em></strong></span> <span class='ocrx_word' id='word_1_253' title='bbox 728 3892 761 3939; x_wconf 84' lang='lat' dir='ltr'><strong><em>et</em></strong></span> <span class='ocrx_word' id='word_1_254' title='bbox 777 3879 987 3962; x_wconf 80' lang='lat' dir='ltr'><strong><em>comprobent</em></strong></span> <span class='ocrx_word' id='word_1_255' title='bbox 1003 3879 1106 3942; x_wconf 85' lang='lat' dir='ltr'><strong><em>Codd.</em></strong></span> <span class='ocrx_word' id='word_1_256' title='bbox 1125 3885 1162 3940; x_wconf 82' lang='lat' dir='ltr'><strong><em>d.</em></strong></span> <span class='ocrx_word' id='word_1_257' title='bbox 1181 3875 1320 3936; x_wconf 79' lang='lat' dir='ltr'><strong><em>Gronoru</em></strong></span> 
     </span>
     <span class='ocr_line' id='line_1_32' title="bbox 309 3965 1318 4059; baseline -0.012 -17"><span class='ocrx_word' id='word_1_258' title='bbox 309 3995 342 4042; x_wconf 86' lang='lat' dir='ltr'><strong><em>et</em></strong></span> <span class='ocrx_word' id='word_1_259' title='bbox 366 4001 404 4042; x_wconf 87' lang='lat' dir='ltr'><strong><em>ex</em></strong></span> <span class='ocrx_word' id='word_1_260' title='bbox 433 3983 512 4043; x_wconf 81' lang='lat' dir='ltr'><strong><em>meis</em></strong></span> <span class='ocrx_word' id='word_1_261' title='bbox 544 3982 640 4042; x_wconf 81' lang='lat' dir='ltr'><strong><em>Varie.</em></strong></span> <span class='ocrx_word' id='word_1_262' title='bbox 662 3991 697 4059; x_wconf 91' lang='grc'><strong><em>4.</em></strong></span> <span class='ocrx_word' id='word_1_263' title='bbox 729 3979 836 4043; x_wconf 86' lang='lat' dir='ltr'><strong><em>Cibin.</em></strong></span> <span class='ocrx_word' id='word_1_264' title='bbox 867 3979 960 4043; x_wconf 78' lang='lat' dir='ltr'><strong><em>Paris.</em></strong></span> <span class='ocrx_word' id='word_1_265' title='bbox 980 4001 1010 4046; x_wconf 88' lang='lat'><strong><em>1.</em></strong></span> <span class='ocrx_word' id='word_1_266' title='bbox 1031 3993 1064 4041; x_wconf 87' lang='lat' dir='ltr'><strong><em>et</em></strong></span> <span class='ocrx_word' id='word_1_267' title='bbox 1086 3995 1117 4058; x_wconf 84' lang='lat'><strong><em>5.</em></strong></span> <span class='ocrx_word' id='word_1_268' title='bbox 1152 3965 1318 4041; x_wconf 66' lang='lat' dir='ltr'><strong><em>ciaconio</em></strong></span> 
     </span>
     <span class='ocr_line' id='line_1_33' title="bbox 310 4059 1316 4176; baseline -0.015 -32"><span class='ocrx_word' id='word_1_269' title='bbox 310 4081 410 4146; x_wconf 79' lang='lat' dir='ltr'><strong><em>adfert</em></strong></span> <span class='ocrx_word' id='word_1_270' title='bbox 433 4094 464 4142; x_wconf 83' lang='lat' dir='ltr'><strong><em>et</em></strong></span> <span class='ocrx_word' id='word_1_271' title='bbox 489 4095 563 4144; x_wconf 86' lang='lat' dir='ltr'><strong><em>rata</em></strong></span> <span class='ocrx_word' id='word_1_272' title='bbox 586 4080 630 4176; x_wconf 69' lang='lat' dir='ltr'><em>ss</em></span> <span class='ocrx_word' id='word_1_273' title='bbox 651 4082 705 4144; x_wconf 82' lang='lat' dir='ltr'><strong><em>vel</em></strong></span> <span class='ocrx_word' id='word_1_274' title='bbox 727 4095 758 4144; x_wconf 87' lang='lat' dir='ltr'><strong><em>et</em></strong></span> <span class='ocrx_word' id='word_1_275' title='bbox 782 4095 891 4145; x_wconf 84' lang='lat' dir='ltr'><strong><em>tracto</em></strong></span> <span class='ocrx_word' id='word_1_276' title='bbox 913 4081 967 4176; x_wconf 86' lang='lat' dir='ltr'><strong><em>est.</em></strong></span> <span class='ocrx_word' id='word_1_277' title='bbox 1018 4085 1139 4146; x_wconf 76' lang='lat' dir='ltr'><strong><em>Arata</em></strong></span> <span class='ocrx_word' id='word_1_278' title='bbox 1159 4075 1269 4141; x_wconf 80' lang='lat' dir='ltr'><strong><em>laciliuo</em></strong></span> <span class='ocrx_word' id='word_1_279' title='bbox 1285 4059 1316 4122; x_wconf 71' lang='lat' dir='ltr'><strong><em>td</em></strong></span> 
     </span>
    </p>
   </div>
   <div class='ocr_carea' id='block_1_7' title="bbox 0 0 1398 4942">
    <p class='ocr_par' dir='ltr' id='par_1_7' title="bbox 0 0 1398 4942">
     <span class='ocr_line' id='line_1_34' title="bbox 0 0 1398 4942; baseline 0 1"><span class='ocrx_word' id='word_1_280' title='bbox 0 0 1398 4942; x_wconf 95' lang='lat' dir='ltr'><strong><em> </em></strong></span> 
     </span>
    </p>
   </div>
  </div>
 </body>
</html>
