2826 4936
356 463 449 522 ΗΒ.
477 463 531 518 Iis.
575 457 609 515 C.
635 453 688 514 vt.
730 447 757 518 ς.
786 463 812 502 a.
1045 437 1103 502 151

65 656 97 704 et
117 639 282 726 quomodo
310 636 412 722 potest
432 631 570 697 iunonit
590 620 850 710 promuntorium
871 609 1002 689 obliquo
1023 604 1103 686 ingo

67 745 104 804 in
127 745 326 806 occidentem
349 755 529 812 excurrere,
564 731 621 792 nisr
645 730 697 790 fiat
720 722 866 806 anguine.
919 713 1006 774 Haec
1027 722 1103 766 cum

70 843 228 906 manifeste
245 857 277 906 et
294 843 442 903 omnium
460 836 559 900 oculis
573 833 633 893 sent
650 825 797 908 exposita,
820 819 873 880 itte
890 828 997 876 tamen
1014 809 1103 867 iuve-

71 947 123 1008 nit
144 946 317 1030 legendum
346 939 470 1004 censet:
507 955 588 1020 quas
612 929 654 992 ab
679 931 754 1008 iugo
782 920 949 984 Baeticae,
984 907 1104 970 addent

72 1046 192 1108 Melam
209 1047 346 1107 alludere
360 1043 398 1104 ad
419 1033 679 1124 promuntorium
697 1026 847 1091 Iunonie.
873 1020 913 1080 de
934 1030 998 1098 qno
1017 1025 1104 1090 prae·

73 1149 198 1210 cedenti
218 1149 284 1232 egit
304 1145 397 1206 libro.
449 1142 566 1203 Verum
583 1156 622 1196 an
645 1151 712 1194 non
734 1141 818 1190 recte
837 1123 983 1202 loquetur
1006 1110 1102 1181 Mela,

71 1249 128 1310 nist
147 1251 322 1333 aenigmata
338 1241 469 1306 scribat?
507 1241 592 1304 Cum
610 1234 699 1296 mille
717 1231 751 1292 in
767 1225 892 1290 Baetica
912 1217 1013 1301 magia
1029 1231 1105 1272 con·

70 1348 175 1432 spicue
191 1361 355 1412 occurrant
371 1349 458 1430 iuga.
485 1363 519 1404 ac
534 1341 569 1402 stt
586 1337 663 1399 iliud
682 1330 815 1396 lunonie
831 1315 1103 1407 promuntorium,

70 1453 128 1512 ubi
148 1453 257 1513 nullut
271 1467 364 1512 mone
384 1461 416 1509 et
438 1446 490 1506 rix
508 1439 628 1504 modici
645 1443 816 1498 occurrunt
832 1425 936 1491 colice,
962 1417 1033 1501 quie
1050 1413 1104 1474 de·

71 1571 164 1614 mum
189 1553 240 1614 vei
261 1547 437 1612 divinando
459 1543 646 1625 assequatur,
676 1556 732 1618 per
754 1535 866 1616 iugum
882 1521 1027 1586 Baeticae
1048 1515 1103 1576 hic

71 1653 185 1737 fignari
217 1651 477 1736 promuntorium
505 1639 664 1706 lunenses
726 1636 766 1696 tt
790 1647 868 1692 vero
894 1625 916 1688 si
943 1621 1105 1704 vulgatam

70 1753 236 1836 sequamur
254 1755 443 1820 lectionem.
468 1749 531 1808 iarn
548 1745 650 1808 statim
666 1734 893 1818 intelligimur.
918 1743 986 1786 non
1005 1719 1105 1780 alium

70 1855 124 1918 hic
147 1855 259 1940 stgnari
280 1853 452 1938 angulum,
478 1867 574 1930 quam
599 1844 706 1908 iilum,
738 1853 834 1918 quem
854 1832 917 1890 iem
938 1818 1105 1901 descripsit,

73 1957 193 2018 flexum
214 1957 332 2024 litorio,
360 1953 417 2014 ubi
439 1968 556 2030 nempe
575 1965 628 2008 ora
644 1941 805 2006 Baeticae,
838 1948 919 2014 quae
936 1921 1106 1988 meridiem

71 2055 205 2140 specht.
238 2059 272 2118 in
294 2054 542 2138 septentrionem
562 2046 747 2112 obducitur,
777 2049 809 2099 et
831 2029 1032 2096 occidentem
1054 2018 1106 2082 ed-

73 2157 192 2240 spicere
217 2159 340 2238 incipit.
381 2173 512 2218 voettve
534 2151 569 2210 t'n
593 2141 767 2228 appendice
790 2133 835 2198 ori
853 2135 887 2196 st.
907 2129 929 2192 l.
980 2116 1106 2188 votsnn

74 2259 212 2323 ostendit
224 2259 318 2330 mihi,
336 2257 490 2341 angulum
506 2247 577 2314 satie
592 2249 670 2309 ciare
685 2239 817 2305 describi
831 2255 848 2298 a
864 2231 960 2294 Meta.
988 2223 1108 2290 Credat

72 2363 115 2422 ita
130 2363 199 2446 agi,
225 2381 260 2422 ac
278 2359 297 2418 fi
316 2359 400 2421 sisela
417 2357 458 2418 de
473 2353 597 2416 Baetica
619 2345 743 2432 egisset,
769 2335 957 2423 perindeut
979 2327 1045 2412 egit
1066 2322 1108 2384 de

72 2463 201 2542 Scythia
223 2462 380 2528 Asiaticis,
414 2459 564 2540 quicum
590 2451 649 2511 smt
671 2447 709 2508 ad
735 2445 841 2504 Eoum
861 2452 965 2510 mare,
1000 2442 1108 2488 tamen

75 2561 216 2645 spectant
237 2577 268 2624 et
292 2561 555 2644 septentrionem.
586 2551 640 2612 vei
662 2549 702 2610 de
727 2545 831 2612 indie,
865 2536 922 2618 qui
941 2534 975 2594 in
990 2522 1107 2590 *Eoum

75 2667 205 2750 pelagus
221 2663 327 2735 effusi,
358 2676 464 2722 tamen
487 2655 623 2738 spectant
643 2666 769 2732 quoque
790 2639 958 2704 meridiem
975 2643 1007 2694 et
1020 2625 1108 2690 Indi·

76 2785 152 2828 cum
175 2785 271 2829 mare.
323 2763 442 2826 Nullue
464 2759 534 2820 talio
554 2753 688 2838 anguine
712 2751 747 2808 in
775 2741 902 2806 Baetica
926 2733 980 2796 cst.
1030 2727 1108 2790 Pro·

75 2871 279 2928 muntorinm
301 2863 435 2926 Iunonie
458 2859 540 2922 nihii
563 2849 742 2917 consented
768 2843 938 2928 anguium,
972 2849 1046 2894 cum
1071 2825 1109 2886 iit

76 2968 178 3030 modo
209 2965 481 3052 promuntorium.
533 2959 574 3018 Vt
603 2955 730 3016 Baetica
758 2950 791 3008 in
821 2954 994 3018 utrumqne
1020 2944 1108 2990 mare

75 3068 213 3153 spectet,
240 3069 321 3132 nihil
340 3067 397 3128 nist
413 3063 531 3126 fretum
553 3053 752 3119 intercedens
769 3062 801 3110 et
818 3043 958 3106 Baeticae
976 3031 1110 3096 adsitum

76 3169 169 3242 facin
208 3189 273 3234 uon
298 3169 408 3248 aliquis
430 3162 575 3248 anguine.
637 3155 685 3218 Ab
710 3149 782 3212 sreti
805 3164 871 3207 nno
903 3143 964 3203 fine
993 3133 1110 3216 spectat

76 3271 349 3334 mediterraneum
372 3286 459 3330 mare
480 3283 516 3326 ac
542 3259 727 3324 meridiem,
762 3249 800 3312 ab
823 3247 919 3308 altero
944 3239 1111 3301 Oceanum

76 3371 186 3436 versus
212 3373 434 3436 Occidentem.
493 3367 531 3426 su
563 3355 786 3446 promuntorio
816 3347 936 3426 semper
957 3339 1112 3400 ultimum

78 3493 181 3534 cornu
207 3475 248 3536 est
274 3471 364 3534 instet
392 3467 519 3552 anguli,
552 3481 619 3524 non
647 3471 778 3518 vocatur
798 3447 943 3532 anguine.
997 3439 1113 3520 Quum

76 3593 173 3660 negat
189 3575 322 3640 sunnonis
338 3566 599 3656 promuntorium
614 3560 744 3638 obliquo
761 3557 840 3636 ingo
855 3549 888 3608 in
903 3539 1114 3606 Occidentem

77 3697 245 3740 excurrere
266 3673 368 3758 posse,
407 3669 466 3732 nist
492 3668 545 3730 fiat
569 3663 719 3747 angulus,
751 3667 855 3736 aperte
883 3643 1048 3729 fignificat,
1084 3629 1114 3692 se

80 3779 246 3865 ignorare,
271 3777 347 3858 quid
365 3773 400 3834 stt
414 3771 580 3851 obliquum
594 3767 723 3848 iugum,
748 3755 802 3820 etst
818 3751 857 3812 de
880 3765 918 3809 eo
936 3747 998 3804 iam
1014 3735 1115 3824 egerit
1200 3759 1203 3772 ι

81 3891 115 3950 in
135 3877 421 3946 observationibus.
457 3871 569 3956 Quum
589 3867 666 3928 dicit
681 3881 738 3944 per
761 3859 873 3938 iugum
890 3842 1025 3926 intelligi
1047 3855 1116 3900 non

82 3984 168 4073 posse
195 3980 330 4045 Iunonia
358 3971 649 4060 promuntunum,-
673 3963 730 4024 ubi
753 3956 861 4021 nulius
889 3965 983 4010 mons
1004 3953 1037 4005 et
1060 3938 1116 3999 vix

82 4086 204 4154 modici
230 4093 400 4148 occurrunt
424 4075 536 4146 ennea,
577 4067 691 4158 gratiae
721 4051 827 4126 voffin
851 4052 993 4138 tegimen,
1027 4037 1116 4126 quod
