2788 4942
321 431 361 492 ⁶0
399 471 401 482 .
622 433 866 491 POMPONll
911 431 1072 488 MELAE

320 629 393 672 rum
416 609 471 673 16.
492 629 524 692 p.
549 621 615 686 173
634 605 675 688 iq.
704 619 737 669 et
757 619 833 668 nota
847 605 884 666 ad
901 603 1028 668 Cellarii
1046 606 1160 690 Geogr.
1176 617 1236 668 ant.
1255 603 1290 666 T.
1309 620 1333 668 t.

319 732 352 794 p.
378 725 455 791 159.
491 712 524 770 in
549 729 609 791 qua
631 709 718 770 idem
741 709 879 790 repetiit.
932 709 1087 768 Aumium
1115 709 1209 776 enim,
1236 705 1334 786 inquit,

321 813 431 874 crebro
447 811 584 874 discursu
605 811 833 872 amoenitatem
858 810 1028 893 regionum
1047 810 1202 878 adiuvari,
1225 809 1335 888 iiprae·

320 912 428 976 sertim
450 915 616 974 ecollium
640 912 793 974 arboretie
821 909 978 992 despicere
1002 913 1109 982 liceat,
1141 911 1225 972 vele
1245 921 1335 990 poeta·

319 1035 392 1076 rum
413 1029 445 1077 et
463 1014 684 1076 historicorum
708 1013 972 1095 descriptionibus
992 1013 1126 1081 constat.
1158 1011 1271 1074 etiamii
1290 1011 1334 1090 qui

318 1113 401 1176 forte
425 1131 488 1178 tam
513 1117 628 1199 stupidi
657 1117 731 1186 sint,
765 1129 801 1174 ut
828 1115 993 1177 oculorum
1021 1113 1147 1178 [uorum
1174 1113 1334 1174 testimonio

318 1219 400 1278 nihil
428 1218 582 1286 tribuant,
614 1239 673 1278 nec
695 1219 823 1299 proprio
849 1215 936 1278 seusu
958 1231 1166 1288 moveantur;
1201 1219 1234 1275 in
1258 1232 1335 1295 quam

319 1319 439 1380 caulam
462 1321 585 1404 adlegat
613 1321 733 1381 notun.
759 1321 795 1382 V.
819 1320 860 1382 H.
882 1335 913 1399 3,
939 1341 968 1381 t.
1000 1317 1150 1382 Curtium
1169 1331 1199 1396 5,
1222 1338 1249 1379 r.
1268 1323 1333 1394 etit.

318 1421 430 1505 l'irgil.
452 1421 553 1504 eclog.
579 1443 606 1491 r,
631 1434 677 1498 52
695 1419 756 1502 sqq.
784 1437 817 1482 et
845 1442 899 1492 to,
924 1433 983 1503 [με.
1022 1421 1121 1482 ovid.
1142 1416 1334 1497 llletaurorph.

323 1541 354 1592 2,
377 1535 462 1601 455.
498 1520 615 1583 Aulon.
641 1523 729 1601 idyll.
753 1543 806 1591 ro,
829 1521 949 1605 rssiqq.
992 1523 1038 1584 lta
1056 1541 1189 1582 amoena
1202 1511 1334 1610 fontibus

316 1623 377 1714 lde
399 1625 515 1685 dicitur
533 1623 571 1684 ab
587 1623 708 1686 Ovidio
727 1624 838 1686 Failor.
858 1637 892 1705 4,
920 1635 1002 1703 249.
1053 1623 1182 1684 Praeter
1197 1615 1334 1682 necesitu-

317 1737 384 1786 tem
408 1739 513 1790 tamen
538 1725 577 1786 iic
599 1727 762 1787 emendari
786 1727 903 1788 iudicat
927 1725 1070 1808 Kappiue
1094 1725 1129 1786 in
1150 1725 1252 1785 indice
1271 1719 1289 1783 l.
1307 1739 1332 1780 r.

317 1827 480 1898 immonis,
515 1829 632 1910 quippe
649 1849 728 1908 quae
747 1847 809 1890 vor
833 1829 865 1889 in
887 1829 1036 1890 hocloco
1058 1827 1212 1910 lignifrcet
1233 1826 1332 1902 iugens.

315 1929 362 1988 lta
386 1931 515 2009 quidem
538 1931 671 1991 durities
690 1931 901 2011 explicatione
922 1931 1083 1997 mollitur,
1119 1948 1223 2010 neque
1245 1940 1331 1986 tamen

315 2029 377 2108 ipsa
401 2051 433 2090 re
458 2031 589 2094 tollitur.
645 2033 684 2092 Vt
704 2033 791 2092 enirn
815 2046 952 2101 taceam,
985 2032 1136 2093 immanis
1158 2049 1223 2092 non
1241 2023 1332 2105 impli-

316 2131 394 2190 citer
419 2130 477 2192 elle
495 2133 625 2216 ingene,
656 2131 815 2214 sequeutia
835 2137 930 2196 etiam
952 2147 1058 2214 aperte
1079 2133 1251 2196 declarant,
1279 2141 1329 2207 quo

249 2305 252 2312 Ι
315 2229 403 2291 ieniu
427 2232 512 2292 lllela
534 2235 735 2300 intellexerit.
785 2235 910 2318 Nempe
926 2255 991 2316 quo
1009 2234 1124 2296 Cicero
1144 2235 1185 2296 de
1208 2230 1328 2313 provinc.

314 2331 434 2394 conlui.
459 2353 486 2396 c.
509 2351 563 2398 ια.
590 2337 764 2397 intellexitt
799 2337 877 2398 nihil
897 2337 958 2398 ttttr
978 2333 1166 2396 notionibus
1186 2325 1241 2422 effi
1261 2319 1329 2419 astte·

314 2437 388 2496 rr'ns.
443 2437 529 2496 Tum
547 2457 624 2498 vero
647 2439 852 2519 perintleeil,
874 2437 1209 2500 acsrllleladixillet:
1245 2428 1330 2494 Galil!

217 2537 223 2546 ’
315 2535 409 2600 laudet
429 2557 574 2598 amoenos
599 2553 630 2600 et
652 2539 803 2600 iuunoner
826 2539 920 2612 lucos,
947 2560 1026 2620 quae
1046 2539 1157 2600 minue
1175 2537 1252 2598 bene
1271 2549 1328 2592 con·

314 2637 428 2699 [entire
453 2640 604 2700 videntur
628 2655 660 2700 et
685 2641 864 2704 oll'eudnnt.
927 2643 1024 2724 Quod
1054 2642 1080 2703 l.
1108 2638 1283 2700 Gronovius
1302 2631 1328 2688 in

312 2743 400 2801 uotis
418 2739 541 2813 iussus
560 2743 611 2802 vel
631 2743 668 2802 ad
692 2743 831 2804 humana
849 2743 991 2806 sacrificia
1006 2739 1120 2812 refert,
1147 2742 1200 2802 vel
1217 2741 1252 2799 ad
1272 2735 1329 2793 hor·

311 2843 412 2902 ridam
436 2861 492 2926 per
509 2841 538 2903 le
555 2843 746 2912 vastitatem,
774 2847 812 2906 arl
830 2843 932 2925 ipium
954 2863 1138 2906 connexum
1160 2840 1238 2902 nihil
1252 2835 1328 2897 valet.

311 2945 467 3005 Amninm
486 2959 594 3006 autem
611 2947 642 3006 in
661 2946 760 3008 Gallia
782 2947 1022 3008 multitudinem
1041 2958 1074 3004 et
1093 2944 1261 3004 utilitatem
1279 2939 1328 2996 lau·

312 3047 482 3144 dat'etiam
509 3045 621 3108 Strabo
647 3047 701 3107 lib.
727 3058 761 3128 4.
786 3049 831 3110 in.
902 3046 978 3106 Non
1010 3047 1108 3130 igitur
1143 3039 1329 3126 spernendam

309 3163 421 3230 putem
454 3165 524 3208 eam
553 3148 739 3210 Sclrwartzii
768 3148 1045 3216 emendationem,
1088 3167 1183 3228 quam
1222 3139 1328 3225 egregie

311 3251 478 3310 coufirmat
516 3249 604 3310 locut
634 3251 846 3330 Saluiauijrle
879 3249 1109 3333 gubernatione
1146 3248 1205 3320 Dei
1228 3240 1277 3304 lib.
1301 3253 1327 3318 7·

309 3370 342 3434 p.
363 3369 407 3416 rn.
428 3361 509 3426 135.
531 3347 603 3432 (ed.
628 3347 756 3432 ι688.)
785 3353 839 3411 ubi
859 3351 992 3412 Galliam
1015 3345 1259 3414 Narbonensem,
1286 3359 1328 3420 pa·

310 3454 404 3514 triam
434 3449 537 3520 luam,
581 3452 801 3532 Pomponium
828 3451 910 3514 forte
943 3454 1102 3520 imitatur,
1145 3455 1327 3510 amoenorum

309 3550 400 3616 fuille
430 3553 686 3632 praedicationis
711 3567 743 3614 et
769 3555 924 3634 inriguam
947 3545 1113 3642 fontibus.
1166 3551 1271 3628 Neque
1293 3555 1327 3600 ta·

309 3675 402 3724 men,
430 3673 502 3714 cunr
522 3654 627 3735 aliquo
646 3655 743 3716 modo
766 3655 902 3716 excusari
922 3669 954 3717 et
970 3653 1099 3716 delendi
1117 3653 1221 3714 velex
1238 3645 1325 3706 lllelat

309 3756 398 3820 ienl'u
423 3769 455 3817 et
478 3757 597 3817 iudicio
622 3753 713 3836 poffit
736 3757 831 3818 lectio
857 3757 998 3840 vulgata.
1030 3775 1100 3818 eam
1124 3754 1231 3814 inuitis
1251 3744 1325 3808 illuit

309 3857 470 3926 omnibus,
498 3877 536 3917 ex
558 3857 673 3939 quibus
693 3872 815 3918 tantum
833 3859 960 3940 antiqua
977 3857 1123 3938 scriptura
1146 3855 1237 3916 lrabet
1256 3845 1325 3910 lleh·

309 3963 409 4046 diger.
433 3961 466 4020 in
489 3959 649 4034 tironibus,
683 3959 824 4022 deserere
851 3961 952 4022 volui.
1005 3961 1101 4021 Forte
1132 3977 1169 4017 eo
1190 3952 1322 4014 mollitur.

307 4064 395 4152 quod
412 4059 490 4123 lueis
512 4061 605 4133 dixit,
631 4079 697 4122 non
739 4061 823 4124 rtvr'r.
875 4063 978 4144 Atque
1001 4063 1034 4122 id
1056 4057 1195 4143 [pectaile
1213 4051 1322 4118 videtur
