2880 4940
391 393 478 454 tro.
508 397 561 453 ut.
604 395 711 454 c.1x.
753 397 833 466 lt·
1068 413 1131 476 aaa

92 569 183 634 tibur
199 611 209 644 ,
226 563 345 634 Melam
367 571 503 632 minime
525 589 600 632 oum
619 571 686 634 aliia
703 573 846 642 credere.
872 590 959 634 rnare
975 571 1135 634 exhauriri

92 687 129 736 et
144 675 285 734 exliccari
300 693 317 733 a
334 670 412 744 sole.
439 673 527 753 quod
549 673 628 734 adeo
645 674 880 734 nutrimentum
902 673 987 736 allria
1007 689 1133 738 veteres

93 776 265 858 putabant,
292 775 331 834 de
349 793 414 856 quo
431 773 621 837 Cleomedes
642 773 778 836 Mereor.
802 797 829 844 ι,
847 776 881 838 6.
920 769 1020 837 Postu
1034 778 1132 838 etiam

5 923 7 956 r
93 897 135 938 ex
154 877 261 938 codice
277 877 398 966 seuero
418 875 541 958 legere:
568 888 732 954 caperetur
751 887 835 935 terra
857 877 1029 948 circuitum,
1056 897 1133 958 quaa

92 977 261 1061 particulae
286 978 426 1038 invicem
456 978 488 1036 in
517 974 663 1058 scriptura
695 975 930 1060 Langobardica
956 999 973 1040 a
999 979 1134 1042 librariis

93 1077 220 1140 misceri
246 1079 355 1140 docuit
378 1075 619 1138 Drakenborch.
647 1079 683 1137 ad
710 1079 780 1139 Liv.
806 1091 837 1156 5.
863 1091 920 1156 og.
942 1092 975 1156 5.
1028 1082 1069 1141 dt
1090 1083 1134 1146 ita

91 1181 205 1262 potine
228 1181 261 1240 in
285 1180 495 1262 explicatione
513 1179 706 1240 defideretnr
723 1201 796 1262 que.
826 1181 913 1262 quod
934 1195 1040 1242 tamen
1063 1183 1135 1244 lou·

93 1283 168 1366 glut
189 1293 349 1342 remotum
368 1281 435 1340 srta
458 1281 611 1342 librorum
630 1279 787 1362 scriptura.
839 1281 953 1363 Neque
968 1283 1133 1346 necessaria

93 1383 224 1444 videtur
240 1380 401 1444 Goliellini
419 1383 613 1449 emendatio.
636 1403 695 1443 nec
713 1383 840 1442 admitti
855 1383 964 1466 potest,
991 1383 1010 1442 li
1029 1387 1135 1466 proxi·

93 1503 152 1546 me
179 1497 211 1546 et
236 1484 300 1544 stne
324 1485 452 1544 maioria
476 1483 686 1546 dilliuctionir
711 1483 799 1566 figno
828 1504 862 1546 ea
889 1485 985 1545 rerba
1010 1505 1134 1568 praece·

4 1651 5 1660 χ
92 1584 246 1647 dentibus
266 1585 421 1646 adnectat.
473 1585 591 1668 igitur,
619 1597 655 1645 ut
676 1599 758 1645 certa
781 1585 862 1647 ratio
884 1585 1020 1656 constet.
1046 1586 1134 1651 abso·

4 1757 6 1764 γ
91 1685 163 1748 lute
186 1685 288 1748 noller
305 1687 357 1746 ilia
379 1683 501 1768 posuit:
528 1677 742 1774 effetnerritra
758 1685 901 1768 pelagus,
923 1701 961 1748 ut
983 1685 1133 1751 subintel·

94 1787 267 1874 ligeretur,
293 1807 349 1847 nec
369 1809 426 1860 ηις
458 1787 544 1848 unde
567 1789 696 1848 mutatio
713 1787 819 1849 verbio
838 1789 971 1849 eandem
992 1789 1133 1871 disputa·

4 1885 5 1888 ’
94 1891 223 1951 tionem
244 1901 396 1950 retractat.
448 1890 619 1970 Sequentia
641 1909 680 1950 ex
698 1889 906 1970 obpolitionie
921 1889 992 1972 lege
1007 1891 1045 1952 ad
1067 1889 1135 1952 len·

94 1987 168 2052 sum
197 2007 268 2071 apte
298 1989 458 2052 conllituit
483 1985 620 2052 Volstue.
670 1991 752 2052 Sunt
777 2003 901 2062 tamen,
935 2010 1014 2072 quae
1037 2005 1069 2052 et
1093 1991 1133 2056 fic

94 2091 260 2154 offendere
280 2087 416 2172 polstnt;
451 2103 545 2162 terra,
571 2109 644 2150 cum
667 2089 809 2173 sequatur
830 2083 955 2180 Africa,
981 2094 1133 2174 adquam

4 2193 5 2200 ’
96 2192 177 2254 haee
193 2194 286 2254 unice
305 2191 460 2274 spectant,
490 2205 524 2253 et
546 2191 699 2280 exhausto
714 2188 835 2277 fluctu,
862 2197 947 2274 quod
972 2197 1009 2254 ad
1032 2197 1134 2277 poeti·

94 2313 167 2356 cam
195 2291 349 2365 sormam.
381 2313 440 2355 nec
470 2295 556 2354 illam
582 2293 763 2377 vulgarem,
800 2291 943 2378 adsurgat
973 2297 1134 2361 audacius.

3 2389 5 2484 .
94 2393 149 2459 Cf.
170 2395 209 2456 de
225 2397 258 2458 vi
272 2397 360 2457 vocis
376 2393 572 2457 Wernadorl.
590 2396 627 2455 ad
645 2411 753 2475 poetas
774 2399 913 2457 minoret
930 2399 968 2458 T.
988 2399 1020 2460 6.
1042 2399 1078 2459 Ρ.
1104 2419 1133 2463 ι.

3 2489 5 2508 ᾖ
95 2517 129 2580 p.
150 2499 234 2576 361.
285 2497 332 2558 Ita
356 2511 461 2557 tamen
480 2494 544 2557 fere
560 2497 687 2556 Tacitus
706 2499 745 2558 de
763 2495 930 2556 Germania
951 2517 977 2558 c.
1000 2517 1030 2560 1.
1053 2513 1134 2564 extr.

3 2607 4 2612 ’
97 2597 274 2678 Septimum
289 2595 438 2658 Danubii
454 2617 490 2658 os
506 2595 677 2677 paludibus
694 2599 852 2666 bonrum,
875 2597 929 2656 etit
949 2597 1053 2660 addita
1074 2601 1134 2660 mi·

96 2701 212 2786 rigant.
248 2699 399 2762 Ceterum
422 2713 496 2780 apto
519 2717 677 2758 connexu.
713 2697 873 2759 Gollellin.
891 2718 917 2760 c.
936 2699 955 2759 l.
979 2699 1135 2791 exhausto

89 2793 222 2892 fructu,
243 2801 264 2864 i.
277 2819 307 2862 e.
324 2799 449 2871 llerilia3
473 2802 550 2860 dure
567 2813 599 2860 et
616 2797 797 2860 insolenter.
825 2801 874 2860 An
891 2821 950 2858 exn
967 2813 1000 2860 to
1015 2813 1132 2873 tractu,

96 2903 183 2984 quod
200 2903 329 2984 propina
342 2901 460 2964 accedit
474 2901 511 2960 ad
528 2903 692 2960 codiceeet
705 2902 741 2960 ad
757 2897 876 2961 Africae
887 2901 1051 2964 indolem?
1079 2903 1136 2963 Ni·

96 3005 216 3066 mirum
233 3016 265 3064 et
280 3001 319 3064 lic
334 3003 386 3064 vel
402 3003 507 3063 verbis
520 2999 593 3092 fine
606 2999 676 3092 fine
691 3000 776 3062 causa
798 2999 964 3082 sensusque
983 3003 1135 3082 quaellio·

96 3106 149 3168 nia
166 3105 349 3188 percipitur.
382 3103 453 3164 Post
462 3101 531 3196 fine
552 3101 635 3164 deest
657 3104 690 3162 in
711 3103 762 3164 ed.
780 3113 813 3178 8.
837 3117 869 3163 et
884 3123 941 3184 pro
955 3097 993 3194 se
1007 3096 1134 3194 Africo,

96 3225 194 3288 quem
218 3204 364 3267 ordinem
387 3185 538 3286 praeeunt
558 3205 700 3273 codices,
732 3203 806 3262 libri
827 3205 905 3264 editi
924 3207 1000 3265 dant
1016 3197 1135 3295 Africa

90 3299 147 3401 se,
170 3307 257 3389 quod
273 3309 406 3368 retinuit
427 3307 522 3368 etiam
541 3325 579 3366 ex
596 3303 827 3366 recentioribus
843 3305 1049 3376 lleinuldius,
1073 3311 1135 3389 pri·

96 3427 172 3471 mur
193 3409 231 3468 ad
255 3409 380 3469 codicee
401 3407 654 3468 accommodavit
674 3408 712 3468 tt.
735 3405 918 3468 Gronovius
940 3409 971 3466 in
996 3409 1046 3468 erl.
1070 3421 1131 3487 44.

96 3509 155 3572 etli
172 3511 214 3570 ita
232 3510 328 3571 etiarn
347 3510 409 3570 iam
429 3509 506 3570 olim
522 3509 655 3568 Vinctus
671 3505 804 3588 posuilse
819 3507 955 3570 videtur.
990 3509 1076 3570 Tutu
1093 3529 1133 3572 ex

97 3609 255 3674 scribendi
277 3610 471 3692 compendio
490 3609 598 3671 Cibiu.
620 3607 778 3670 extendet.

175 3725 213 3773 et
230 3702 298 3802 si)
346 3712 437 3795 Prag.
464 3711 562 3772 Vatic.
587 3722 619 3790 3.
646 3709 753 3772 Havn.
774 3721 805 3769 et
816 3704 890 3798 fier
922 3709 1034 3791 reliqui
1056 3729 1133 3772 cum

96 3813 172 3878 edd.
197 3811 358 3874 veteribus
379 3825 409 3873 et
422 3807 468 3902 st.
513 3811 670 3873 Vedianua
685 3831 759 3871 cum
776 3807 836 3872 suia
854 3809 982 3892 expulso
999 3825 1029 3872 et
1044 3811 1134 3873 dedit

95 3935 204 3978 verum
240 3935 268 3983 t.
301 3915 352 3974 cul
374 3913 546 3976 adsentitur
566 3913 662 3974 etiam
684 3913 735 3974 ed.
752 3923 810 3990 29.
840 3911 1039 3972 Olivarianae
1058 3914 1133 3976 allae

95 4015 299 4080 recensionis.
349 4015 501 4078 Schottua
521 4011 617 4076 reciso
630 4009 666 4102 fl
687 4014 800 4074 maluit
819 4033 925 4074 venun
944 4027 994 4085 et,-
1018 4015 1133 4094 reliqui

95 4117 261 4184 servarunt
277 4137 385 4180 aarum
405 4129 436 4180 et
448 4113 495 4211 fl.
530 4133 737 4180 azactavcxrt.
786 4113 943 4176 Particula
955 4110 991 4208 fi
1015 4115 1137 4182 redun-¹
