2836 4940
383 475 472 534 mn
502 476 555 531 111.
605 477 639 534 c.
661 447 725 538 tn.
769 476 795 548 r.
819 489 848 534 s.
1077 487 1137 534 en

178 650 377 712 immanes
409 663 448 712 et
470 647 547 730 -)
597 647 681 732 Lipl.
720 649 826 714 Harn.
864 651 1014 712 immanes
1043 651 1139 712 etiam

100 741 267 844 serpentes.
303 753 375 814 Post
391 753 490 816 Vatic.
509 767 542 832 5.
563 749 653 834 Prag.
672 751 777 814 Harn.
795 763 832 812 ut
847 751 966 836 aliqui‚·
992 750 1086 814 Parii.
1105 770 1137 816 a.

100 855 276 934 etquidem
293 850 431 916 Voffiani
445 856 596 916 videntur
611 853 750 914 habuilie
767 873 838 914 cnm
857 855 928 916 edd.
946 849 1052 922 volni,
1074 863 1138 930 ipo.

4 967 5 974 ’
103 963 247 1036 [2142.
270 968 306 1016 nt
328 957 403 1037 qui,·
437 957 560 1036 reliqui.
585 961 672 1015 'etex
694 957 741 1022 iis.
765 973 844 1035 qnos
863 955 937 1017 Abs.
954 954 1139 1016 Gronoviua

4 1071 6 1080 ’
103 1053 268 1124 consuluit,
295 1055 430 1118 Mediol.
457 1058 542 1120 Gud.
567 1069 629 1116 tres
653 1054 799 1126 vulfrani,
829 1055 975 1118 Perizon.
994 1069 1025 1116 et
1043 1055 1138 1136 ipsius

101 1155 205 1238 aliqui
224 1171 270 1226 nt.
293 1177 366 1218 cum
383 1161 494 1220 ceteris
509 1157 723 1230 erlitionibus;
756 1171 879 1218 tantum
897 1169 1017 1218 mutata
1032 1155 1138 1218 distin·

100 1259 209 1319 ctione
221 1259 352 1320 Vinetue
370 1257 490 1340 posuit:
514 1259 676 1337 Serpentes
689 1259 804 1342 aliqui:
827 1271 857 1319 et
873 1273 908 1320 nt
925 1291 974 1306 -
998 1275 1138 1318 roecur-

3 1359 5 1388 ²
101 1377 179 1440 erra.
232 1359 324 1420 Nihil
346 1375 449 1423 muto.
500 1363 642 1422 Tantum
664 1380 800 1430 moneo,
833 1361 896 1443 legi
917 1359 1013 1420 etiam
1033 1357 1136 1442 polle:

3 1459 5 1492 ³
99 1461 263 1521 Immunes
288 1473 319 1522 et
343 1451 506 1552 serpentes
530 1463 608 1532 alit.
644 1473 681 1522 ut
708 1461 886 1542 elephantes
910 1450 1012 1550 morsu
1041 1473 1138 1542 atque

99 1559 223 1622 ambitu
245 1563 386 1640 eorporis
406 1561 587 1654 conjiciant.
624 1579 822 1625 rturrnnrs.
884 1562 994 1623 Forte:
1027 1563 1137 1622 inima-

2 1664 3 1670 '
98 1683 157 1724 nes
172 1664 268 1722 etlam
281 1653 443 1752 serpentes
464 1665 533 1734 alit,
560 1663 615 1746 qur'
635 1663 816 1740 elephantes
832 1653 936 1753 morsu
958 1675 1054 1744 atque
1071 1685 1137 1723 am·

97 1759 171 1822 bitu
191 1761 383 1854 sorsfieiaut,·
408 1765 461 1826 vel
477 1757 641 1857 serpentes
660 1765 730 1832 alit.
758 1777 794 1824 ot
809 1765 863 1847 qul
884 1763 1065 1843 elephantes
1086 1790 1137 1808 -·

96 1863 153 1927 sic
172 1863 227 1925 lib.
246 1883 312 1946 cap.
332 1881 366 1940 7.
389 1861 439 1953 [§.
458 1861 515 1954 5.]
542 1868 581 1928 de
600 1865 726 1946 Cypro:
762 1868 888 1947 lugens.
919 1877 956 1925 nt
977 1885 1059 1946 qnae
1080 1863 1137 1926 ali·

94 1965 230 2048 qnando
243 1987 354 2026 raonem
369 1987 465 2046 regna
481 1969 605 2046 reperit.
633 1985 847 2028 craecorttve.
890 1967 927 2026 ln
943 1965 1136 2046 quibusdam

1 2081 2 2085 ’
96 2065 267 2128 veteribus
284 2067 322 2127 lic
340 2065 489 2150 scriptum
504 2067 655 2130 invenio:
683 2069 737 2150 qui
751 2080 787 2129 ut
803 2067 994 2146 elephantos,
1022 2069 1053 2126 in
1070 2068 1138 2129 aliis

97 2180 139 2228 art
161 2165 261 2248 aliqui
283 2168 477 2247 elephantos.
529 2167 631 2231 Prisca
654 2167 801 2250 scripture
825 2166 926 2229 forsan
952 2167 1030 2229 haec
1057 2165 1136 2228 fnit:

98 2269 264 2330 Immnues
296 2279 328 2329 et
351 2261 527 2360 serpentes,
561 2283 598 2331 ut
624 2271 680 2352 qni
708 2269 890 2350 elephantos
917 2259 1020 2360 morsu
1043 2282 1139 2352 atque

16 2425 21 2440 ,
98 2366 228 2431 ambitu
248 2373 388 2448 corporis
411 2370 594 2464 conficiant.
647 2373 795 2432 Attamen
813 2391 878 2432 non
897 2371 1003 2440 video,
1031 2391 1138 2452 quern·

98 2471 216 2534 obrem
244 2471 451 2552 improbanda
483 2473 518 2533 fir
541 2473 634 2534 lectio
664 2473 809 2556 vulgata.
836 2469 949 2555 [quam
974 2485 1079 2532 tamen
1104 2473 1137 2532 in

99 2585 194 2632 textu
211 2569 425 2660 improbavit]
451 2575 558 2656 aliqui.
584 2595 679 2655 qnam
699 2575 846 2634 meliores
862 2571 984 2633 lornant
1001 2574 1136 2634 codices.

1 2721 2 2724 ι
100 2673 218 2754 Neque
238 2675 325 2732 enim
344 2694 458 2736 omnes
478 2675 580 2736 lndici
604 2673 761 2755 lespentes
779 2672 854 2734 vasti
875 2675 954 2734 adeo
973 2687 1006 2733 et
1027 2675 1137 2734 imma·

98 2794 161 2836 nee
187 2772 266 2833 lunt.
301 2795 446 2837 voesrve.
509 2777 653 2838 Priorem
687 2775 847 2837 Ciacconii
877 2775 1137 2834 emendationem

99 2875 305 2956 amplectitur
320 2878 415 2937 etiam
432 2871 593 2939 Schottus.
634 2879 677 2937 At
690 2877 816 2960 vulgata
834 2875 913 2935 bene
932 2876 1044 2943 habet.
1073 2874 1137 2934 len·

1 2998 2 3006 ¹
98 2975 234 3056 sumque
266 2979 394 3056 praebet
426 2977 495 3038 latis
530 2979 748 3038 commodum.
800 2979 837 3036 ln
861 2977 934 3037 loco
956 2977 995 3036 de
1017 2977 1136 3056 Cypro.

1 3100 2 3105 ¹
98 3097 198 3160 quem
215 3091 304 3137 notat
319 3079 516 3152 ciacconius,
542 3079 585 3141 est
600 3078 765 3162 explicatio
783 3079 882 3140 totius
897 3076 960 3140 srne
977 3079 1137 3162 exceptio·

95 3199 142 3241 ne
164 3179 271 3260 partie.

180 3379 455 3464 elephantos)
505 3385 543 3445 ln
564 3383 788 3446 terminatione
805 3383 996 3444 fluctuantur
1012 3383 1138 3444 codices

101 3497 138 3546 et
155 3484 323 3546 editiones.
364 3479 501 3544 Voffiani
520 3489 596 3554 dno,
621 3484 765 3548 Leidenl.
783 3485 921 3568 Rehtlig.
939 3482 1034 3546 Parii.
1058 3505 1085 3544 r.
1103 3497 1136 3558 5.

100 3584 263 3654 Vaticani.
296 3585 435 3647 Vindob.
460 3587 566 3649 Hera.
587 3587 699 3648 Vener.
723 3587 813 3670 Prag.
838 3587 909 3646 edd.
938 3605 964 3648 ι.
992 3603 1022 3646 a.
1047 3597 1079 3661 3.
1101 3595 1136 3663 4.

103 3699 140 3763 5.
160 3683 192 3747 6.
214 3699 246 3758 7.
265 3697 298 3762 8.
322 3689 521 3768 omninoque
544 3707 656 3749 omnes
678 3709 750 3748 cum
769 3687 986 3750 lieinoldianis
1005 3685 1041 3744 ad
1059 3685 1137 3746 Gro-

102 3787 221 3848 novios
238 3787 426 3866 elephantes.
478 3789 585 3852 Cibin.
603 3789 778 3850 Mediolan.
798 3789 881 3849 Gud.
909 3800 969 3848 tres
988 3781 1136 3856 Voll'rani.

101 3887 252 3950 Perizon.
277 3887 359 3970 Lipl.
383 3891 420 3952 Λ.
439 3889 581 3952 Gronov.
607 3889 702 3952 Paris.
725 3909 753 3952 a.
775 3909 848 3952 cnm
870 3887 943 3950 edrl.
962 3887 1137 3949 Gronovia·

103 3991 155 4051 nis
183 4003 215 4050 et
237 3991 411 4070 Kappianis
433 3991 629 4070 elephantos,
663 3992 749 4073 quod
774 3992 884 4059 etiem,
912 4001 948 4048 nt
972 3988 1055 4049 Mela
1081 3987 1136 4048 srbi

103 4089 233 4159 constet,
256 4090 454 4171 probandum
472 4093 609 4153 videtur.
649 4093 795 4154 Vlitatam
813 4105 917 4152 tamen
939 4089 998 4150 elle
1022 4091 1137 4150 utrius·

102 4211 163 4274 que
187 4193 421 4255 terminationis
442 4194 730 4258 commutationem
752 4195 870 4256 docent
893 4191 991 4256 Corte
1010 4192 1049 4253 ad
1072 4191 1136 4254 Sal·
