2836 4940
372 481 463 540 tin
495 479 546 534 ur.
590 449 694 537 c'vi.
735 480 761 562 e.
783 497 812 555 9.
1049 489 1111 548 ior

74 653 212 716 occirlat.
249 654 335 715 Hinc
353 671 431 715 vero
449 651 589 722 discitur,
611 653 776 736 quomodo
792 653 983 738 intellexerit
999 655 1111 716 verba:

73 757 169 830 louge
193 748 380 846 occasurus.
417 755 450 814 in
477 755 593 836 quibui
624 757 807 816 continetur
841 754 928 818 ceula
963 755 1113 818 brevium

74 859 234 918 noctium.
294 853 420 918 lurerle
443 860 532 917 enim
560 854 661 918 forma
685 857 799 918 eodem
822 853 910 918 lensii
931 855 990 927 ell,
1023 859 1111 940 quod

75 959 175 1041 louge
194 957 385 1039 polluctum
407 959 534 1020 occidit.
587 957 724 1038 Nempe,
750 957 861 1018 sicuni
882 957 969 1020 libris
986 963 1112 1020 omitta-

77 1071 134 1118 tur
150 1081 212 1118 nuu
232 1059 284 1118 vel
305 1057 408 1128 haud,
434 1059 529 1142 longe
545 1077 612 1120 non
627 1059 666 1118 de
683 1059 755 1128 loci,
779 1057 829 1119 led
845 1063 998 1142 temporie
1016 1059 1111 1143 spatio
1143 1083 1149 1092 ·

77 1161 217 1242 intelligi
238 1159 351 1228 debet.
377 1161 463 1220 uncle
478 1158 580 1222 lenlue
596 1159 730 1222 eflicitur
746 1161 937 1222 couimorlue
958 1177 1111 1242 aptusque

76 1260 150 1330 hic.
184 1259 282 1321 lolem
304 1261 404 1344 lougu
426 1261 558 1322 demum
578 1275 721 1343 ternpore
742 1259 810 1342 pou
830 1275 936 1322 orturri
958 1265 1110 1334 occidere.

77 1373 173 1442 atque
199 1361 276 1421 liinc
298 1361 411 1424 breree
436 1375 544 1424 noctee
569 1359 702 1424 efficere.
754 1363 807 1422 Sic
833 1363 916 1444 apud
943 1363 1111 1445 Virgilium

79 1465 161 1524 Aen.
184 1483 236 1531 io.
255 1476 337 1541 317.
366 1465 494 1524 Servius
515 1485 570 1523 nec
585 1463 675 1543 louge
693 1463 825 1544 explicat
846 1485 901 1524 uec
916 1465 1014 1524 urulto
1028 1463 1110 1556 ptfi.

80 1577 117 1622 ut
133 1563 321 1624 adverbium
336 1563 397 1625 loci
418 1583 476 1645 pro
492 1565 645 1644 temporie
660 1565 811 1625 adverbio
828 1565 964 1648 positum
984 1565 1018 1624 sit
1033 1569 1112 1626 euti·

79 1685 153 1746 que.
193 1665 304 1744 Longe
326 1656 449 1754 recusat
470 1666 504 1725 in
530 1665 662 1748 Virgilio
686 1667 765 1727 lieri.
792 1677 823 1742 5.
847 1667 932 1744 406.
954 1665 975 1728 i.
994 1685 1022 1728 e.
1044 1669 1110 1738 diu,

80 1767 166 1846 qnod
195 1767 271 1828 inde
293 1767 422 1828 Serviue
451 1767 673 1848 interpretatur
702 1767 803 1828 valde.
864 1769 916 1830 Sic
937 1765 1055 1828 dudum
1079 1781 1112 1830 et

78 1861 250 1956 lougi'ffiine
270 1865 326 1926 fibi
346 1865 538 1948 respondent
553 1871 587 1928 in
602 1867 706 1928 Plauti
721 1867 831 1930 Sticho
848 1876 881 1948 4.
903 1887 931 1938 t,
951 1883 1007 1944 23.
1048 1871 1112 1931 Sed

78 1969 167 2049 plura
184 1969 224 2028 ile
239 1967 301 2028 hoc
317 1965 373 2027 ulu
388 1969 563 2050 disputavit
577 1969 779 2029 Burmannue
794 1975 831 2028 ad
846 1969 965 2031 Lucan.
977 1987 1009 2048 9.
1027 1987 1073 2049 92
1085 1993 1112 2034 ι.

79 2069 136 2128 ubi
158 2067 247 2147 louge
266 2059 425 2159 irascentis
445 2089 563 2130 cornua
580 2071 664 2130 cervi
687 2089 760 2130 cum
778 2071 845 2130 aliie
863 2069 1113 2153 Oudeiulorpiue

80 2171 121 2230 cle
148 2170 220 2229 loco
246 2169 427 2250 accipiebat.
487 2167 644 2250 Hispauue
677 2172 847 2252 interpret,
887 2171 1046 2232 Gonzaleit
1073 2175 1113 2234 cle

79 2271 166 2332 Sales
191 2270 229 2329 arl
252 2271 392 2344 eiinrleni
412 2267 476 2330 lere
494 2269 634 2331 lenium:
668 2293 751 2351 pora
775 2263 905 2361 porterse
926 2275 990 2332 ruui'
1011 2273 1112 2336 tarde.

82 2371 195 2451 Neque
218 2383 322 2431 taineii
344 2371 498 2440 reluctor,
535 2371 644 2452 liquit
667 2368 705 2434 eir
726 2373 874 2432 ulitatiori
890 2373 1114 2456 significatione

82 2472 279 2534 intellectum
296 2471 408 2534 inlecta
432 2473 579 2552 particula
597 2493 659 2532 unii
681 2475 848 2536 adiuverit.
888 2475 1056 2535 loriiarulee
1075 2479 1114 2536 ilc

81 2574 177 2634 rebiie
202 2573 274 2634 Get.
295 2593 362 2655 cup.
382 2587 414 2652 5.
437 2593 504 2634 rem
522 2575 564 2634 itii
582 2574 767 2635 declaravit:
799 2577 873 2656 quio
893 2574 1115 2652 prolixioribus
1242 2589 1243 2592 ’

83 2673 192 2734 di'elius
207 2665 309 2762 sulem
329 2673 374 2734 acl
394 2675 542 2736 orientem
566 2695 624 2756 per
649 2677 721 2736 aitis
746 2678 915 2756 marginem
939 2675 1047 2736 vident
1070 2699 1113 2738 re·

80 2777 236 2838 cleritatem.

157 2975 318 3058 aliubi)
368 2979 465 3042 Vetic.
487 2991 520 3056 3.
549 2979 639 3063 Prag.
673 2977 755 3061 Lipl.
788 2976 957 3062 lleluliger.
983 2977 1116 3050 alicubi,⁸

83 3081 138 3142 alii
157 3077 270 3146 aliubi,
299 3081 463 3140 Vaticaiiue
485 3099 513 3140 i.
538 3077 618 3142 forte
636 3101 710 3141 cum
729 3081 837 3140 chet.
855 3093 886 3140 et
909 3079 1012 3140 llavn.
1031 3079 1115 3150 ulilu',

83 3183 132 3242 uti
151 3179 268 3240 liabent
284 3199 397 3241 omnes
414 3182 571 3242 editionee
590 3182 627 3242 etl
646 3177 802 3249 Velitum,
828 3181 882 3260 qui
897 3185 1063 3242 revocavit
1077 3203 1116 3243 ex

85 3281 250 3344 codicibus
270 3279 383 3352 aliubi,
409 3281 484 3342 intle
504 3285 542 3342 ad
562 3283 700 3362 reliquoe
720 3283 877 3354 manavit;
904 3296 1026 3342 tantuni
1044 3285 1117 3344 llei-

84 3383 235 3444 tioldiana
256 3401 307 3443 au.
329 3397 394 3456 i77
401 3395 433 3459 5.
450 3393 484 3464 4.
503 3381 627 3445 alicubi.
678 3383 796 3444 Eadem
817 3383 928 3442 liaruni
954 3385 1117 3464 particuli·

83 3503 157 3544 rum
173 3485 381 3544 coiiiiniitatio
398 3499 437 3544 ut
451 3483 493 3544 est
508 3481 615 3552 facitu,
641 3483 683 3544 ite
698 3485 793 3544 etiarn
811 3503 877 3544 non
895 3482 1028 3544 insolita.
1064 3487 1117 3544 uic

85 3586 119 3644 in
137 3584 281 3644 Petronii
297 3587 397 3664 Satyr.
414 3603 480 3665 cap.
496 3595 556 3662 45.
572 3604 618 3665 pr.
642 3605 680 3645 ex
700 3585 786 3646 librie
805 3599 947 3653 notetur.
974 3583 1031 3644 ubi
1053 3583 1116 3644 iuni

86 3685 268 3748 Schellerue
285 3687 429 3747 uoluerat
447 3683 560 3755 alictii,
588 3687 676 3767 quod
695 3686 895 3746 Burmannue
911 3685 1021 3745 edidit.
1063 3683 1115 3748 Cl.

86 3788 183 3848 etiam
205 3783 292 3866 lupia
309 3787 347 3846 ad
368 3807 396 3856 i.
421 3803 474 3866 i9,
497 3800 549 3862 13.
572 3799 604 3848 et
622 3803 652 3855 o,
670 3797 704 3864 4,
726 3801 758 3848 Ω.
813 3787 901 3846 ltleiu
922 3799 954 3846 et
969 3785 1021 3846 liic
1040 3805 1116 3848 cuin

87 3889 246 3969 plerisque
262 3889 424 3948 codicibur
440 3873 678 3968 praeferendum
698 3901 789 3968 puto.
823 3885 896 3947 Poll
916 3903 974 3966 pro
995 3886 1117 3946 lucidae

89 3989 262 4070 llehdiger.
283 3988 367 4060 luce,·
400 3990 499 4050 Vatic.
514 4003 548 4066 3.
571 3989 647 4072 quio
666 4009 723 4068 per
743 3987 776 4049 r'cl
797 3999 937 4063 teuipus3
968 3985 1062 4048 Parii.
1087 4007 1117 4052 i.

92 4103 211 4168 tempm
234 4087 306 4148 iude
316 4079 374 4178 se,·
400 4089 622 4151 Homericum
638 4091 788 4158 eveherisr
813 4087 920 4150 Cibin.
946 4088 979 4148 i'u
994 4079 1033 4178 se
1052 4109 1115 4148 unu

89 4205 250 4262 centetum
281 4189 364 4254 Gud.
383 4211 446 4252 uou
467 4202 654 4262 ceriiouturi
685 4189 776 4276 Prag.
794 4211 849 4252 uec
868 4189 1024 4260 coruum,-
1049 4187 1116 4270 post
