2810 4944
365 419 453 474 Lm.
483 419 519 472 u.
563 417 595 475 c.
618 421 654 478 v.
696 417 721 488 t.
745 427 775 488 a.
1029 425 1091 496 409

83 589 210 650 Eliberim
236 591 309 653 itur.
360 591 428 652 Alia
448 591 490 654 est
513 589 649 652 turberis
671 591 704 652 in
721 589 819 652 Gasiia
837 609 878 652 en
895 590 924 652 el
944 591 1090 654 condedo

84 693 112 748 de
125 693 284 760 iiuiil'elon,
308 695 397 754 cuiue
416 695 543 752 nulium
564 713 651 754 nuuc
666 693 760 754 exstat
782 693 962 775 vestigium.
998 697 1092 756 inve·

84 893 195 956 butum.
232 915 444 958 croccoutve.
506 897 591 956 Haec
613 917 694 976 pene
718 897 755 956 ad
779 896 913 956 verbum
937 895 1094 978 descripsit

84 995 197 1066 Plinius,
227 993 284 1084 [5,
303 1013 336 1074 5.
358 997 377 1060 s.
397 993 452 1085 ep]
479 999 625 1079 quemvia
644 999 676 1056 in
695 997 791 1058 huiue
811 999 948 1060 auctoris
965 998 1093 1061 vetuiiie

84 1099 217 1162 codicibue
239 1120 307 1160 non
333 1097 474 1170 Iliberri,
508 1097 556 1160 sed
576 1091 735 1189 Elisabere
751 1097 897 1181 scriptum
918 1101 1093 1172 inveniam,

83 1219 156 1278 qvam
178 1201 229 1260 hic
252 1201 354 1262 notter
375 1200 548 1262 Auscorum
570 1199 643 1261 sacit
660 1200 783 1262 urbem.
837 1201 956 1262 Verum
978 1203 1018 1262 de
1040 1201 1094 1264 itta

83 1299 191 1362 inseriue
213 1297 270 1388 [ad
291 1317 322 1382 3,
340 1318 372 1373 2,
388 1295 445 1388 4.]
471 1321 618 1386 egemue;
643 1301 686 1364 esi
701 1303 788 1362 enim
808 1303 877 1364 alia.
915 1303 999 1362 Haec
1016 1321 1094 1366 vero

83 1402 114 1460 est
128 1405 159 1462 ad
174 1425 258 1464 mare
279 1405 350 1474 fita,
383 1425 499 1486 nempe
524 1405 589 1474 isia,
616 1423 695 1484 quae
718 1405 816 1486 vulgo
836 1401 975 1472 Cottbre.
1003 1424 1094 1466 roca·

82 1499 141 1562 boio
166 1519 314 1588 corrupto
345 1527 384 1568 ex
411 1507 534 1567 colonia
563 1505 683 1574 Hiberi,
723 1505 905 1586 appellatur.
952 1525 1093 1568 vocure.

81 1603 153 1666 serie
166 1607 224 1668 hoc
240 1627 374 1676 nomeu,
401 1621 437 1668 ut
454 1607 516 1674 hic,
543 1609 574 1668 in
599 1607 779 1668 auctoribue
802 1621 892 1666 antea
913 1609 1096 1670 memoratie

83 1701 195 1766 scribunt
212 1723 244 1770 et
267 1711 391 1770 codicee
411 1723 443 1770 et
459 1710 632 1778 editiones,
658 1709 744 1790 quod
764 1709 906 1768 virorum
925 1709 1095 1770 doctorum

81 1821 154 1867 notae
173 1813 302 1872 docent.
361 1811 453 1892 Apud
481 1811 552 1874 Lir.
580 1831 606 1872 c.
631 1811 652 1872 l.
674 1811 816 1891 plerique
835 1809 942 1872 ttssu
967 1809 1096 1872 consen·

82 1908 148 1968 tiunt
171 1913 202 1970 in
230 1909 368 1984 lutheri,
406 1913 453 1971 uti
481 1925 513 1972 et
539 1911 628 1973 dedit
658 1909 950 1972 Drakenborcbiue.
1004 1913 1095 1973 ldem

82 2013 145 2087 apud
166 2011 249 2076 Plio.
270 2033 299 2076 c.
324 2013 345 2074 1.
394 2015 441 2074 De
471 2013 627 2076 Strabone
657 2015 793 2075 dictum.
836 2013 989 2091 Polybiue
1012 2013 1095 2094 apud

83 2113 259 2174 Athenaeum
285 2127 317 2190 8,
346 2131 376 2178 2.
398 2115 441 2175 in.
464 2137 495 2196 p.
512 2129 596 2194 832.
616 2111 800 2200 Ὶλέβερνις,
833 2133 969 2197 proquo
985 2113 1095 2176 Casau·

83 2209 165 2276 bonua
195 2216 334 2280 malebat
359 2237 397 2276 ex
422 2217 593 2286 Strabone,
631 2215 686 2276 etit
713 2235 800 2276 nunc
826 2217 957 2296 quidem
984 2235 1096 2297 parum

82 2324 150 2386 tuto,
181 2309 372 2402 Ἰλὺβιῤῥις,
405 2315 696 2400 Schweighaeuser.
731 2312 912 2404 Ἰλίβυρῤις.
965 2317 1001 2376 lu
1032 2317 1095 2380 tab.

81 2413 244 2500 Peutinger.
270 2437 299 2480 t.
320 2419 357 2480 Ε.
375 2417 523 2480 Illiberre.
560 2415 725 2499 Hispaniae
746 2432 853 2478 contra
871 2417 981 2478 civitate
998 2417 1039 2480 ib.
1058 2423 1095 2480 tt.

82 2514 206 2588 ethere,
231 2539 311 2600 quae
333 2537 363 2588 a,
386 2531 420 2598 4.
441 2519 625 2582 Ptolemaeo
647 2519 764 2580 dicitur
783 2513 963 2604 Ὶλλιβερὶς,
987 2519 1096 2580 Plinio

83 2627 106 2690 3.
125 2633 152 2694 3.
176 2619 197 2682 s.
222 2641 253 2684 1.
283 2617 399 2682 iliberi.
452 2621 614 2704 Quidquid
640 2619 699 2690 cst,
732 2633 815 2683 certe
840 2619 915 2680 urbe
939 2619 1040 2682 uossra
1063 2621 1097 2680 in

81 2721 216 2801 principio
239 2722 278 2782 ab
301 2721 451 2784 omnibus
470 2743 525 2803 per
548 2725 572 2784 1.
596 2721 753 2792 scribitur,
780 2721 868 2802 qnod
890 2741 962 2780 cum
984 2719 1097 2782 diserte

82 2835 206 2884 notatum
225 2825 300 2884 ellet
317 2843 356 2884 ex
372 2823 496 2884 duobue
514 2821 743 2893 Parisrenfibue,
768 2825 883 2903 aliique
899 2823 932 2882 in
954 2823 1014 2883 fine
1032 2821 1097 2882 vel·

82 2917 133 2980 ient
151 2925 177 2992 i,
211 2927 352 3006 recipere
379 2925 558 3004 Melomque
588 2925 657 2986 aiiia
686 2945 818 3006 aequare
848 2941 915 2982 non
941 2923 1098 2986 dubitavi.

83 3021 129 3080 Sed
143 3039 172 3084 et
187 3025 356 3106 Hispaniae
371 3025 480 3086 civitae
496 3023 646 3086 sisiberrt's
668 3027 783 3088 rectius
804 3023 964 3092 scribitur,
989 3027 1035 3084 uti
1060 3043 1098 3084 ex
1149 3079 1153 3086 .

82 3119 218 3202 lapidibus
250 3127 398 3208 probavit
428 3127 563 3188 Pedraza
588 3127 620 3186 in
646 3125 836 3206 antiqnedad
863 3145 882 3204 y
907 3126 1100 3186 excelenciaa
1202 3149 1207 3162 ·

83 3221 113 3283 de
128 3225 263 3288 Granaria
287 3243 319 3296 Ω,
336 3243 368 3300 7.
391 3249 422 3309 p.
442 3241 497 3312 35.
525 3241 557 3288 et
573 3226 630 3288 ubi
646 3229 686 3288 de
703 3225 961 3308 corruptionibus
983 3243 1015 3294 a.
1043 3237 1098 3306 14.

83 3341 106 3402 P·
121 3337 174 3404 48.
199 3329 253 3390 etsr
270 3330 443 3389 concilium
463 3326 693 3390 Eliberr'tanum
709 3331 804 3390 etiam
821 3343 1100 3397 commemoratur,

76 3417 106 3481 'et
123 3429 151 3486 in
176 3429 338 3492 Chronico
362 3429 436 3492 saec.
458 3451 511 3492 ιο.
533 3431 615 3512 apud
644 3429 754 3492 Florez
774 3431 805 3488 in
827 3425 946 3510 Espdna
968 3429 1102 3512 Sagrada

83 3525 114 3587 T.
127 3541 157 3606 4.
180 3553 210 3612 p.
232 3533 314 3606 256.
336 3529 465 3596 Hiberi.
500 3533 563 3594 Sed
582 3531 658 3593 haec
678 3531 858 3612 posterioris
872 3533 992 3594 aetatia.
1029 3527 1102 3592 Pott

84 3625 151 3690 urbis
172 3633 255 3694 deest
276 3635 308 3692 iu
331 3633 422 3716 Prag.

145 3783 369 3866 Pyrenaei)
419 3783 591 3868 Rehdiger.
623 3785 765 3866 pyrenei;
803 3783 943 3848 Vindob.
971 3785 1102 3866 pererras.

86 3879 133 3943 Ed.
152 3905 179 3948 t.
200 3888 322 3968 pretret',
350 3899 423 3947 nota
446 3889 661 3968 corruptione.

147 4039 294 4101 Portus
315 4067 364 4084 -
374 4037 392 4120 )
443 4037 557 4100 Zaiusc.
578 4037 696 4098 Portus
712 4040 745 4098 in
759 4035 838 4130 firm
856 4027 963 4128 Soss0;
990 4039 1102 4100 Venet.

87 4143 283 4210 prornorrtorio
315 4141 403 4204 sorus
440 4141 580 4212 (inissem
627 4140 803 4226 liehrsiger.
838 4141 986 4202 cornaria
1018 4139 1103 4200 Iocus
