2810 4944
371 431 457 491 tm.
487 435 526 492 n.
570 431 603 492 c.
624 433 675 492 tn.
717 429 795 502 ta·
1039 432 1103 502 itt

66 603 267 668 committere
295 625 446 670 errorem.
507 603 691 668 Salaminio
723 603 777 665 vel
810 597 964 664 Salobina
1003 601 1102 662 etiam

64 703 161 765 hodie
180 726 302 768 nomen
321 706 430 770 servat.
467 709 603 770 Vocatur
618 709 706 768 enim
724 701 928 766 Salobrennn.
963 701 1101 786 Geogra·

62 805 126 885 pho
146 806 322 868 Nubienii:
350 807 533 872 Solohnnin.
585 811 623 870 ln
647 807 783 868 concilio
808 805 969 867 illiberino
990 821 1103 884 perpe·

65 925 128 966 rant
145 923 281 968 vocatur
297 909 446 972 Silonnns
461 911 500 970 de
518 907 711 990 Sagnlbina3
743 907 950 988 nequeenim
974 903 1099 974 dubito,

64 1009 138 1087 quin
155 1007 312 1069 Sainbt'no
334 1009 482 1092 scriptum
499 1013 584 1093 priua
598 1009 694 1072 fuerit
715 1042 765 1056 —
792 1003 864 1094 [Cf.
882 999 994 1092 inim]
1023 1025 1100 1066 voe·

66 1127 143 1170 ems.
199 1112 245 1170 lta
261 1113 402 1192 quidem.
424 1113 568 1174 iocorum
587 1111 707 1190 seriem,
729 1111 854 1191 qualem
870 1109 1004 1174 Plinius,
1025 1107 1100 1168 Pto·

63 1209 204 1272 lemaene
222 1213 275 1272 hic
294 1227 399 1290 temen
416 1217 511 1274 etiam
533 1213 674 1296 paullum
691 1214 880 1292 discrepans,
906 1223 1099 1278 mennnont,

65 1311 218 1372 adstruere
240 1327 372 1376 conotus
394 1315 436 1376 eii
459 1311 600 1384 i'offine,
635 1329 668 1374 et
694 1311 805 1374 misere
836 1309 979 1394 profecto
1003 1301 1119 1372 utbee'

64 1411 114 1472 hic
137 1415 284 1476 disiectae
305 1414 381 1484 eise,
415 1417 522 1500 negari
546 1435 612 1476 non
637 1413 754 1496 potest,
787 1427 819 1474 et
844 1415 954 1474 acriter
975 1411 1100 1492 questu!

64 1513 106 1574 est
131 1516 230 1576 etiam
264 1517 374 1578 Carter
398 1519 432 1577 in
461 1515 552 1578 lteiie
579 1535 646 1576 von
681 1515 837 1576 Gibraltar
862 1513 943 1574 nach
979 1512 1099 1596 Mninga

63 1634 94 1695 p.
122 1631 204 1686 127.
260 1619 301 1678 At
316 1619 553 1690 reluctantibue,
579 1629 663 1680 certe
686 1617 766 1678 nihii
783 1615 942 1678 eiusmodi
963 1615 1099 1674 innuen·

63 1717 148 1777 tibus
168 1717 273 1787 libris,
308 1721 442 1780 mutatio
467 1721 593 1780 admitti
620 1721 749 1799 nequit,
784 1715 841 1778 nisi
865 1735 945 1800 vago
968 1715 1098 1776 arbitrio

46 1837 154 1900 *ogere
176 1820 325 1882 velimus.
385 1823 422 1882 ln
443 1823 481 1884 iis
504 1837 620 1890 autem.
648 1840 726 1901 qnae
748 1819 855 1880 fenint
872 1817 931 1886 vel,
958 1831 1041 1877 recte
1064 1817 1098 1876 in

63 1919 136 1980 Snei
157 1923 295 1992 transiit,
321 1941 394 1983 cum
410 1915 449 1986 τὸ
472 1944 488 1983 s
507 1921 685 1984 adhaeiiffet
707 1919 908 2004 praecedenti
928 1918 1096 1980 vocabulo.

62 2021 108 2080 lta
139 2041 258 2103 nempe
279 2023 333 2084 hio
359 2037 612 2086 commemorant
641 2017 753 2086 Σοῦελ
778 2021 979 2082 Ptolemaeus
1006 2034 1037 2088 o,
1062 2029 1098 2098 4.

63 2121 136 2182 Suel
169 2124 293 2186 Plinius
318 2137 350 2201 3,
377 2139 409 2204 3.
437 2123 457 2188 1.
487 2143 517 2190 1.
562 2125 770 2208 Geographus
802 2123 950 2184 Ravenn.
975 2131 1010 2200 4,
1037 2131 1099 2198 42.

63 2223 152 2284 Sivel
172 2227 326 2286 Antonini
352 2227 455 2290 itiner.
475 2248 507 2308 p.
523 2247 567 2288 m.
584 2229 670 2308 noo.
722 2227 782 2288 Sed
808 2225 947 2306 priorem
972 2221 1099 2304 scriptu·

62 2344 126 2384 ram
149 2325 222 2385 Snel
243 2329 408 2388 confirmat
432 2329 527 2390 etiam
552 2329 629 2410 lapis
653 2327 698 2387 ibi
718 2339 870 2408 repertus.
897 2325 929 2384 in
952 2343 1015 2404 qno
1034 2343 1099 2382 mtt-

63 2427 216 2503 nt'cipt'nnt
240 2427 431 2488 Suelitannm
460 2431 585 2514 iegitur.
639 2429 710 2490 Vid.
740 2429 867 2490 tiitirete
898 2429 978 2510 orig.
1004 2425 1098 2508 Ling.

64 2527 229 2590 castellan.
252 2549 280 2599 t,
302 2545 333 2590 2.
359 2545 391 2590 et
408 2532 544 2592 lieinefii
565 2528 670 2594 inicit.
691 2551 722 2612 p.
744 2543 824 2608 131.
861 2529 995 2588 Alterine
1011 2525 1098 2588 nebia

63 2649 196 2697 nomen.
223 2630 387 2693 ficodiceo
410 2635 534 2702 audiaa,
565 2633 621 2694 Ex
643 2633 753 2713 ntique
773 2627 1014 2713 praeferendum
1036 2625 1097 2688 effe

64 2749 135 2790 cnm
169 2733 400 2794 tecentioribns
428 2735 572 2804 videtur,
610 2735 663 2796 etti
698 2731 830 2794 dubiam
866 2727 984 2791 faciunt
1016 2727 1098 2787 hanc

64 2829 247 2913 scripturam
264 2849 417 2898 auctores.
472 2835 555 2896 Nam
571 2835 771 2896 Ptolemaeus
788 2849 819 2902 α.
840 2843 875 2910 4.
900 2831 994 2892 habet
1015 2815 1097 2900 Σὲξ,

64 2933 190 2995 Plinius
218 2947 249 3012 5,
274 2949 305 3012 3.
331 2935 351 2996 1.
375 2956 404 2998 t.
430 2937 533 3006 Sexti,
562 2937 625 2999 five
650 2937 743 3004 Sexi,
777 2949 812 2996 nt
834 2935 957 2994 codices
979 2931 1096 2992 rectine

64 3037 202 3102 voinnt.
232 3051 364 3098 notante
381 3039 476 3098 etiem
496 3039 598 3100 Suaita
622 3039 660 3098 ad
685 3037 841 3100 Antonini
866 3035 972 3096 itiner.
996 3053 1026 3114 p.
1050 3051 1094 3090 ιιι.

63 3145 151 3214 404.
178 3149 211 3198 et
228 3137 350 3198 Plinius
365 3137 428 3220 ipse
443 3141 552 3220 probat
571 3155 629 3218 52,
647 3153 705 3217 55.
725 3135 744 3200 1.
765 3157 819 3201 tt.
846 3135 900 3196 ubi
917 3135 1097 3202 Sexitanus,

62 3258 129 3298 non
154 3237 351 3306 Sextitnnnn
378 3241 476 3300 colias
498 3241 624 3324 legitur.
678 3243 722 3300 lta
738 3241 825 3302 enim
850 3239 945 3299 etiam
969 3235 1097 3296 adiecti·

62 3359 143 3398 enm
169 3359 186 3400 s
211 3337 305 3400 habet
335 3343 565 3424 praepositum,
607 3355 731 3402 tantum
764 3353 883 3401 mutate
910 3337 1026 3404 forma.
1061 3347 1098 3394 ut

62 3441 163 3502 modo
196 3439 381 3512 Sexitanus,
420 3445 520 3504 modo
547 3444 727 3504 Soxetonns
759 3443 889 3502 dicatur.
954 3439 1034 3500 tttnd
1062 3437 1096 3496 in

63 3541 230 3602 Athenaeo
256 3555 287 3620 3.
312 3557 369 3622 55.
395 3565 427 3625 p.
444 3565 487 3608 m.
512 3561 592 3610 ttt.
619 3545 734 3604 hocin
758 3543 900 3603 Martiale
919 3555 951 3614 7.
970 3553 1028 3616 73.
1051 3539 1096 3599 in.

64 3657 94 3703 et
110 3645 278 3712 Antonino
296 3647 365 3706 itin.
381 3667 413 3728 p.
429 3665 472 3706 m.
495 3657 542 3724 4⁰
549 3659 581 3722 5.
633 3647 725 3708 Prior
741 3647 819 3706 ratio
836 3645 967 3726 propius
984 3655 1096 3718 etymo

63 3743 248 3824 respondet.
274 3767 406 3826 eantque
422 3749 516 3806 etiam
536 3745 670 3828 praefert
693 3747 804 3809 Strabo
831 3759 862 3824 5.
887 3766 918 3825 p.
943 3763 988 3802 m.
1016 3752 1095 3816 103.

66 3843 86 3906 1.
108 3847 189 3922 156.
220 3847 305 3906 unde
326 3861 358 3908 et
376 3847 487 3928 probat
503 3851 605 3910 sorita
623 3869 650 3911 c.
668 3849 689 3910 1.
741 3849 828 3908 Tum
848 3865 925 3908 vero
941 3845 1096 3904 maiorem

66 3947 323 4028 depravationem
339 3963 485 4030 expertus
500 3951 541 4012 eii
552 3951 689 4012 Gaienue
705 3951 744 4010 de
760 3947 898 4010 facultat.
914 3945 1094 4006 alimentor.

64 4047 116 4110 lib.
136 4063 170 4126 3.
194 4069 222 4110 c.
241 4061 301 4128 41.
322 4071 353 4131 p.
370 4063 454 4130 402.
480 4055 518 4115 T.
539 4055 571 4116 6.
591 4047 814 4115 ettennon.
841 4049 899 4108 ubi
921 4033 1095 4110 Σαὲἆτινα

64 4151 204 4241 παρέχῃ,
231 4151 345 4234 quibue
363 4153 508 4218 innotuit
529 4155 666 4218 maxime
683 4153 763 4216 istud
780 4149 948 4234 oppidum,
973 4163 1096 4210 memo·
