2814 4946
309 419 371 490 54⁰
607 407 848 464 roucourt
894 405 1060 462 mucra

310 585 379 646 aliia
399 579 575 665 posuerunt
597 581 708 664 Syros,
740 581 787 640 uti
806 579 995 642 emendabat
1011 579 1176 640 Pintianus
1199 595 1255 660 pro
1274 575 1338 658 Scy·

311 696 379 754 ros,
407 699 438 746 et
461 685 611 745 volebant
636 704 674 744 ex
697 682 785 743 libris
804 696 836 742 et
854 681 958 744 Plinio
985 675 1040 768 [4,
1067 695 1122 742 22.
1140 679 1161 742 s.
1184 674 1257 766 tm]
1281 679 1338 740 Sal·

312 787 424 848 masrus
447 785 485 846 ad
502 787 651 848 Solinum
674 805 740 866 cap.
762 781 855 854 17.i.
880 803 933 844 tr.
954 803 985 864 p.
1003 803 1046 843 m.
1071 783 1150 844 126.
1178 795 1210 844 et
1230 780 1349 858 ‘seylon

309 907 364 950 rns
389 890 426 948 ad
451 907 588 948 marmor
610 883 822 948 Sandvicenle
842 905 874 966 p.
893 887 951 948 62.
982 884 1035 944 etli
1055 903 1090 944 ea
1112 897 1261 964 occupata
1281 884 1339 940 iam

312 1003 414 1058 erant,
443 1007 503 1050 nec
520 989 601 1050 bene
621 983 852 1048 Emmeneffius
870 987 907 1046 ad
925 985 1099 1068 Virgilium
1116 985 1194 1058 Aen.
1214 1001 1243 1054 2,
1259 995 1338 1062 477.

309 1091 516 1172 reprehendit
542 1085 707 1158 volitum,
725 1089 828 1167 ·quod
854 1087 948 1171 Syros
975 1084 1134 1168 scripserit.
1199 1083 1338 1146 Diversae

311 1191 362 1253 hia
384 1192 569 1252 nominibus
587 1189 701 1250 insulas
718 1187 816 1258 soille,
843 1207 941 1249 nemo
961 1203 1065 1272 negat,
1093 1186 1143 1249 led
1162 1201 1193 1248 et
1214 1185 1273 1268 ip'sa
1290 1205 1337 1247 eo·

310 1313 383 1354 rum
397 1293 569 1354 limilitudo
584 1290 674 1352 facile
690 1305 720 1352 et
739 1289 825 1371 saetae
841 1292 873 1350 in
888 1309 1027 1352 errorem
1042 1289 1173 1350 detrusit
1193 1289 1336 1358 librarios,

311 1398 365 1477 qui
388 1395 517 1476 quidem
548 1414 586 1454 ex
614 1413 700 1454 nexu
722 1405 754 1452 et
784 1390 858 1452 serie
883 1392 1068 1452 narrationis
1093 1391 1286 1471 deprehendi
1308 1401 1337 1448 et

311 1494 436 1580 agnosci
459 1495 567 1577 potest.
618 1496 670 1556 Sic
685 1507 769 1554 recte
786 1494 916 1574 quidem
932 1493 1053 1572 Scyron
1069 1511 1170 1574 prope
1186 1493 1335 1552 Lemnum

310 1601 404 1680 ponit
430 1597 633 1658 Ptolemaeus
652 1609 684 1674 5,
711 1609 765 1674 15.
789 1609 868 1657 extr.
922 1595 963 1656 At
988 1614 1061 1654 curn
1086 1595 1222 1672 Scyrum
1248 1593 1335 1654 etiarn

312 1715 344 1777 5.
368 1715 419 1772 15.
440 1713 517 1759 extr.
543 1699 626 1757 inter
647 1699 778 1756 Tenum
797 1711 830 1758 et
852 1695 979 1756 Naxum
1002 1697 1169 1777 producit,
1204 1709 1257 1754 aut
1278 1688 1334 1774 ipio

309 1802 435 1869 erravit,
456 1813 489 1860 et
504 1797 638 1858 diversas
652 1797 765 1858 insulas
782 1817 848 1858 uno
860 1799 1038 1877 eodemque
1054 1799 1190 1858 nomine
1205 1795 1333 1878 designa·

224 1954 230 1972 ,
309 1905 374 1971 vit,
407 1914 461 1960 aut
486 1899 686 1960 librariorum
713 1901 794 1960 vitio
821 1915 985 1980 corruptus
1011 1897 1068 1966 est,
1102 1911 1136 1958 et
1163 1899 1255 1982 Syros
1278 1893 1333 1976 legi

309 2003 414 2064 debet.
466 2003 518 2062 Sic
543 2001 665 2062 Plinius
693 2009 726 2082 4,
756 2015 813 2062 22.
837 1999 859 2062 l.
887 2017 941 2063 12.
968 2001 1158 2080 depravatos
1190 1999 1247 2067 est,
1282 1993 1333 2054 ubi

309 2103 422 2185 Scyros
449 2115 502 2178 15.
527 2103 574 2164 Nl.
592 2101 628 2162 P.
652 2122 668 2162 a
686 2101 769 2162 Delo
784 2115 970 2164 removetur
985 2113 1017 2161 et
1030 2102 1063 2160 in
1082 2099 1271 2178 Cycladibus
1292 2115 1332 2156 re·

308 2202 459 2266 censetur.
513 2203 620 2285 Quare
642 2217 674 2264 et
695 2203 740 2261 ibi
764 2203 877 2285 Scyros
899 2203 991 2283 plane
1013 2201 1119 2263 omisit
1150 2201 1330 2266 lietduinus,

307 2319 340 2366 et
361 2325 377 2365 a
400 2305 487 2364 libris
511 2303 610 2364 abelle
633 2307 760 2364 monuit
780 2305 943 2364 Salmasius
965 2304 1002 2363 ad
1026 2303 1176 2365 Solinum
1198 2321 1261 2382 cap.
1283 2317 1328 2361 ιι.

307 2405 329 2468 l.
348 2423 380 2484 7.
403 2427 435 2486 p.
450 2425 493 2464 m.
518 2407 595 2467 126.
630 2407 682 2466 Sic
698 2425 755 2486 pro
771 2395 899 2490 Σκύρας
919 2407 952 2464 in
969 2405 1095 2483 Scylace
1118 2425 1152 2486 p.
1170 2420 1225 2466 αα.
1242 2395 1329 2463 liudi.

306 2497 415 2592 Σύρος
435 2507 497 2590 legi
514 2507 609 2567 debet
630 2519 759 2588 propter
776 2507 849 2566 Deli
872 2519 904 2566 et
920 2507 1051 2568 Rhenes
1071 2507 1240 2574 viciniam,
1264 2519 1328 2562 cum

307 2623 414 2670 contra
433 2609 537 2690 paullo
558 2605 689 2668 iuferius
707 2597 835 2696 Σκύρας
859 2605 1019 2694 (Σκῦρος)
1041 2621 1126 2668 recte
1146 2619 1328 2668 commento·

305 2724 403 2772 retur.
455 2710 570 2770 Errant
591 2710 689 2779 enim,
713 2710 767 2790 qni
789 2711 908 2786 Scyron
932 2709 1108 2786 Cycladum
1128 2725 1263 2768 numero
1285 2702 1328 2762 ad·

306 2813 388 2872 dunt
411 2825 443 2872 et
469 2831 543 2872 curu
572 2812 653 2890 Syro
680 2809 829 2880 miscent,
863 2811 965 2870 veluti
991 2810 1098 2872 Schol.
1126 2791 1272 2887 Thucyd.
1294 2801 1328 2862 ad

311 2934 340 2982 1,
365 2925 424 2991 93.
465 2915 596 2974 Servius
613 2901 657 2972 ¹ad
678 2910 792 2994 Virgil.
817 2911 896 2972 Aen.
922 2928 953 2980 2,
975 2921 1061 2989 477.
1089 2911 1145 2990 qui
1170 2923 1271 2970 tamen
1293 2906 1327 2962 dt

304 3017 384 3092 Syro
401 3015 431 3072 id
448 3029 531 3074 recte
551 3015 735 3093 pronuntiat
748 3013 785 3072 ad
810 3027 841 3090 5,
865 3013 922 3084 76.
949 3011 1004 3070 ubi
1018 3013 1095 3071 editi
1110 3012 1238 3092 quidam
1254 3007 1327 3068 male

304 3116 438 3192 Scyrum
455 3113 582 3182 habeut,
596 3114 667 3194 quia
683 3113 874 3191 Pherecydis
891 3113 1012 3173 mentio
1030 3110 1204 3174 subiicitur.
1231 3107 1326 3170 Nimis

305 3218 393 3276 eninr
411 3215 505 3296 longe
524 3235 540 3275 a
557 3216 638 3275 Delo
658 3215 771 3293 Scyros
791 3225 913 3274 remota
931 3213 990 3284 est,
1013 3233 1107 3294 quam
1123 3228 1161 3273 ut
1178 3215 1214 3274 ad
1229 3208 1326 3288 Cycla·

304 3315 359 3376 das
383 3318 523 3376 revocari
548 3313 651 3397 poffit.
706 3313 756 3378 cf.
782 3313 945 3376 Salmalins
970 3315 1009 3374 ad
1033 3315 1181 3375 Solinum
1206 3333 1232 3374 c.
1255 3313 1273 3372 l.
1298 3319 1326 3368 et

304 3417 343 3476 de
367 3419 621 3478 commutatione
642 3417 694 3476 illa
725 3417 871 3476 Heinsius
898 3417 936 3475 ad
961 3415 1119 3477 Ovidium
1149 3415 1275 3476 Metam.
1298 3421 1326 3482 72

302 3519 389 3595 4⁶4·
418 3517 585 3600 Nlenagins
600 3520 636 3577 ad
654 3519 834 3600 Diogenem
852 3517 1055 3585 Laertiom1‚
1072 3535 1152 3596 119.
1181 3511 1324 3576 Hanluin.

301 3619 341 3678 ad
358 3619 440 3678 l'lin.
461 3619 518 3695 56,
544 3617 599 3682 26.
614 3615 635 3680 s.
660 3619 714 3680 16.
751 3618 896 3695 Heyniua
913 3617 951 3676 ad
968 3617 1083 3701 Virgil.
1099 3619 1178 3679 Aen.
1200 3633 1227 3685 a,
1247 3621 1322 3694 477.

303 3719 483 3801 Welleliog.
516 3719 554 3779 ad
590 3720 746 3780 Antonini
777 3720 882 3778 itiner.
906 3726 1048 3801 p.'527.
1095 3719 1264 3778 Burmann.
1288 3708 1322 3770 ad

302 3819 451 3903 l’ropert.
474 3835 505 3888 2,
533 3835 564 3894 7,
591 3831 650 3900 54.
683 3821 750 3882 aliis
776 3835 807 3890 2,
831 3837 864 3904 9,
897 3821 951 3882 ro.
1000 3821 1175 3901 rapueris,
1207 3817 1321 3897 opinor·

303 3919 393 3982 facile
413 3921 661 4002 deprehenditur
684 3936 716 3982 et
738 3923 917 4004 coarguitur
939 3921 1064 3981 vitiatio
1085 3922 1180 3982 metri
1201 3919 1321 3979 ratione.

305 4025 343 4083 ln
363 4021 476 4106 Scyrus
498 4023 585 4082 enim
606 4021 780 4102 penultima
802 4023 996 4102 producitur,
1024 4041 1102 4102 quae
1120 4021 1222 4080 brevis
1239 4015 1276 4078 est
1293 4015 1322 4072 iu

304 4123 410 4204 Syros.
453 4121 518 4184 Etsi
542 4124 631 4186 enim
651 4124 691 4186 de
713 4125 793 4204 Syro
817 4121 903 4186 secus
928 4137 1042 4184 monet
1063 4123 1174 4186 Strabo
1194 4121 1248 4183 lib.
1272 4131 1321 4180 ιο.
