2752 4944
348 426 787 501 Humanum.
1025 441 1086 510 ειη

46 601 172 666 Dorion
188 601 269 689 legi,
292 605 381 688 quoti
397 607 431 668 io
445 604 509 668 hoo
522 617 622 668 tractu
632 603 756 668 Pliniue
770 617 879 670 auctor
894 603 944 686 [4,
956 603 1019 681 7.l.
1033 607 1085 688 5.]

1 723 2 736 ¹
45 703 147 768 refert.
204 707 249 768 At
268 709 342 788 quia
361 707 464 770 Boion
485 707 673 770 Hermolaus
693 707 823 790 prohat,
852 707 1086 770 allentieodum

47 821 130 868 tanto
154 808 231 870 viro
255 807 309 872 est.
346 828 533 872 vnntnnva.
595 809 671 870 Nou
693 809 809 880 virleu.
844 811 1011 890 quomodo
1032 809 1086 872 hic

45 908 165 978 Boion,
201 923 243 970 ut
268 910 457 974 Hermolaua
475 909 651 996 calligavit,
684 907 814 972 delendi
836 907 948 994 polilt,
981 931 1085 994 quum

46 1010 78 1068 fit
109 1010 223 1070 Boion
267 1011 344 1074 urbe
375 1013 410 1074 in
446 1013 678 1076 mediterraneo
718 1013 849 1074 Doridie
889 1013 1084 1076 Ptolemaeo.

47 1105 97 1197 [5.
121 1107 205 1200 15.]
268 1115 365 1176 Duria
391 1127 499 1176 autem
526 1113 647 1174 nullam
670 1127 793 1196 partem
815 1128 947 1196 occupat
970 1117 1004 1176 io
1025 1113 1085 1176 hac

46 1231 95 1274 ora
109 1212 311 1298 Magnesiae,
335 1235 430 1298 quam
448 1211 543 1278 refert
562 1215 661 1285 Mela.
687 1227 725 1276 ut
742 1215 872 1298 planum
890 1215 933 1277 est
953 1237 991 1278 ex
1011 1217 1087 1278 Pto·

46 1313 164 1376 lemaro
195 1331 232 1378 et
255 1319 378 1380 ceteria.
435 1317 637 1402 Quapropter
663 1317 863 1378 commodine
888 1317 939 1378 hic
961 1317 1086 1402 legetur

46 1415 190 1486 Boebort,
217 1437 315 1498 quam
331 1417 448 1481 Boion.
499 1418 551 1480 Est
568 1419 656 1480 euim
671 1414 795 1479 Boebos
809 1417 972 1499 Stephano
987 1417 1086 1480 Thel-

48 1515 129 1578 hliae
151 1519 252 1588 urbe,
282 1539 375 1600 quam
391 1519 430 1580 ab
445 1521 588 1582 Homero
611 1515 669 1607 [ll.
692 1534 724 1588 2.
747 1511 853 1604 hap]
877 1533 1019 1582 vocatam
1043 1521 1086 1580 ait

47 1617 179 1682 Boeben.
236 1619 315 1704 Quo
335 1623 368 1681 in
385 1621 457 1682 loco
475 1635 650 1702 temperare
664 1621 745 1682 mihi
763 1639 829 1680 non
845 1619 980 1704 polium.
1006 1623 1084 1703 quin

48 1723 224 1802 profitear.
259 1719 377 1784 nescire
410 1743 479 1795 mo,
519 1741 614 1804 qnare
646 1723 827 1804 Stephanue
857 1721 944 1782 idom
976 1723 1085 1794 tradat,

47 1821 147 1884 Boion
185 1821 303 1884 urbem
336 1823 465 1886 Doridit
495 1825 665 1900 nominari
698 1821 736 1884 ab
771 1823 916 1885 Homero
949 1821 1085 1896 Boeben,

48 1943 142 2006 quum
164 1920 275 1984 Boebe
295 1925 464 1986 Homerica
485 1927 519 1986 in
533 1925 688 1988 Thellalia
708 1923 747 1986 ab
766 1921 834 2006 iplo
852 1925 994 1986 Homero
1017 1927 1086 1986 retl-

50 2029 135 2086 datur
155 2045 237 2086 cum
262 2025 351 2086 Jolco
373 2041 405 2089 et
428 2027 495 2090 aliia
517 2027 702 2088 civitatibus
722 2025 907 2088 Thellaliae.
951 2045 1085 2102 ampit-

51 2147 122 2190 ave.
173 2129 272 2188 Priua
293 2127 455 2212 legebatur
467 2129 592 2198 Bolon,
618 2129 667 2188 uti
687 2125 729 2188 est
748 2129 782 2188 iu
798 2128 967 2198 omnihus,
998 2129 1085 2192 unde

51 2229 243 2290 Hermolaus
263 2227 339 2290 lecit
360 2230 474 2293 Boion.
536 2231 634 2292 Recte
657 2229 719 2292 hoc
741 2229 946 2311 reprehendit
969 2229 1085 2292 Pintia·

53 2351 126 2400 noa,
159 2351 280 2392 rerum
295 2328 360 2412 ipse
378 2351 445 2392 non
457 2345 542 2394 recte
556 2329 679 2393 Boeben
696 2329 844 2413 reposuit.
898 2329 973 2392 Nou
996 2332 1085 2394 enirn

52 2433 129 2494 inter
144 2431 321 2514 Sepiadem
343 2447 376 2494 et
398 2433 568 2494 Maliacum
587 2433 709 2503 hortm,
741 2431 856 2494 rerum
879 2431 962 2494 inter
981 2433 1085 2514 Sepia·

56 2535 124 2594 dem
143 2549 179 2596 et
203 2533 308 2594 Penei
334 2533 408 2596 uilia
430 2535 482 2595 hta
504 2533 547 2596 ett
565 2531 669 2594 Boebe
689 2533 777 2615 palue
797 2547 830 2594 et
851 2529 974 2594 Boehos
996 2535 1086 2616 oppi·

53 2635 135 2698 «lom.
191 2637 276 2698 Vera
298 2635 393 2697 lectio
408 2636 452 2698 ell
470 2635 537 2704 illa.
569 2655 663 2718 quam
684 2635 898 2702 reddidimus,
924 2647 955 2695 et
974 2633 1086 2696 Halon

50 2753 78 2797 et
99 2736 232 2798 Pteleon
257 2749 317 2798 eto.
375 2739 450 2798 Duo
480 2755 556 2798 vero
581 2735 652 2796 lunt
670 2737 786 2818 oppida
808 2735 851 2796 ita
871 2735 971 2802 dicto.
998 2749 1086 2797 utro·

48 2857 183 2922 rumque
203 2857 285 2898 vero
310 2840 460 2899 meminit
481 2838 677 2920 stephanon,
706 2838 797 2897 cuiue
820 2834 915 2898 verba
940 2837 983 2896 ita
1011 2855 1086 2898 con·

49 2942 210 3022 cipiantur
235 2940 272 2998 io
300 2939 460 3002 veterihue
480 2939 586 3001 librie:
626 2931 725 3012 'bitot
753 2931 846 3010 πόλις
867 2933 1006 3022 ’Δχαΐας
1028 2931 1084 2999 noi

49 3037 239 3114 Φέιώτιθος
270 3029 415 3126 ὑπάρχει
450 3039 502 3122 rpi
536 3037 650 3128 tripart
683 3039 741 3124 τῆς
769 3027 920 3126 Ὀθρὺος.
980 3037 1084 3100 Altera

49 3143 152 3204 Holus
175 3153 247 3202 erat
269 3141 308 3201 ad
327 3141 429 3204 finum
452 3141 642 3214 Maliacum,
674 3141 714 3202 tle
735 3161 795 3222 qua
819 3139 1019 3220 accipiendue
1042 3139 1085 3202 ett

47 3245 96 3307 hic
109 3245 223 3308 hletae
245 3243 345 3306 locue.
387 3243 478 3304 ldem
499 3243 696 3324 Stephanue:
723 3232 793 3304 Δύο
813 3237 846 3302 δὲ
863 3238 1085 3328 Παρμενίσκος

41 3337 160 3421 'Abour
190 3343 329 3432 ἱστορεῖ,
361 3341 420 3408 rc'a
444 3341 502 3432 pia
533 3339 712 3408 Malianda
736 3333 802 3406 iuro*
824 3337 990 3426 ’Δχιλλεῖ,
1023 3337 1083 3406 rob

48 3444 76 3510 ἑὲ
98 3440 271 3534 ὑπάρχειν
294 3442 540 3533 Πρωτεσιλάου.
592 3447 637 3507 lta
660 3445 732 3504 libri
750 3459 888 3512 veteres,
915 3441 966 3504 led
986 3445 1083 3504 mani·

48 3548 116 3612 leste
131 3563 168 3612 et
193 3548 249 3608 hic
269 3547 457 3632 legendum,
485 3541 543 3612 ro⁸a
566 3541 600 3610 δὲ
621 3537 815 3632 bro'pnrnoa
839 3539 1082 3630 Πρωτεσιλάου,

49 3654 94 3712 rel
118 3643 319 3734 floriparum,
352 3653 440 3731 qnod
463 3650 550 3712 idem
567 3648 620 3711 eil.
674 3647 757 3709 Nam
782 3665 839 3728 pro
863 3637 981 3732 ἄρκτος
1003 3647 1081 3706 olim

49 3773 173 3834 qnoque
197 3743 300 3835 ὅρκος
326 3747 500 3813 scribebant
524 3749 703 3834 euphoniae
725 3750 838 3832 gratia,
871 3759 907 3806 ut
932 3759 1082 3812 notatum

52 3853 286 3916 Grammaticia.
318 3853 424 3914 Halos
442 3873 518 3916 vero
533 3853 584 3916 vel
605 3851 690 3922 Alos.
714 3869 789 3910 nam
806 3861 978 3928 utrumqne
1000 3849 1082 3909 dice·

51 3951 150 4028 hatur,
185 3971 268 4034 qnae
289 3950 345 4013 iub
366 3955 537 4017 Protelilao
559 3965 639 4022 erat,
672 3969 828 4034 quamque
850 3947 1008 4010 borealem
1030 3949 1083 4009 hic

52 4073 137 4119 vocat
174 4054 376 4136 Stephanum
413 4057 509 4118 etiam
541 4055 726 4120 Phthiotica
758 4051 929 4112 dicebatur.
996 4051 1082 4110 llaec

51 4178 118 4224 vero
144 4157 261 4230 altera,
287 4177 367 4240 quae
389 4157 495 4220 Melae
516 4169 711 4222 memoratur
728 4153 857 4216 lllaliaca
881 4151 932 4212 vel
951 4151 1081 4212 Achaica
