2826 4936
286 351 289 360 ’
342 391 430 447 cro.
460 391 513 450 ιιι,
557 391 648 448 cv.
691 391 821 460 aug.
1044 405 1101 448 m

67 563 187 630 Contra
216 564 249 624 in
274 565 422 628 Terentii
443 561 541 628 Andr.
568 579 600 632 a.
626 577 659 632 a,
682 575 717 642 8.
746 565 828 627 male
851 565 953 650 legat.
986 576 1018 626 te
1039 555 1107 658 ipse

68 688 182 752 quaero
199 685 257 748 pro
279 655 399 758 ipsum,
438 667 493 728 etli
518 651 697 748 promiscue
726 679 899 748 utrumque
924 667 989 728 dici
1013 682 1107 752 putat

69 768 247 834 Schellerua
272 770 307 828 in
334 765 457 831 obiere.
480 789 513 852 p.
537 779 596 844 25.
649 763 701 830 Cf.
728 769 824 830 etiam
852 767 1039 854 Heusinger.
1066 770 1108 832 arl

70 871 218 934 ciceron.
241 867 299 934 oli.
324 885 357 940 a.
377 885 434 948 ¹9·
460 887 517 934 ao.
568 869 647 930 Vera
669 867 769 952 igitar
789 871 871 932 ratio
892 888 960 931 oon
983 883 1048 932 tam
1067 891 1108 934 ex

68 972 174 1043 libria,
199 989 294 1052 quam
307 991 346 1034 ex
362 989 449 1032 nexu
469 967 620 1053 sensuque
640 971 792 1032 orationis
812 971 1011 1054 dicentisque
1033 991 1109 1036 con·

72 1075 138 1136 filio
163 1073 294 1136 iudicari
330 1071 438 1137 debet.
496 1073 560 1135 Hic
584 1086 691 1134 tamen
716 1073 813 1136 etiam
844 1071 919 1134 libri
942 1073 1107 1140 adiuvant.

70 1173 123 1239 Cf.
145 1171 227 1237 inira
247 1173 286 1236 ad
309 1176 340 1254 §.
362 1185 395 1252 5.

146 1375 429 1460 praecipites)
477 1377 577 1440 Vatia.
606 1375 703 1442 Parii.
726 1399 755 1444 ι.
781 1395 813 1442 a.
843 1379 984 1444 vindob.
1015 1377 1109 1466 Prag.

72 1481 180 1542 Ham.
205 1480 321 1543 Vener.
341 1478 426 1562 Lipl.
444 1478 529 1541 Gurl.
550 1481 719 1560 praecipiti
725 1501 738 1554 ‚·
763 1479 796 1542 in
813 1479 897 1563 Lipl.
915 1481 1027 1544 eadem
1044 1501 1109 1544 ma·

71 1601 135 1644 nur
159 1583 194 1643 in
219 1583 362 1666 margine
392 1579 607 1666 adscripscrat:
641 1581 701 1644 olii
728 1583 931 1662 precipientes
939 1603 952 1656 ,·
998 1583 1108 1646 Cibin.

72 1683 308 1764 praecipitem
351 1681 499 1746 Ciaccon.
527 1681 621 1744 Parii.
646 1697 678 1762 3.
710 1683 885 1768 llehdiger.
913 1685 1110 1764 praecipites,

71 1787 158 1867 quod
173 1797 207 1846 et
224 1780 321 1847 Voll'ri
336 1797 368 1847 et
386 1785 421 1846 A.
434 1783 593 1846 Gronorii
612 1785 738 1848 codicea
753 1785 929 1868 praetuliffe
945 1787 1109 1849 videntur.

72 1887 157 1950 Erld.
179 1907 209 1949 ι.
234 1901 266 1948 tt.
285 1899 317 1966 5.
336 1895 371 1966 4.
390 1897 424 1964 5.
446 1883 479 1950 6.
498 1899 531 1962 7.
554 1897 589 1964 8.
608 1903 641 1965 9.
664 1905 719 1948 ιο.
743 1903 798 1950 ιι.
821 1902 875 1948 aa.
898 1901 953 1966 13.
976 1898 1029 1968 14.
1053 1899 1109 1965 15.

78 2003 135 2064 ι7.
162 2005 220 2050 arr.
246 2001 305 2066 25.
333 1987 483 2069 precipiti
503 1987 556 2048 vel
576 1987 746 2068 praecipiti
752 2010 764 2061 ‚·
801 1987 978 2058 vadianus,
1013 2009 1110 2072 quem

74 2093 127 2152 hic
148 2109 189 2152 ex
211 2087 366 2152 Camertio
386 2089 552 2172 disciplina
570 2089 667 2150 etiarn
684 2087 785 2152 secuta
805 2087 848 2151 eli
870 2108 925 2169 ¹9·
946 2109 1019 2152 cum
1042 2091 1113 2152 reli·

75 2193 145 2272 quia
166 2191 363 2270 praecipites,
389 2203 513 2274 praeter
527 2189 747 2260 Reinoldium‚
767 2191 817 2252 cni
836 2191 953 2273 placuit
971 2193 1112 2274 priorem

73 2293 248 2354 lectionem
272 2311 433 2355 revocare.
483 2293 618 2355 Secutua
643 2291 686 2354 eil
716 2293 755 2355 Δ.
783 2293 969 2354 Gronovius
996 2294 1028 2353 in
1051 2293 1112 2356 iola

75 2410 184 2456 tamen
210 2392 262 2454 ed.
286 2403 347 2472 44.
380 2391 568 2456 ciacconius
597 2394 774 2454 coniecerat
798 2395 1033 2474 praecipitant.
1061 2395 1113 2456 cui

74 2495 163 2558 iavet
180 2493 289 2558 Cibin.
309 2495 418 2564 codex,
444 2495 534 2558 cuiue
549 2509 658 2556 auctor
673 2495 819 2555 traditam
835 2493 1006 2556 lectionem
1024 2515 1113 2576 prae·

74 2597 170 2678 cipite'
199 2595 298 2666 dant,
330 2616 411 2678 quae
435 2593 658 2678 displicuiliet,
697 2597 740 2656 ita
766 2591 950 2658 contraxille
973 2597 1113 2660 videtur.

77 2699 240 2781 Equidem
271 2699 391 2758 retinui
423 2699 613 2778 paroeeipites
644 2695 742 2766 dont.
777 2699 867 2779 quia.
902 2715 941 2758 an
967 2715 1115 2779 praecepa

75 2798 172 2862 inerit
199 2817 308 2880 rupee,
341 2818 410 2861 nou
438 2795 607 2880 spectatur,
644 2795 692 2858 sed
719 2801 816 2860 moria
844 2799 927 2860 illiue
955 2797 1116 2882 singularia

76 2901 356 2964 commemoratio.
408 2901 496 2962 Tum
519 2897 595 2960 dare
616 2899 785 2970 delineret,
815 2901 867 2959 cni
889 2901 1061 2960 commode
1077 2899 1116 2960 ad

76 3001 202 3064 leuium
219 3002 344 3065 adnecti
359 2997 465 3086 polilt.
497 2999 572 3063 Post
586 2999 695 3066 Cibin.
705 2997 740 3062 at
754 3001 816 3064 eius
824 2991 952 3092 furante
978 2999 1117 3064 vindob.

74 3105 108 3164 ic
127 3105 157 3166 ei
174 3094 292 3195 funus.

229 3309 260 3386 ς.
288 3321 321 3390 7,.
359 3307 479 3370 More
506 3295 726 3398 Caspium)
764 3305 1117 3388 ludecapitulurnvll.

77 3410 244 3473 exorditur
265 3411 317 3474 ed.
340 3430 395 3476 ιι.
418 3427 492 3470 curn
512 3407 735 3491 inscriptione:
768 3407 825 3470 De
847 3409 927 3469 rnori
947 3397 1068 3498 Caspio
1087 3418 1119 3468 et

78 3511 197 3574 accolis
218 3511 293 3576 eius.
344 3513 382 3572 ln
402 3509 499 3594 ipliue
520 3525 690 3586 contextus
706 3509 812 3572 verbio
833 3509 986 3593 proximis
1003 3511 1045 3568 ita
1065 3525 1121 3568 va·

78 3619 165 3676 riaut
179 3613 271 3673 libri:
299 3614 398 3676 vatic.
414 3625 447 3690 3.
469 3611 560 3697 Prag.
580 3623 612 3673 et
626 3624 663 3672 ut
678 3609 832 3704 congreſsor
856 3609 1007 3694 pollerior
1023 3609 1119 3671 etiam

79 3716 177 3796 longo
187 3703 302 3806 freto‚·
324 3713 468 3776 Vindob.
481 3715 653 3795 irrrompit‚·
675 3713 759 3776 Gud.
779 3714 886 3794 unque
900 3709 971 3784 aba}
996 3709 1047 3774 ed.
1062 3729 1118 3790 19.

80 3819 204 3878 omittit
242 3837 334 3890 anus,·
358 3829 391 3893 7.
410 3827 443 3894 8.
465 3815 540 3876 dant
559 3825 742 3876 contractos
756 3805 879 3904 ipsnnu
909 3825 963 3890 ¹5·
986 3826 1040 3880 17.
1060 3827 1119 3876 20.

82 3933 140 3996 23.
161 3911 266 4010 ipsum
281 3916 486 4001 Hyrcanum
510 3933 570 4000 pro
587 3915 774 3998 Hyrcanum
791 3916 916 3976 codices
931 3915 1072 3996 plerique
1088 3923 1122 3974 et

79 4025 228 4102 antiquae
244 4018 319 4082 edd.
334 4019 533 4091 Hircanum3
565 4017 673 4082 Cibin.
702 4013 784 4098 Llpl.
807 4017 1001 4084 hircuninm,·
1035 4013 1121 4076 lieh-

80 4123 182 4208 rliger.
207 4122 413 4204 hyrcanium
444 4119 589 4186 Vaticao.
611 4121 644 4182 t'n
665 4139 701 4180 or
717 4117 924 4202 Hyrcanum
950 4117 1122 4200 llehrliger.
