2810 4944
205 525 211 538 Ι
287 459 349 526 tto
593 449 841 511 eotttotttt
874 451 1035 511 MELAE

292 629 444 692 Durium.
481 645 675 691 octvttuva.
728 629 855 688 Turiam
873 650 929 710 per
948 643 1000 690 tau
1022 629 1084 712 leg.
1102 647 1140 690 ex
1158 625 1331 692 Claudiano

294 727 356 818 [rie
380 731 526 793 laudibut
546 733 681 792 Serenae
705 753 737 792 v.
762 725 842 815 ῆι]
874 747 905 792 et
938 731 1101 792 Hermolai
1129 721 1276 813 calligalt.
1300 731 1332 788 in

292 833 450 896 Plinium.
479 827 492 918 [
502 849 535 912 3,
551 843 584 911 4.
599 831 619 895 s.
633 825 688 917 5.]
735 831 896 893 Sallustius
912 833 968 894 lib.
990 849 1021 897 2.
1047 830 1154 896 histor.
1180 830 1231 918 [p.
1249 847 1330 910 957.

294 935 345 996 etl.
368 929 482 1021 Corn]
516 937 607 995 Inter
629 936 721 994 laerta
745 937 896 994 rrtoettinm
918 950 945 994 et
970 933 1114 994 dextrum
1126 927 1250 1021 staturen
1276 933 1331 991 Tu·

294 1039 386 1106 riam,
412 1035 499 1120 qnod
517 1035 701 1098 Valentiam
719 1057 821 1110 paruo
838 1035 1008 1097 intervallo
1025 1029 1188 1122 interfluit.
1215 1053 1330 1096 ectto‘r·

295 1157 367 1200 Tae.
430 1141 569 1216 Vtroque
598 1143 696 1198 ruodo
719 1139 836 1198 flumen
862 1139 922 1198 hoc
949 1139 1149 1206 nominatur,
1184 1138 1279 1197 Turis
1301 1147 1330 1196 et

294 1241 425 1304 Turius.
464 1241 610 1300 Vsrtatius
633 1257 736 1300 tamen
759 1241 871 1299 's‘uriae
895 1241 946 1298 vei
967 1241 1076 1301 Turia.
1127 1240 1226 1322 Quod
1250 1237 1329 1319 apud

295 1341 485 1404 Ciceronem
509 1345 543 1402 in
568 1343 710 1402 oratioue
735 1361 794 1422 pro
815 1341 914 1402 llalbo
937 1337 982 1429 [c.
1006 1333 1062 1426 9.]
1093 1341 1227 1425 legitur,
1259 1359 1329 1400 cum

295 1443 483 1504 Sucronensi
501 1457 532 1504 et
551 1445 694 1504 lltrrienst
714 1444 842 1523 proeliis
864 1441 1053 1512 iutersniss'e,
1087 1457 1120 1502 et
1142 1447 1224 1535 apugl
1241 1443 1330 1504 Clau·

296 1545 445 1616 rlianttm,
480 1536 572 1636 roseis
586 1535 753 1634 sotnrojnt
776 1543 886 1604 Duria
909 1547 1002 1621 rt'pt't,
1035 1547 1066 1604 id
1088 1565 1193 1605 errore
1217 1542 1330 1604 sactum

295 1647 458 1714 existimo.
500 1647 584 1726 quoti
611 1667 739 1706 amnem
772 1647 858 1705 hunc
884 1647 1021 1706 eundem
1048 1644 1106 1705 else
1132 1647 1328 1712 crediderint,

295 1761 390 1828 atque
415 1747 536 1808 vallum
564 1747 640 1808 iilud
671 1749 808 1814 flumen.
844 1747 929 1827 quorl
957 1746 1120 1808 Lusitanos
1148 1767 1163 1808 a
1192 1747 1328 1808 Callaicis

295 1849 501 1910 disterminat.
545 1869 690 1911 vocatus.
767 1849 892 1907 Trtrt'otn
927 1849 1005 1931 legit
1036 1849 1133 1908 etiam
1168 1849 1328 1908 Boccatiut

292 1951 367 2010 luco
391 1949 478 2030 supra
502 1952 658 2020 indicato,
685 1963 717 2008 et
740 1948 852 2008 diserte
871 1949 1046 2012 Priscianus
1068 1949 1122 2010 lih.
1142 1963 1178 2027 5.
1202 1971 1233 2030 p.
1249 1951 1327 2026 630.

292 2049 366 2130 (ed.
386 2047 534 2130 Potlch.)
557 2051 767 2112 accusativum
789 2051 876 2111 hunc
893 2051 951 2112 ell'e
973 2053 1095 2134 generis
1116 2051 1279 2111 masculini
1294 2067 1328 2109 ex

292 2154 418 2234 prolato
441 2153 573 2214 Saliustii
597 2155 666 2215 loco
690 2155 794 2213 docet.
846 2155 938 2233 Apud
965 2154 1106 2212 eundem
1136 2167 1245 2213 tamen
1269 2151 1327 2212 Sal-

291 2253 422 2313 lullium
459 2255 491 2312 in
521 2254 646 2334 epistola
678 2255 827 2334 Pompeii
861 2254 897 2314 arl
933 2251 1072 2314 senatum
1106 2257 1198 2331 (vid.
1222 2252 1326 2336 fragm.

293 2374 326 2436 p.
345 2357 429 2432 965.
453 2355 565 2432 Cort.)
591 2357 725 2440 legitur:
760 2355 876 2446 Cost'ra
898 2355 1030 2444 htfit'unr
1052 2355 1141 2436 ortutl
1166 2357 1325 2416 Sucronem

293 2468 393 2532 capta
416 2469 448 2516 et
471 2459 621 2536 proelium
646 2451 870 2544 apudflnmen
894 2457 1035 2516 Durium
1062 2486 1108 2498 -
1130 2449 1222 2546 satis
1243 2457 1324 2516 claro

290 2555 385 2618 vobis
400 2550 499 2648 snrrt,
533 2559 589 2618 ubi
606 2559 669 2620 fine
693 2559 792 2618 dubio
814 2559 959 2617 vitiatum
982 2558 1024 2618 esi
1040 2577 1174 2628 nomeu,
1200 2560 1246 2618 uti
1267 2559 1324 2616 iarn

291 2661 422 2720 monuit
436 2661 583 2733 Cortiue3
611 2660 660 2721 sed
677 2675 710 2721 et
723 2659 896 2720 liesemlius
913 2660 945 2717 in
964 2661 1084 2739 antiqu.
1106 2661 1206 2721 Lusit.
1222 2659 1274 2720 lib.
1292 2673 1321 2719 Ω.

289 2781 324 2842 p.
347 2771 404 2839 74.
432 2763 577 2840 (Eborac
606 2777 711 2841 1595.
733 2759 781 2837 s.)
808 2781 845 2820 ex
870 2761 978 2820 codice
1011 2757 1063 2821 suo
1088 2762 1214 2822 vetusto
1239 2771 1322 2820 notat

295 2863 441 2934 Turiam,
479 2865 564 2944 quoti
589 2885 701 2924 venun
724 2863 783 2922 else
805 2862 918 2944 probat
940 2880 978 2920 ex
1002 2863 1163 2922 Plutarchi
1186 2863 1320 2924 Sertorio

292 2983 320 3024 c.
345 2983 400 3044 19.
427 2965 480 3024 etsr
497 2966 541 3025 ibi
559 2986 596 3026 ex
612 2965 745 3026 Sallustii
765 2964 932 3044 posteriore
953 2961 1022 3024 loco
1040 2977 1071 3024 et
1090 2963 1245 3025 Cicerone
1268 2979 1319 3043 pro

290 3063 468 3134 Τουττίαν,
496 3069 580 3147 quod
601 3069 643 3125 ihi
664 3066 765 3126 seurnt
788 3065 870 3131 libri.
895 3061 1035 3148 Δουρίαν
1057 3067 1146 3123 malit
1168 3064 1320 3143 Xylarniec

290 3178 324 3226 et
339 3169 418 3226 adeo
434 3167 671 3228 Freinshemius
695 3169 726 3226 iu
747 3165 898 3247 sulrplem.
919 3167 1002 3224 Livii
1018 3155 1077 3244 92.
1101 3185 1155 3226 ro.
1181 3165 1318 3225 Tuttiam

289 3287 329 3327 ex
361 3267 528 3330 Plutarcho
559 3281 800 3350 commemorat.
864 3267 983 3326 Eadem
1017 3268 1179 3348 corruptio
1213 3264 1319 3327 invasit

289 3368 480 3430 Ciceronem
503 3391 529 3430 c.
553 3371 572 3431 l.
607 3371 662 3429 ubi
691 3383 762 3429 ante
789 3369 960 3428 Graevium
986 3367 1149 3450 legebatur
1174 3367 1317 3446 proelium

288 3465 458 3560 Durieuje,
484 3490 622 3552 proquo
643 3491 728 3531 nunc
746 3491 783 3531 ex
805 3471 851 3538 tis.
878 3489 957 3548 quae
974 3483 1139 3529 notaverat
1160 3469 1315 3532 Graevius.

294 3570 439 3662 Turienje
466 3573 637 3654 repositum
667 3575 783 3633 editur.
843 3573 954 3631 Vtrum
979 3572 1066 3630 idern
1092 3571 1127 3629 stt
1151 3570 1263 3631 Avieni
1283 3569 1315 3625 iu

290 3693 343 3734 ora
372 3675 526 3734 maritima
549 3695 580 3733 v.
603 3687 687 3750 432.
716 3675 842 3754 Tyrius,
878 3693 916 3732 ao
942 3671 979 3730 ab
1002 3673 1058 3731 illo
1081 3669 1239 3740 diversus,
1271 3666 1314 3726 uti

287 3795 327 3834 ex
352 3771 446 3836 tostii
464 3777 501 3835 ad
519 3775 639 3834 Melam
662 3776 875 3855 disputatione
895 3773 1009 3853 repetit
1027 3773 1197 3842 Graevius,
1223 3771 1261 3831 de
1276 3785 1311 3828 eo

287 3875 360 3935 alibi
380 3879 487 3957 quaeri
507 3878 633 3960 poterit.
689 3879 725 3936 lu
743 3876 919 3937 Claudiano
939 3889 1062 3943 tamen,
1088 3895 1181 3954 quem
1199 3873 1313 3952 adlegat

287 3979 454 4050 Schottus,
492 3977 673 4060 praeierunt
704 3977 830 4046 Durio,
871 3975 1055 4056 (Strabonia
1086 3973 1206 4052 forma)
1244 3987 1312 4032 cum

286 4080 401 4142 melina
440 4079 484 4139 ibi
519 4081 653 4142 rnaiorea
687 4081 780 4140 fluvii
817 4076 1054 4148 recenseantur,
1100 4076 1241 4159 quamvis
1271 4089 1312 4130 re-

285 4197 450 4265 pugnante
485 4179 644 4248 Relentlio
668 4203 696 4246 c.
721 4183 743 4244 l.
776 4195 906 4267 propter
930 4194 1090 4252 metrum3
1129 4197 1202 4240 narn
1236 4185 1311 4236 carte
