<?xml version="1.0" encoding="UTF-8"?>
<!DOCTYPE html PUBLIC "-//W3C//DTD XHTML 1.0 Transitional//EN"
    "http://www.w3.org/TR/xhtml1/DTD/xhtml1-transitional.dtd">
<html xmlns="http://www.w3.org/1999/xhtml" xml:lang="en" lang="en">
 <head>
  <title>
</title>
<meta http-equiv="Content-Type" content="text/html;charset=utf-8" />
  <meta name='ocr-system' content='tesseract 3.04.00' />
  <meta name='ocr-capabilities' content='ocr_page ocr_carea ocr_par ocr_line ocrx_word'/>
</head>
<body>
  <div class='ocr_page' id='page_1' title='image "./pomponiimelaede05melagoog_0958.png"; bbox 0 0 2880 4940; ppageno 0'>
   <div class='ocr_carea' id='block_1_1' title="bbox 314 409 1065 490">
    <p class='ocr_par' dir='ltr' id='par_1_1' title="bbox 314 409 1065 490">
     <span class='ocr_line' id='line_1_1' title="bbox 314 409 1065 490; baseline -0.009 -17"><span class='ocrx_word' id='word_1_1' title='bbox 314 425 377 490; x_wconf 66' lang='lat' dir='ltr'>tto</span> <span class='ocrx_word' id='word_1_2' title='bbox 611 409 859 470; x_wconf 80' lang='lat' dir='ltr'>rottrotttt</span> <span class='ocrx_word' id='word_1_3' title='bbox 899 409 1065 466; x_wconf 74' lang='lat' dir='ltr'>uanae</span> 
     </span>
    </p>
   </div>
   <div class='ocr_carea' id='block_1_2' title="bbox 312 583 1357 1791">
    <p class='ocr_par' dir='ltr' id='par_1_2' title="bbox 312 583 1357 1791">
     <span class='ocr_line' id='line_1_2' title="bbox 314 583 1354 674; baseline -0.006 -22"><span class='ocrx_word' id='word_1_4' title='bbox 314 585 446 674; x_wconf 78' lang='lat' dir='ltr'>legill&#39;et.</span> <span class='ocrx_word' id='word_1_5' title='bbox 491 585 622 650; x_wconf 86' lang='lat' dir='ltr'>ileliatia</span> <span class='ocrx_word' id='word_1_6' title='bbox 638 585 700 650; x_wconf 88' lang='lat' dir='ltr'>illie</span> <span class='ocrx_word' id='word_1_7' title='bbox 716 605 791 648; x_wconf 85' lang='lat' dir='ltr'>aum</span> <span class='ocrx_word' id='word_1_8' title='bbox 808 583 899 656; x_wconf 86' lang='lat' dir='ltr'>ultra,</span> <span class='ocrx_word' id='word_1_9' title='bbox 924 583 1085 647; x_wconf 78' lang='lat' dir='ltr'>auſtralem</span> <span class='ocrx_word' id='word_1_10' title='bbox 1108 597 1257 668; x_wconf 82' lang='lat' dir='ltr'>partem,</span> <span class='ocrx_word' id='word_1_11' title='bbox 1284 585 1354 648; x_wconf 77' lang='lat' dir='ltr'>adti</span> 
     </span>
     <span class='ocr_line' id='line_1_3' title="bbox 315 687 1354 774; baseline -0.004 -22"><span class='ocrx_word' id='word_1_12' title='bbox 315 689 421 774; x_wconf 73' lang='lat' dir='ltr'>gillet,</span> <span class='ocrx_word' id='word_1_13' title='bbox 455 687 703 772; x_wconf 85' lang='lat' dir='ltr'>dieputationent</span> <span class='ocrx_word' id='word_1_14' title='bbox 732 687 772 746; x_wconf 87' lang='lat' dir='ltr'>de</span> <span class='ocrx_word' id='word_1_15' title='bbox 800 687 880 748; x_wconf 88' lang='lat' dir='ltr'>mari</span> <span class='ocrx_word' id='word_1_16' title='bbox 906 689 1101 769; x_wconf 84' lang='lat' dir='ltr'>interponit,</span> <span class='ocrx_word' id='word_1_17' title='bbox 1137 701 1173 750; x_wconf 90' lang='lat' dir='ltr'>et</span> <span class='ocrx_word' id='word_1_18' title='bbox 1197 689 1283 749; x_wconf 84' lang='lat' dir='ltr'>hinc</span> <span class='ocrx_word' id='word_1_19' title='bbox 1310 689 1354 748; x_wconf 82' lang='lat' dir='ltr'>de·</span> 
     </span>
     <span class='ocr_line' id='line_1_4' title="bbox 315 785 1356 874; baseline -0.007 -20"><span class='ocrx_word' id='word_1_20' title='bbox 315 789 426 874; x_wconf 74' lang='lat' dir='ltr'>[cripta</span> <span class='ocrx_word' id='word_1_21' title='bbox 457 790 631 852; x_wconf 82' lang='lat' dir='ltr'>incolarum</span> <span class='ocrx_word' id='word_1_22' title='bbox 669 785 768 871; x_wconf 85' lang='lat' dir='ltr'>lpeaie</span> <span class='ocrx_word' id='word_1_23' title='bbox 793 788 832 850; x_wconf 88' lang='lat' dir='ltr'>ad</span> <span class='ocrx_word' id='word_1_24' title='bbox 856 789 929 850; x_wconf 86' lang='lat' dir='ltr'>aliae</span> <span class='ocrx_word' id='word_1_25' title='bbox 952 789 1125 872; x_wconf 71' lang='lat' dir='ltr'>Aethiopas</span> <span class='ocrx_word' id='word_1_26' title='bbox 1150 790 1356 874; x_wconf 76' lang='lat' dir='ltr'>progreditur</span> 
     </span>
     <span class='ocr_line' id='line_1_5' title="bbox 314 889 1357 976; baseline -0.004 -18"><span class='ocrx_word' id='word_1_27' title='bbox 314 891 422 958; x_wconf 77' lang='lat' dir='ltr'>verto·</span> <span class='ocrx_word' id='word_1_28' title='bbox 445 889 587 954; x_wconf 81' lang='lat' dir='ltr'>occasum</span> <span class='ocrx_word' id='word_1_29' title='bbox 610 889 797 953; x_wconf 85' lang='lat' dir='ltr'>habitantet.</span> <span class='ocrx_word' id='word_1_30' title='bbox 849 891 939 973; x_wconf 88' lang='lat' dir='ltr'>Quae</span> <span class='ocrx_word' id='word_1_31' title='bbox 956 891 1086 972; x_wconf 87' lang='lat' dir='ltr'>quidem</span> <span class='ocrx_word' id='word_1_32' title='bbox 1103 891 1228 976; x_wconf 74' lang='lat' dir='ltr'>singula</span> <span class='ocrx_word' id='word_1_33' title='bbox 1252 892 1357 954; x_wconf 78' lang='lat' dir='ltr'>distin·</span> 
     </span>
     <span class='ocr_line' id='line_1_6' title="bbox 316 992 1357 1074; baseline -0.002 -16"><span class='ocrx_word' id='word_1_34' title='bbox 316 998 399 1058; x_wconf 81' lang='lat' dir='ltr'>atine</span> <span class='ocrx_word' id='word_1_35' title='bbox 420 994 540 1056; x_wconf 87' lang='lat' dir='ltr'>tradere</span> <span class='ocrx_word' id='word_1_36' title='bbox 564 1005 596 1054; x_wconf 92' lang='lat' dir='ltr'>et</span> <span class='ocrx_word' id='word_1_37' title='bbox 616 992 769 1054; x_wconf 84' lang='lat' dir='ltr'>declarate</span> <span class='ocrx_word' id='word_1_38' title='bbox 789 1005 929 1074; x_wconf 84' lang='lat' dir='ltr'>poterat.</span> <span class='ocrx_word' id='word_1_39' title='bbox 957 993 1010 1054; x_wconf 89' lang='lat' dir='ltr'>etli</span> <span class='ocrx_word' id='word_1_40' title='bbox 1034 993 1239 1074; x_wconf 78' lang='lat' dir='ltr'>aliquatenus</span> <span class='ocrx_word' id='word_1_41' title='bbox 1265 995 1357 1056; x_wconf 88' lang='lat' dir='ltr'>inno·</span> 
     </span>
     <span class='ocr_line' id='line_1_7' title="bbox 315 1093 1356 1176; baseline -0.004 -16"><span class='ocrx_word' id='word_1_42' title='bbox 315 1095 436 1160; x_wconf 83' lang='lat' dir='ltr'>teltunt</span> <span class='ocrx_word' id='word_1_43' title='bbox 451 1095 577 1158; x_wconf 79' lang='lat' dir='ltr'><strong>Eudoxi</strong></span> <span class='ocrx_word' id='word_1_44' title='bbox 597 1107 631 1156; x_wconf 84' lang='lat' dir='ltr'>et</span> <span class='ocrx_word' id='word_1_45' title='bbox 652 1095 819 1156; x_wconf 85' lang='lat' dir='ltr'>Hanoooie</span> <span class='ocrx_word' id='word_1_46' title='bbox 836 1095 973 1156; x_wconf 81' lang='lat' dir='ltr'>maxime</span> <span class='ocrx_word' id='word_1_47' title='bbox 994 1093 1186 1164; x_wconf 74' lang='lat' dir='ltr'>itineribus,</span> <span class='ocrx_word' id='word_1_48' title='bbox 1220 1110 1255 1155; x_wconf 89' lang='lat' dir='ltr'>et</span> <span class='ocrx_word' id='word_1_49' title='bbox 1277 1115 1356 1176; x_wconf 83' lang='lat' dir='ltr'>quae</span> 
     </span>
     <span class='ocr_line' id='line_1_8' title="bbox 313 1193 1357 1278; baseline -0.004 -16"><span class='ocrx_word' id='word_1_50' title='bbox 313 1199 353 1262; x_wconf 86' lang='lat' dir='ltr'>de</span> <span class='ocrx_word' id='word_1_51' title='bbox 381 1197 515 1260; x_wconf 84' lang='lat' dir='ltr'>flumine</span> <span class='ocrx_word' id='word_1_52' title='bbox 538 1195 669 1258; x_wconf 86' lang='lat' dir='ltr'>Nuohttl</span> <span class='ocrx_word' id='word_1_53' title='bbox 690 1195 813 1257; x_wconf 86' lang='lat' dir='ltr'>adtulit.</span> <span class='ocrx_word' id='word_1_54' title='bbox 865 1193 1017 1258; x_wconf 70' lang='lat' dir='ltr'>Disseruit</span> <span class='ocrx_word' id='word_1_55' title='bbox 1040 1195 1189 1278; x_wconf 84' lang='lat' dir='ltr'>pluribne</span> <span class='ocrx_word' id='word_1_56' title='bbox 1215 1197 1259 1257; x_wconf 91' lang='lat' dir='ltr'>de</span> <span class='ocrx_word' id='word_1_57' title='bbox 1283 1217 1357 1258; x_wconf 85' lang='lat' dir='ltr'>veta</span> 
     </span>
     <span class='ocr_line' id='line_1_9' title="bbox 315 1295 1356 1384; baseline -0.004 -20"><span class='ocrx_word' id='word_1_58' title='bbox 315 1297 435 1364; x_wconf 74' lang='lat' dir='ltr'>Africae</span> <span class='ocrx_word' id='word_1_59' title='bbox 450 1299 547 1384; x_wconf 76' lang='lat' dir='ltr'>figura</span> <span class='ocrx_word' id='word_1_60' title='bbox 562 1295 734 1359; x_wconf 85' lang='lat' dir='ltr'>lecttndum</span> <span class='ocrx_word' id='word_1_61' title='bbox 753 1295 870 1358; x_wconf 86' lang='lat' dir='ltr'>Melam</span> <span class='ocrx_word' id='word_1_62' title='bbox 888 1295 999 1358; x_wconf 84' lang='lat' dir='ltr'>Kirlch</span> <span class='ocrx_word' id='word_1_63' title='bbox 1016 1297 1049 1358; x_wconf 89' lang='lat' dir='ltr'>in</span> <span class='ocrx_word' id='word_1_64' title='bbox 1066 1297 1252 1379; x_wconf 83' lang='lat' dir='ltr'>prolufione</span> <span class='ocrx_word' id='word_1_65' title='bbox 1271 1297 1356 1360; x_wconf 82' lang='lat' dir='ltr'>laho-</span> 
     </span>
     <span class='ocr_line' id='line_1_10' title="bbox 313 1397 1355 1481; baseline -0.006 -15"><span class='ocrx_word' id='word_1_66' title='bbox 313 1401 423 1468; x_wconf 78' lang='lat' dir='ltr'>letto.</span> <span class='ocrx_word' id='word_1_67' title='bbox 448 1397 550 1462; x_wconf 82' lang='lat' dir='ltr'>liniae</span> <span class='ocrx_word' id='word_1_68' title='bbox 570 1415 676 1480; x_wconf 83' lang='lat'><strong>¹79¹·</strong></span> <span class='ocrx_word' id='word_1_69' title='bbox 691 1407 725 1480; x_wconf 74' lang='grc'>4.</span> <span class='ocrx_word' id='word_1_70' title='bbox 753 1397 810 1458; x_wconf 90' lang='lat' dir='ltr'>ubi</span> <span class='ocrx_word' id='word_1_71' title='bbox 824 1399 920 1460; x_wconf 85' lang='lat' dir='ltr'>etiam</span> <span class='ocrx_word' id='word_1_72' title='bbox 938 1397 1027 1460; x_wconf 85' lang='lat' dir='ltr'>huna</span> <span class='ocrx_word' id='word_1_73' title='bbox 1047 1399 1157 1460; x_wconf 84' lang='lat' dir='ltr'>locum</span> <span class='ocrx_word' id='word_1_74' title='bbox 1174 1401 1355 1481; x_wconf 73' lang='lat' dir='ltr'>exploravit</span> 
     </span>
     <span class='ocr_line' id='line_1_11' title="bbox 313 1499 1352 1584; baseline -0.002 -19"><span class='ocrx_word' id='word_1_75' title='bbox 313 1517 346 1566; x_wconf 91' lang='lat' dir='ltr'>et</span> <span class='ocrx_word' id='word_1_76' title='bbox 363 1500 518 1584; x_wconf 79' lang='lat' dir='ltr'>exposuit.</span> <span class='ocrx_word' id='word_1_77' title='bbox 567 1501 663 1564; x_wconf 89' lang='lat' dir='ltr'>Plinii</span> <span class='ocrx_word' id='word_1_78' title='bbox 682 1501 788 1568; x_wconf 81' lang='lat' dir='ltr'>locut,</span> <span class='ocrx_word' id='word_1_79' title='bbox 813 1519 908 1581; x_wconf 90' lang='lat' dir='ltr'>quem</span> <span class='ocrx_word' id='word_1_80' title='bbox 923 1499 962 1561; x_wconf 90' lang='lat' dir='ltr'>ad</span> <span class='ocrx_word' id='word_1_81' title='bbox 977 1501 1218 1563; x_wconf 69' lang='lat' dir='ltr'>emendationis</span> <span class='ocrx_word' id='word_1_82' title='bbox 1231 1501 1352 1564; x_wconf 82' lang='lat' dir='ltr'>caulam</span> 
     </span>
     <span class='ocr_line' id='line_1_12' title="bbox 314 1600 1353 1686; baseline -0.004 -16"><span class='ocrx_word' id='word_1_83' title='bbox 314 1600 485 1672; x_wconf 83' lang='lat' dir='ltr'>aroeffirit.</span> <span class='ocrx_word' id='word_1_84' title='bbox 510 1621 622 1686; x_wconf 86' lang='lat' dir='ltr'>parum</span> <span class='ocrx_word' id='word_1_85' title='bbox 639 1601 740 1671; x_wconf 83' lang='lat' dir='ltr'>valet,</span> <span class='ocrx_word' id='word_1_86' title='bbox 764 1619 838 1662; x_wconf 87' lang='lat' dir='ltr'>cunt</span> <span class='ocrx_word' id='word_1_87' title='bbox 857 1613 1036 1684; x_wconf 83' lang='lat' dir='ltr'>corruptam</span> <span class='ocrx_word' id='word_1_88' title='bbox 1056 1601 1117 1664; x_wconf 84' lang='lat' dir='ltr'>elle</span> <span class='ocrx_word' id='word_1_89' title='bbox 1133 1621 1253 1664; x_wconf 83' lang='lat' dir='ltr'>rocem</span> <span class='ocrx_word' id='word_1_90' title='bbox 1270 1603 1353 1666; x_wconf 87' lang='lat' dir='ltr'>Coro</span> 
     </span>
     <span class='ocr_line' id='line_1_13' title="bbox 312 1699 1349 1791; baseline -0.002 -23"><span class='ocrx_word' id='word_1_91' title='bbox 312 1725 371 1791; x_wconf 89' lang='lat' dir='ltr'>pro</span> <span class='ocrx_word' id='word_1_92' title='bbox 387 1707 476 1768; x_wconf 84' lang='lat' dir='ltr'>Euro</span> <span class='ocrx_word' id='word_1_93' title='bbox 499 1702 561 1786; x_wconf 81' lang='lat' dir='ltr'>ipit</span> <span class='ocrx_word' id='word_1_94' title='bbox 576 1723 626 1766; x_wconf 82' lang='lat' dir='ltr'>rea</span> <span class='ocrx_word' id='word_1_95' title='bbox 641 1703 791 1773; x_wconf 82' lang='lat' dir='ltr'>clamitet,</span> <span class='ocrx_word' id='word_1_96' title='bbox 818 1699 987 1784; x_wconf 78' lang='lat' dir='ltr'>frustraque</span> <span class='ocrx_word' id='word_1_97' title='bbox 1010 1702 1115 1764; x_wconf 85' lang='lat' dir='ltr'>obniti</span> <span class='ocrx_word' id='word_1_98' title='bbox 1135 1705 1349 1776; x_wconf 86' lang='lat' dir='ltr'>Harduinum.</span> 
     </span>
    </p>
   </div>
   <div class='ocr_carea' id='block_1_3' title="bbox 214 1805 1349 1888">
    <p class='ocr_par' dir='ltr' id='par_1_3' title="bbox 214 1805 1349 1888">
     <span class='ocr_line' id='line_1_14' title="bbox 214 1805 1349 1888; baseline -0.003 -17"><span class='ocrx_word' id='word_1_99' title='bbox 214 1863 219 1876; x_wconf 89' lang='lat'><strong>.</strong></span> <span class='ocrx_word' id='word_1_100' title='bbox 313 1809 485 1871; x_wconf 81' lang='lat' dir='ltr'>adiuvante</span> <span class='ocrx_word' id='word_1_101' title='bbox 518 1809 613 1868; x_wconf 88' lang='lat' dir='ltr'>etiam</span> <span class='ocrx_word' id='word_1_102' title='bbox 643 1805 773 1874; x_wconf 86' lang='lat' dir='ltr'>Soliuo,</span> <span class='ocrx_word' id='word_1_103' title='bbox 813 1805 869 1884; x_wconf 88' lang='lat' dir='ltr'>qui</span> <span class='ocrx_word' id='word_1_104' title='bbox 895 1805 1026 1885; x_wconf 89' lang='lat' dir='ltr'>quidem</span> <span class='ocrx_word' id='word_1_105' title='bbox 1052 1819 1146 1866; x_wconf 82' lang='lat' dir='ltr'>caute</span> <span class='ocrx_word' id='word_1_106' title='bbox 1173 1807 1349 1888; x_wconf 76' lang='lat' dir='ltr'>interponit</span> 
     </span>
    </p>
   </div>
   <div class='ocr_carea' id='block_1_4' title="bbox 311 1903 1349 2192">
    <p class='ocr_par' dir='ltr' id='par_1_4' title="bbox 311 1903 1349 2192">
     <span class='ocr_line' id='line_1_15' title="bbox 313 1903 1349 1990; baseline -0.004 -18"><span class='ocrx_word' id='word_1_107' title='bbox 313 1923 430 1974; x_wconf 84' lang='lat' dir='ltr'>tomen.</span> <span class='ocrx_word' id='word_1_108' title='bbox 486 1907 605 1968; x_wconf 74' lang='lat' dir='ltr'>Diversi</span> <span class='ocrx_word' id='word_1_109' title='bbox 620 1919 727 1968; x_wconf 85' lang='lat' dir='ltr'>autem</span> <span class='ocrx_word' id='word_1_110' title='bbox 745 1903 847 1966; x_wconf 84' lang='lat' dir='ltr'>lenlue</span> <span class='ocrx_word' id='word_1_111' title='bbox 863 1903 934 1966; x_wconf 84' lang='lat' dir='ltr'>lunt</span> <span class='ocrx_word' id='word_1_112' title='bbox 949 1907 1096 1990; x_wconf 80' lang='lat' dir='ltr'>nauigare</span> <span class='ocrx_word' id='word_1_113' title='bbox 1114 1921 1221 1968; x_wconf 90' lang='lat' dir='ltr'>vento</span> <span class='ocrx_word' id='word_1_114' title='bbox 1239 1911 1349 1990; x_wconf 87' lang='lat' dir='ltr'>aliquo,</span> 
     </span>
     <span class='ocr_line' id='line_1_16' title="bbox 312 2007 1349 2098; baseline 0 -27"><span class='ocrx_word' id='word_1_115' title='bbox 312 2015 360 2072; x_wconf 88' lang='lat' dir='ltr'>uti</span> <span class='ocrx_word' id='word_1_116' title='bbox 378 2012 411 2070; x_wconf 90' lang='lat' dir='ltr'>in</span> <span class='ocrx_word' id='word_1_117' title='bbox 430 2009 546 2080; x_wconf 84' lang='lat' dir='ltr'>Plinio.</span> <span class='ocrx_word' id='word_1_118' title='bbox 572 2021 604 2068; x_wconf 88' lang='lat' dir='ltr'>et</span> <span class='ocrx_word' id='word_1_119' title='bbox 623 2008 662 2068; x_wconf 85' lang='lat' dir='ltr'>ad</span> <span class='ocrx_word' id='word_1_120' title='bbox 677 2020 813 2096; x_wconf 76' lang='lat' dir='ltr'>ventuttt</span> <span class='ocrx_word' id='word_1_121' title='bbox 831 2007 968 2090; x_wconf 80' lang='lat' dir='ltr'>aliquem</span> <span class='ocrx_word' id='word_1_122' title='bbox 989 2009 1012 2070; x_wconf 90' lang='lat' dir='ltr'>i.</span> <span class='ocrx_word' id='word_1_123' title='bbox 1034 2027 1063 2070; x_wconf 92' lang='lat' dir='ltr'>e.</span> <span class='ocrx_word' id='word_1_124' title='bbox 1090 2021 1195 2071; x_wconf 78' lang='lat' dir='ltr'>terrae</span> <span class='ocrx_word' id='word_1_125' title='bbox 1219 2011 1349 2098; x_wconf 78' lang='lat' dir='ltr'>plagam.</span> 
     </span>
     <span class='ocr_line' id='line_1_17' title="bbox 311 2109 647 2192; baseline -0.015 -16"><span class='ocrx_word' id='word_1_126' title='bbox 311 2131 380 2176; x_wconf 83' lang='lat' dir='ltr'>otta</span> <span class='ocrx_word' id='word_1_127' title='bbox 403 2109 504 2192; x_wconf 81' lang='lat' dir='ltr'>loqui,</span> <span class='ocrx_word' id='word_1_128' title='bbox 530 2122 566 2171; x_wconf 88' lang='lat' dir='ltr'>ut</span> <span class='ocrx_word' id='word_1_129' title='bbox 585 2109 647 2172; x_wconf 82' lang='lat' dir='ltr'>hic.</span> 
     </span>
    </p>
   </div>
   <div class='ocr_carea' id='block_1_5' title="bbox 309 2311 1348 2510">
    <p class='ocr_par' dir='ltr' id='par_1_5' title="bbox 309 2311 1348 2510">
     <span class='ocr_line' id='line_1_18' title="bbox 386 2311 1348 2400; baseline 0.002 -26"><span class='ocrx_word' id='word_1_130' title='bbox 386 2311 554 2394; x_wconf 81' lang='lat' dir='ltr'>ripae)</span> <span class='ocrx_word' id='word_1_131' title='bbox 604 2313 651 2374; x_wconf 82' lang='lat' dir='ltr'>lta</span> <span class='ocrx_word' id='word_1_132' title='bbox 674 2329 788 2374; x_wconf 78' lang='lat' dir='ltr'>omnen</span> <span class='ocrx_word' id='word_1_133' title='bbox 811 2311 903 2384; x_wconf 83' lang='lat' dir='ltr'>libri,</span> <span class='ocrx_word' id='word_1_134' title='bbox 936 2325 1059 2374; x_wconf 83' lang='lat' dir='ltr'>tantum</span> <span class='ocrx_word' id='word_1_135' title='bbox 1083 2325 1179 2376; x_wconf 85' lang='lat' dir='ltr'>antea</span> <span class='ocrx_word' id='word_1_136' title='bbox 1204 2315 1298 2400; x_wconf 85' lang='lat' dir='ltr'>Prag.</span> <span class='ocrx_word' id='word_1_137' title='bbox 1318 2325 1348 2376; x_wconf 77' lang='lat' dir='ltr'>ee</span> 
     </span>
     <span class='ocr_line' id='line_1_19' title="bbox 309 2405 1344 2510; baseline -0.003 -30"><span class='ocrx_word' id='word_1_138' title='bbox 309 2415 412 2510; x_wconf 81' lang='lat' dir='ltr'>vastis</span> <span class='ocrx_word' id='word_1_139' title='bbox 432 2415 531 2476; x_wconf 84' lang='lat' dir='ltr'>omnis</span> <span class='ocrx_word' id='word_1_140' title='bbox 552 2412 672 2508; x_wconf 82' lang='lat' dir='ltr'>uastis‚·</span> <span class='ocrx_word' id='word_1_141' title='bbox 706 2415 846 2477; x_wconf 89' lang='lat' dir='ltr'>Vindob.</span> <span class='ocrx_word' id='word_1_142' title='bbox 874 2405 1015 2505; x_wconf 73' lang='lat' dir='ltr'>perciso3</span> <span class='ocrx_word' id='word_1_143' title='bbox 1054 2413 1142 2476; x_wconf 89' lang='lat' dir='ltr'>Gud.</span> <span class='ocrx_word' id='word_1_144' title='bbox 1165 2407 1344 2508; x_wconf 66' lang='lat' dir='ltr'>praecausa:</span> 
     </span>
    </p>
   </div>
   <div class='ocr_carea' id='block_1_6' title="bbox 303 2507 1353 4224">
    <p class='ocr_par' dir='ltr' id='par_1_6' title="bbox 303 2507 1353 4224">
     <span class='ocr_line' id='line_1_20' title="bbox 310 2507 1346 2608; baseline 0 -28"><span class='ocrx_word' id='word_1_145' title='bbox 310 2519 380 2604; x_wconf 81' lang='lat' dir='ltr'>poll</span> <span class='ocrx_word' id='word_1_146' title='bbox 401 2517 491 2602; x_wconf 80' lang='lat' dir='ltr'>Prag.</span> <span class='ocrx_word' id='word_1_147' title='bbox 514 2517 736 2598; x_wconf 82' lang='lat' dir='ltr'>potiusquam</span> <span class='ocrx_word' id='word_1_148' title='bbox 760 2517 855 2576; x_wconf 79' lang='lat' dir='ltr'>litora</span> <span class='ocrx_word' id='word_1_149' title='bbox 868 2507 960 2608; x_wconf 79' lang='lat' dir='ltr'>suut.</span> <span class='ocrx_word' id='word_1_150' title='bbox 996 2531 1210 2580; x_wconf 75' lang='lat' dir='ltr'>rzscttvcttn.</span> <span class='ocrx_word' id='word_1_151' title='bbox 1264 2519 1346 2598; x_wconf 82' lang='lat' dir='ltr'>Ripa</span> 
     </span>
     <span class='ocr_line' id='line_1_21' title="bbox 312 2613 1347 2706; baseline -0.002 -22"><span class='ocrx_word' id='word_1_152' title='bbox 312 2621 355 2684; x_wconf 82' lang='lat' dir='ltr'>etl</span> <span class='ocrx_word' id='word_1_153' title='bbox 372 2621 471 2682; x_wconf 86' lang='lat' dir='ltr'>littut·</span> <span class='ocrx_word' id='word_1_154' title='bbox 510 2619 604 2680; x_wconf 84' lang='lat' dir='ltr'>Forte</span> <span class='ocrx_word' id='word_1_155' title='bbox 627 2639 727 2696; x_wconf 85' lang='lat' dir='ltr'>rupes.</span> <span class='ocrx_word' id='word_1_156' title='bbox 762 2619 934 2679; x_wconf 71' lang='lat' dir='ltr'>Suetonius</span> <span class='ocrx_word' id='word_1_157' title='bbox 950 2618 983 2678; x_wconf 86' lang='lat' dir='ltr'>in</span> <span class='ocrx_word' id='word_1_158' title='bbox 999 2615 1133 2680; x_wconf 83' lang='lat' dir='ltr'>Tilterio</span> <span class='ocrx_word' id='word_1_159' title='bbox 1157 2614 1251 2706; x_wconf 80' lang='lat' dir='ltr'>[etp.</span> <span class='ocrx_word' id='word_1_160' title='bbox 1267 2613 1347 2706; x_wconf 51' lang='lat' dir='ltr'>opo]</span> 
     </span>
     <span class='ocr_line' id='line_1_22' title="bbox 313 2710 1350 2810; baseline -0.003 -25"><span class='ocrx_word' id='word_1_161' title='bbox 313 2721 457 2802; x_wconf 75' lang='lat' dir='ltr'>Capreas</span> <span class='ocrx_word' id='word_1_162' title='bbox 470 2710 508 2810; x_wconf 83' lang='lat' dir='ltr'>se</span> <span class='ocrx_word' id='word_1_163' title='bbox 528 2719 682 2789; x_wconf 81' lang='lat' dir='ltr'>eontulit.</span> <span class='ocrx_word' id='word_1_164' title='bbox 714 2720 883 2802; x_wconf 78' lang='lat' dir='ltr'>praecipue</span> <span class='ocrx_word' id='word_1_165' title='bbox 908 2719 1079 2780; x_wconf 80' lang='lat' dir='ltr'>delectatne</span> <span class='ocrx_word' id='word_1_166' title='bbox 1106 2718 1229 2790; x_wconf 83' lang='lat' dir='ltr'>insula,</span> <span class='ocrx_word' id='word_1_167' title='bbox 1264 2721 1350 2804; x_wconf 85' lang='lat' dir='ltr'>quod</span> 
     </span>
     <span class='ocr_line' id='line_1_23' title="bbox 310 2809 1351 2910; baseline -0.001 -25"><span class='ocrx_word' id='word_1_168' title='bbox 310 2843 374 2886; x_wconf 89' lang='lat' dir='ltr'>tmo</span> <span class='ocrx_word' id='word_1_169' title='bbox 395 2841 556 2904; x_wconf 78' lang='lat' dir='ltr'>parvoque</span> <span class='ocrx_word' id='word_1_170' title='bbox 579 2821 671 2882; x_wconf 81' lang='lat' dir='ltr'>litore</span> <span class='ocrx_word' id='word_1_171' title='bbox 692 2820 849 2890; x_wconf 84' lang='lat' dir='ltr'>adiretur,</span> <span class='ocrx_word' id='word_1_172' title='bbox 875 2809 974 2910; x_wconf 78' lang='lat' dir='ltr'>septa</span> <span class='ocrx_word' id='word_1_173' title='bbox 997 2819 1134 2903; x_wconf 80' lang='lat' dir='ltr'>undique</span> <span class='ocrx_word' id='word_1_174' title='bbox 1162 2824 1351 2903; x_wconf 69' lang='lat' dir='ltr'>promptis</span> 
     </span>
     <span class='ocr_line' id='line_1_24' title="bbox 309 2913 1352 3014; baseline 0.001 -31"><span class='ocrx_word' id='word_1_175' title='bbox 309 2913 477 3014; x_wconf 83' lang='lat' dir='ltr'>immensae</span> <span class='ocrx_word' id='word_1_176' title='bbox 496 2921 678 2983; x_wconf 67' lang='lat' dir='ltr'>altitudinis</span> <span class='ocrx_word' id='word_1_177' title='bbox 701 2919 839 3000; x_wconf 81' lang='lat' dir='ltr'>rupibus.</span> <span class='ocrx_word' id='word_1_178' title='bbox 883 2923 982 3002; x_wconf 87' lang='lat' dir='ltr'>Supra</span> <span class='ocrx_word' id='word_1_179' title='bbox 1005 2920 1061 2982; x_wconf 89' lang='lat' dir='ltr'>lib.</span> <span class='ocrx_word' id='word_1_180' title='bbox 1082 2940 1112 2984; x_wconf 93' lang='grc' dir='ltr'>ι.</span> <span class='ocrx_word' id='word_1_181' title='bbox 1135 2941 1205 3003; x_wconf 85' lang='lat' dir='ltr'>cap.</span> <span class='ocrx_word' id='word_1_182' title='bbox 1228 2943 1286 3003; x_wconf 87' lang='lat' dir='ltr'>t9.</span> <span class='ocrx_word' id='word_1_183' title='bbox 1310 2925 1352 2987; x_wconf 86' lang='lat' dir='ltr'>de</span> 
     </span>
     <span class='ocr_line' id='line_1_25' title="bbox 309 3012 1353 3112; baseline 0 -24"><span class='ocrx_word' id='word_1_184' title='bbox 309 3027 417 3089; x_wconf 88' lang='lat' dir='ltr'>Ponto</span> <span class='ocrx_word' id='word_1_185' title='bbox 442 3025 588 3084; x_wconf 81' lang='lat' dir='ltr'>Euxino:</span> <span class='ocrx_word' id='word_1_186' title='bbox 624 3023 700 3084; x_wconf 85' lang='lat' dir='ltr'>Nou</span> <span class='ocrx_word' id='word_1_187' title='bbox 726 3022 826 3092; x_wconf 85' lang='lat' dir='ltr'>mulli,</span> <span class='ocrx_word' id='word_1_188' title='bbox 854 3043 949 3104; x_wconf 81' lang='lat' dir='ltr'>neque</span> <span class='ocrx_word' id='word_1_189' title='bbox 972 3012 1103 3112; x_wconf 82' lang='lat' dir='ltr'>arenoso</span> <span class='ocrx_word' id='word_1_190' title='bbox 1127 3025 1353 3087; x_wconf 75' lang='lat' dir='ltr'>circumdatur</span> 
     </span>
     <span class='ocr_line' id='line_1_26' title="bbox 307 3121 1352 3209; baseline -0.001 -21"><span class='ocrx_word' id='word_1_191' title='bbox 307 3127 407 3188; x_wconf 83' lang='lat' dir='ltr'>litore.</span> <span class='ocrx_word' id='word_1_192' title='bbox 436 3143 649 3186; x_wconf 78' lang='lat' dir='ltr'>cttttcotttvt.</span> <span class='ocrx_word' id='word_1_193' title='bbox 694 3124 863 3186; x_wconf 70' lang='lat' dir='ltr'>Turnebus</span> <span class='ocrx_word' id='word_1_194' title='bbox 876 3121 1029 3185; x_wconf 78' lang='lat' dir='ltr'>adversar.</span> <span class='ocrx_word' id='word_1_195' title='bbox 1045 3125 1079 3193; x_wconf 87' lang='lat'>6,</span> <span class='ocrx_word' id='word_1_196' title='bbox 1099 3141 1154 3202; x_wconf 83' lang='lat' dir='ltr'>t9,</span> <span class='ocrx_word' id='word_1_197' title='bbox 1176 3146 1275 3202; x_wconf 87' lang='lat' dir='ltr'>rupes</span> <span class='ocrx_word' id='word_1_198' title='bbox 1289 3145 1352 3209; x_wconf 88' lang='lat' dir='ltr'>pro</span> 
     </span>
     <span class='ocr_line' id='line_1_27' title="bbox 308 3222 1351 3307; baseline 0.002 -17"><span class='ocrx_word' id='word_1_199' title='bbox 308 3229 395 3307; x_wconf 80' lang='lat' dir='ltr'>ripae</span> <span class='ocrx_word' id='word_1_200' title='bbox 415 3229 553 3307; x_wconf 81' lang='lat' dir='ltr'>reponit.</span> <span class='ocrx_word' id='word_1_201' title='bbox 589 3225 664 3286; x_wconf 88' lang='lat' dir='ltr'>Non</span> <span class='ocrx_word' id='word_1_202' title='bbox 683 3222 803 3306; x_wconf 83' lang='lat' dir='ltr'>sequor.</span> <span class='ocrx_word' id='word_1_203' title='bbox 828 3225 910 3286; x_wconf 86' lang='lat' dir='ltr'>Mela</span> <span class='ocrx_word' id='word_1_204' title='bbox 926 3225 1014 3286; x_wconf 87' lang='lat' dir='ltr'>enim</span> <span class='ocrx_word' id='word_1_205' title='bbox 1030 3225 1063 3284; x_wconf 93' lang='lat' dir='ltr'>in</span> <span class='ocrx_word' id='word_1_206' title='bbox 1083 3225 1231 3287; x_wconf 84' lang='lat' dir='ltr'>antitheli</span> <span class='ocrx_word' id='word_1_207' title='bbox 1252 3229 1351 3292; x_wconf 80' lang='lat' dir='ltr'>ludit.</span> 
     </span>
     <span class='ocr_line' id='line_1_28' title="bbox 308 3324 1350 3412; baseline -0.001 -19"><span class='ocrx_word' id='word_1_208' title='bbox 308 3347 487 3394; x_wconf 78' lang='lat' dir='ltr'>tcttorrrs.</span> <span class='ocrx_word' id='word_1_209' title='bbox 529 3329 640 3407; x_wconf 81' lang='lat' dir='ltr'>Rupes</span> <span class='ocrx_word' id='word_1_210' title='bbox 654 3345 712 3407; x_wconf 89' lang='lat' dir='ltr'>pro</span> <span class='ocrx_word' id='word_1_211' title='bbox 728 3327 805 3405; x_wconf 83' lang='lat' dir='ltr'>ripis</span> <span class='ocrx_word' id='word_1_212' title='bbox 820 3327 873 3388; x_wconf 86' lang='lat' dir='ltr'>ltic</span> <span class='ocrx_word' id='word_1_213' title='bbox 885 3324 1229 3396; x_wconf 78' lang='lat' dir='ltr'>substituitTurnebue,</span> <span class='ocrx_word' id='word_1_214' title='bbox 1248 3331 1350 3412; x_wconf 81' lang='lat' dir='ltr'>idque</span> 
     </span>
     <span class='ocr_line' id='line_1_29' title="bbox 307 3427 1351 3512; baseline -0.002 -20"><span class='ocrx_word' id='word_1_215' title='bbox 307 3431 460 3492; x_wconf 78' lang='lat' dir='ltr'>videntur</span> <span class='ocrx_word' id='word_1_216' title='bbox 473 3429 657 3490; x_wconf 80' lang='lat' dir='ltr'>confirmare</span> <span class='ocrx_word' id='word_1_217' title='bbox 675 3427 901 3509; x_wconf 83' lang='lat' dir='ltr'>praecedentia.</span> <span class='ocrx_word' id='word_1_218' title='bbox 923 3447 996 3488; x_wconf 85' lang='lat' dir='ltr'>cum</span> <span class='ocrx_word' id='word_1_219' title='bbox 1011 3428 1099 3496; x_wconf 88' lang='lat' dir='ltr'>dicit,</span> <span class='ocrx_word' id='word_1_220' title='bbox 1125 3431 1236 3490; x_wconf 88' lang='lat' dir='ltr'>omnia</span> <span class='ocrx_word' id='word_1_221' title='bbox 1258 3451 1351 3512; x_wconf 84' lang='lat' dir='ltr'>prae·</span> 
     </span>
     <span class='ocr_line' id='line_1_30' title="bbox 308 3528 1348 3614; baseline -0.002 -18"><span class='ocrx_word' id='word_1_222' title='bbox 308 3531 365 3596; x_wconf 79' lang='lat' dir='ltr'>cisa</span> <span class='ocrx_word' id='word_1_223' title='bbox 388 3529 447 3594; x_wconf 85' lang='lat' dir='ltr'>elle</span> <span class='ocrx_word' id='word_1_224' title='bbox 464 3529 554 3592; x_wconf 80' lang='lat' dir='ltr'>vellit</span> <span class='ocrx_word' id='word_1_225' title='bbox 575 3529 753 3590; x_wconf 72' lang='lat' dir='ltr'>montibus.</span> <span class='ocrx_word' id='word_1_226' title='bbox 804 3531 864 3592; x_wconf 87' lang='lat' dir='ltr'>Sed</span> <span class='ocrx_word' id='word_1_227' title='bbox 888 3547 947 3589; x_wconf 88' lang='lat' dir='ltr'>uec</span> <span class='ocrx_word' id='word_1_228' title='bbox 969 3528 1049 3611; x_wconf 83' lang='lat' dir='ltr'>iple.</span> <span class='ocrx_word' id='word_1_229' title='bbox 1080 3547 1141 3590; x_wconf 84' lang='lat' dir='ltr'>uec</span> <span class='ocrx_word' id='word_1_230' title='bbox 1162 3529 1217 3590; x_wconf 88' lang='lat' dir='ltr'>alii</span> <span class='ocrx_word' id='word_1_231' title='bbox 1237 3553 1348 3614; x_wconf 86' lang='lat' dir='ltr'>perae·</span> 
     </span>
     <span class='ocr_line' id='line_1_31' title="bbox 304 3631 1346 3717; baseline 0.001 -22"><span class='ocrx_word' id='word_1_232' title='bbox 304 3653 379 3717; x_wconf 92' lang='lat' dir='ltr'>pere</span> <span class='ocrx_word' id='word_1_233' title='bbox 403 3645 544 3692; x_wconf 88' lang='lat' dir='ltr'>mentem</span> <span class='ocrx_word' id='word_1_234' title='bbox 566 3631 750 3714; x_wconf 88' lang='lat' dir='ltr'>Pomponii.</span> <span class='ocrx_word' id='word_1_235' title='bbox 795 3631 866 3692; x_wconf 87' lang='lat' dir='ltr'>Hoc</span> <span class='ocrx_word' id='word_1_236' title='bbox 890 3631 986 3700; x_wconf 84' lang='lat' dir='ltr'>dicit.</span> <span class='ocrx_word' id='word_1_237' title='bbox 1012 3649 1099 3692; x_wconf 87' lang='lat' dir='ltr'>mate</span> <span class='ocrx_word' id='word_1_238' title='bbox 1121 3650 1188 3693; x_wconf 90' lang='lat' dir='ltr'>non</span> <span class='ocrx_word' id='word_1_239' title='bbox 1206 3635 1346 3714; x_wconf 83' lang='lat' dir='ltr'>quidem</span> 
     </span>
     <span class='ocr_line' id='line_1_32' title="bbox 305 3731 1344 3816; baseline 0 -18"><span class='ocrx_word' id='word_1_240' title='bbox 305 3736 448 3804; x_wconf 84' lang='lat' dir='ltr'>deiicere,</span> <span class='ocrx_word' id='word_1_241' title='bbox 476 3731 525 3794; x_wconf 88' lang='lat' dir='ltr'>led</span> <span class='ocrx_word' id='word_1_242' title='bbox 541 3733 582 3793; x_wconf 86' lang='lat' dir='ltr'>ita</span> <span class='ocrx_word' id='word_1_243' title='bbox 597 3731 762 3816; x_wconf 79' lang='lat' dir='ltr'>angustum</span> <span class='ocrx_word' id='word_1_244' title='bbox 777 3733 854 3802; x_wconf 80' lang='lat' dir='ltr'>fieri.</span> <span class='ocrx_word' id='word_1_245' title='bbox 882 3745 918 3792; x_wconf 90' lang='lat' dir='ltr'>ut</span> <span class='ocrx_word' id='word_1_246' title='bbox 937 3733 1129 3794; x_wconf 79' lang='lat' dir='ltr'>contrarium</span> <span class='ocrx_word' id='word_1_247' title='bbox 1153 3739 1287 3796; x_wconf 83' lang='lat' dir='ltr'>eveniat</span> <span class='ocrx_word' id='word_1_248' title='bbox 1303 3740 1344 3808; x_wconf 86' lang='lat' dir='ltr'>ei,</span> 
     </span>
     <span class='ocr_line' id='line_1_33' title="bbox 305 3828 1344 3924; baseline 0 -25"><span class='ocrx_word' id='word_1_249' title='bbox 305 3837 391 3918; x_wconf 86' lang='lat' dir='ltr'>quod</span> <span class='ocrx_word' id='word_1_250' title='bbox 410 3835 449 3896; x_wconf 90' lang='lat' dir='ltr'>de</span> <span class='ocrx_word' id='word_1_251' title='bbox 470 3833 658 3895; x_wconf 74' lang='lat' dir='ltr'>fluminibus</span> <span class='ocrx_word' id='word_1_252' title='bbox 681 3833 939 3900; x_wconf 66' lang='lat' dir='ltr'>conuertitur,</span> <span class='ocrx_word' id='word_1_253' title='bbox 967 3828 1121 3920; x_wconf 85' lang='lat' dir='ltr'>[Metam.</span> <span class='ocrx_word' id='word_1_254' title='bbox 1141 3854 1170 3905; x_wconf 87' lang='grc' dir='ltr'>ι,</span> <span class='ocrx_word' id='word_1_255' title='bbox 1185 3833 1271 3924; x_wconf 65' lang='lat'>42]</span> <span class='ocrx_word' id='word_1_256' title='bbox 1306 3853 1344 3899; x_wconf 87' lang='lat' dir='ltr'>nt</span> 
     </span>
     <span class='ocr_line' id='line_1_34' title="bbox 304 3933 1341 4017; baseline 0.001 -17"><span class='ocrx_word' id='word_1_257' title='bbox 304 3938 445 4000; x_wconf 85' lang='lat' dir='ltr'>liberiori</span> <span class='ocrx_word' id='word_1_258' title='bbox 461 3934 558 4017; x_wconf 77' lang='lat' dir='ltr'>[petio</span> <span class='ocrx_word' id='word_1_259' title='bbox 574 3947 694 4017; x_wconf 85' lang='lat' dir='ltr'>recepta</span> <span class='ocrx_word' id='word_1_260' title='bbox 711 3954 770 4016; x_wconf 91' lang='lat' dir='ltr'>pro</span> <span class='ocrx_word' id='word_1_261' title='bbox 793 3937 870 4016; x_wconf 88' lang='lat' dir='ltr'>ripit</span> <span class='ocrx_word' id='word_1_262' title='bbox 890 3935 981 3996; x_wconf 85' lang='lat' dir='ltr'>litora</span> <span class='ocrx_word' id='word_1_263' title='bbox 1002 3933 1136 4016; x_wconf 79' lang='lat' dir='ltr'>putrent.</span> <span class='ocrx_word' id='word_1_264' title='bbox 1173 3937 1238 3998; x_wconf 85' lang='lat' dir='ltr'>Hic</span> <span class='ocrx_word' id='word_1_265' title='bbox 1251 3941 1341 4000; x_wconf 88' lang='lat' dir='ltr'>enim</span> 
     </span>
     <span class='ocr_line' id='line_1_35' title="bbox 303 4037 1339 4126; baseline 0 -26"><span class='ocrx_word' id='word_1_266' title='bbox 303 4051 405 4126; x_wconf 83' lang='lat' dir='ltr'>putat,</span> <span class='ocrx_word' id='word_1_267' title='bbox 428 4057 514 4098; x_wconf 85' lang='lat' dir='ltr'>mare</span> <span class='ocrx_word' id='word_1_268' title='bbox 530 4037 572 4097; x_wconf 85' lang='lat' dir='ltr'>ita</span> <span class='ocrx_word' id='word_1_269' title='bbox 590 4037 624 4096; x_wconf 90' lang='lat' dir='ltr'>in</span> <span class='ocrx_word' id='word_1_270' title='bbox 641 4047 762 4098; x_wconf 85' lang='lat' dir='ltr'>arctum</span> <span class='ocrx_word' id='word_1_271' title='bbox 778 4037 880 4120; x_wconf 80' lang='lat' dir='ltr'>redigi</span> <span class='ocrx_word' id='word_1_272' title='bbox 897 4037 978 4096; x_wconf 88' lang='lat' dir='ltr'>inter</span> <span class='ocrx_word' id='word_1_273' title='bbox 994 4039 1072 4098; x_wconf 81' lang='lat' dir='ltr'>duas</span> <span class='ocrx_word' id='word_1_274' title='bbox 1088 4050 1195 4108; x_wconf 74' lang='lat' dir='ltr'>terras,</span> <span class='ocrx_word' id='word_1_275' title='bbox 1222 4059 1339 4122; x_wconf 86' lang='lat' dir='ltr'>nempe</span> 
     </span>
     <span class='ocr_line' id='line_1_36' title="bbox 304 4137 1340 4224; baseline -0.003 -20"><span class='ocrx_word' id='word_1_276' title='bbox 304 4140 388 4204; x_wconf 79' lang='lat' dir='ltr'>hmo</span> <span class='ocrx_word' id='word_1_277' title='bbox 409 4139 545 4200; x_wconf 82' lang='lat' dir='ltr'>nostram</span> <span class='ocrx_word' id='word_1_278' title='bbox 566 4151 599 4200; x_wconf 93' lang='lat' dir='ltr'>et</span> <span class='ocrx_word' id='word_1_279' title='bbox 619 4138 795 4222; x_wconf 83' lang='lat' dir='ltr'>appolitent</span> <span class='ocrx_word' id='word_1_280' title='bbox 820 4137 1042 4210; x_wconf 86' lang='lat' dir='ltr'>antichthona‚</span> <span class='ocrx_word' id='word_1_281' title='bbox 1072 4153 1111 4200; x_wconf 87' lang='lat' dir='ltr'>nt</span> <span class='ocrx_word' id='word_1_282' title='bbox 1132 4139 1228 4202; x_wconf 86' lang='lat' dir='ltr'>litora</span> <span class='ocrx_word' id='word_1_283' title='bbox 1255 4143 1340 4224; x_wconf 81' lang='lat' dir='ltr'>ripae</span> 
     </span>
    </p>
   </div>
   <div class='ocr_carea' id='block_1_7' title="bbox 0 0 1444 4940">
    <p class='ocr_par' dir='ltr' id='par_1_7' title="bbox 0 0 1444 4940">
     <span class='ocr_line' id='line_1_37' title="bbox 0 0 1444 4940; baseline 0 0"><span class='ocrx_word' id='word_1_284' title='bbox 0 0 1444 4940; x_wconf 95' lang='lat' dir='ltr'> </span> 
     </span>
    </p>
   </div>
  </div>
 </body>
</html>
