2880 4940
374 463 465 522 Lm
493 463 546 518 m.
589 461 623 520 C.
644 461 681 519 X.
722 460 802 538 Μ.
1044 469 1107 544 369

70 640 159 710 anim
176 657 195 702 e
213 649 283 700 toto
301 633 567 722 Geograpsrorum
584 635 876 717 Historscorumque
893 651 984 700 coetu
1000 651 1106 702 aucto·

68 762 139 804 reru
166 739 271 810 dabit,
311 739 367 820 qui
393 735 508 800 reserat
534 755 602 798 non
630 739 729 799 modo
759 737 898 818 pupusot
920 739 1053 820 ,Terotos
1072 753 1106 804 et

68 841 222 911 Bornos,
258 838 308 902 sed
329 859 370 900 ne
396 853 529 901 tenuem
557 839 688 919 quidem
710 836 839 898 issoruru
867 839 1105 902 fimtttrmtinem

66 956 125 1012 aut
159 941 325 1026 vestigium
359 939 498 1021 aliquod.
568 939 771 1022 Quapropter
807 938 848 1000 sic
880 943 1105 1025 corrigendum

71 1039 184 1106 censeo
192 1039 220 1103 ι’
233 1039 323 1106 Hirta
345 1042 408 1102 iam
432 1039 578 1102 laetiores
603 1041 785 1118 amoeniqrrc
797 1031 907 1130 saltur
931 1041 1104 1104 terebintho

70 1141 182 1206 arbore
200 1139 378 1204 nburrdout.
430 1139 514 1202 Nam
534 1153 656 1222 praeter
673 1137 797 1220 Syriam
821 1153 852 1200 et
875 1143 931 1204 asia
955 1143 1036 1213 soca,
1070 1146 1104 1205 in

69 1243 188 1326 quibua
209 1241 342 1304 nascitur
369 1238 564 1304 terebinthus
584 1241 692 1311 arbor,
725 1237 806 1302 nasci
828 1243 924 1304 etiam
947 1245 979 1304 in
1003 1243 1105 1315 Africa

70 1342 274 1406 Dioscoridea
296 1356 406 1404 auctor
426 1341 469 1404 esi
490 1341 545 1404 lib.
568 1359 598 1404 t.
630 1337 676 1428 [c.
700 1334 782 1426 qm]
835 1345 914 1402 stem
939 1363 1103 1408 amoenam

71 1445 134 1506 asie
163 1444 325 1514 arborem.
359 1463 418 1504 nec
443 1439 678 1523 stoudiperdanr
703 1443 790 1504 idem
817 1441 1016 1508 Dioscorides
1042 1447 1104 1527 [s]

69 1546 191 1628 prodit.
241 1545 366 1606 Psiuiua
388 1563 515 1625 quoque
544 1539 622 1634 [tib.
651 1544 705 1607 ro.
732 1563 757 1606 c.
784 1557 841 1619 50.
866 1541 885 1603 s.
918 1541 994 1630 rip]
1023 1549 1105 1606 inter

70 1646 201 1708 arborea
220 1660 401 1716 enumerat,
432 1664 513 1726 quae
534 1655 660 1706 montet
681 1658 803 1713 amant.
834 1645 1009 1730 quibusque
1030 1645 1104 1708 solia

71 1765 238 1828 nunquam
258 1747 422 1817 deciduum
447 1741 535 1832 [vid.
558 1747 611 1816 16,
634 1757 692 1823 33·
709 1743 730 1808 s.
750 1741 828 1832 21.]
863 1767 943 1826 quae
975 1749 1105 1829 quaiitae

71 1849 241 1932 praecipua
256 1847 298 1910 esi
314 1847 513 1908 amoenitatis
532 1843 691 1908 arborum.
720 1863 918 1910 rrn'rrrture.
971 1851 1105 1910 Hermo·

74 1949 143 2010 tanc
158 1949 191 2008 in
207 1945 382 2010 Corottrrto
398 1949 434 2009 ad
457 1945 687 2017 Dioscoridem‚
713 1941 790 2033 [lib.
816 1967 843 2009 a.
864 1967 890 2010 c.
913 1950 1038 2034 1654
1059 1969 1103 2012 m.

82 2051 138 2113 26.
159 2042 212 2134 b.]
239 2051 316 2110 dum
340 2050 405 2132 agit
431 2047 471 2108 de
503 2049 612 2126 cytino
636 2045 675 2108 sic
700 2049 760 2110 ait:
800 2049 951 2132 „Etenim
978 2049 1106 2112 Sisenna

78 2143 184 2236 [apud
207 2147 350 2210 Nonium
381 2147 564 2210 Marcellum
589 2161 621 2218 tt,
647 2145 750 2235 547r]
774 2142 946 2238 ferabitim
969 2171 1026 2232 pro
1051 2150 1107 2231 tyt-

28 2287 33 2300 ·
77 2249 172 2312 vestri
194 2249 316 2312 arbuiio
341 2247 477 2330 posuit?
495 2249 637 2318 Partim,
664 2249 785 2330 iuquit,
804 2241 962 2336 ferabitc.
988 2253 1108 2332 partim

77 2351 169 2412 sauro
189 2361 284 2430 atque
307 2351 386 2428 pinu
409 2347 612 2412 abrrrrdout.“
675 2349 772 2432 Quod
795 2351 816 2410 sr
843 2349 969 2414 Sisenna
995 2354 1108 2416 debit

79 2453 230 2532 loquitur,
256 2446 574 2512 accommodatiffime
588 2449 649 2510 hoc
665 2449 735 2511 ioco
759 2450 821 2532 legi
841 2451 938 2532 posset
955 2451 1108 2524 Ferabite,

79 2555 159 2632 pina
185 2563 216 2612 et
242 2550 332 2614 sauro
361 2535 538 2612 abrotani.
602 2551 810 2632 Quaerendus
838 2549 984 2612 Sisennae
1009 2554 1107 2622 socna.
1224 2609 1232 2626 .
1278 2587 1282 2594 ·

81 2651 200 2734 quiesi
222 2653 304 2734 apud
326 2651 471 2712 Nonium
494 2654 527 2712 iu
549 2670 586 2712 eo
609 2649 727 2724 aerbo;
761 2649 809 2710 sed
835 2652 1006 2735 legendum
1029 2657 1107 2718 vite.

82 2749 153 2842 [uti
179 2753 274 2814 etiam
297 2753 386 2814 dedit
415 2747 568 2839 Meroen]
608 2769 820 2814 cruccourva.
859 2751 1031 2812 terebintho
1061 2775 1111 2814 ar·

80 2852 155 2916 bora
177 2848 234 2937 n.)
290 2851 365 2914 Non
390 2853 557 2914 verisuuise
582 2851 625 2913 esi
651 2867 812 2912 auctorem
839 2851 980 2914 nostrum
1010 2873 1106 2914 unaru

81 2967 207 3016 tanturn
230 2953 445 3014 terebinthum
462 2955 546 3014 inter
566 2951 692 3014 deliciae
710 2951 829 3014 Africae
849 2952 999 3020 retulisse.
1032 2975 1108 3014 cum

80 3074 119 3118 ea
136 3053 227 3116 arbor
243 3053 316 3114 aiibi
340 3073 466 3136 quoque
484 3051 552 3116 satia
574 3053 611 3114 srt
632 3051 790 3134 frequent.
843 3053 991 3116 silesioreu
1013 3045 1110 3116 macru

83 3156 201 3218 exarati
231 3153 302 3214 libri
335 3155 376 3216 ita
403 3153 539 3216 habeutt
581 3151 792 3216 Beroteberiut'
817 3151 904 3214 ebore
933 3153 1110 3217 abortant.

84 3257 230 3320 Aliorum
258 3256 452 3318 coniecturae
478 3273 727 3318 commemorare
759 3275 824 3316 non
850 3255 893 3316 esi
919 3257 1013 3316 uosui
1040 3257 1110 3318 otii.

85 3357 158 3440 Ego
181 3355 220 3416 stc
245 3351 442 3417 scribendum
466 3357 620 3418 coniicio:
653 3353 755 3422 ebeno,
781 3355 954 3418 terebintho
974 3369 1005 3416 et
1025 3355 1113 3416 ebore
1239 3389 1244 3404 ι

84 3453 261 3520 abundant.
299 3457 387 3516 Ebur
401 3457 453 3516 hic
466 3457 562 3536 accipi
579 3451 670 3537 potin
686 3475 743 3537 pro
760 3451 853 3516 toffiti
871 3457 974 3522 ebore.
1001 3476 1113 3516 rerum

87 3557 172 3618 maio
193 3557 224 3614 id
249 3554 428 3638 simpliciter
449 3559 624 3640 intelligere
638 3557 678 3618 de
697 3557 884 3640 elephantie.
920 3559 972 3619 Sic
987 3559 1112 3618 Plinius

87 3659 128 3718 de
146 3657 207 3718 hoc
220 3653 285 3738 ipso
302 3670 400 3718 tractu
413 3657 467 3720 lib.
485 3673 518 3734 5.
534 3677 601 3738 cap.
621 3675 650 3720 t.
670 3677 739 3718 cttrrt
759 3655 846 3718 ebore
862 3658 999 3739 citroque
1014 3655 1115 3744 fir'uae

87 3759 310 3840 exquireretur.
342 3779 448 3820 ornnes
467 3749 594 3848 scopuli
628 3757 755 3820 Gaerutr·
786 3756 951 3818 muricibus
976 3779 1015 3816 oc
1040 3778 1113 3834 pur·

87 3859 189 3939 puris.
225 3875 364 3921 votetve.
417 3859 605 3920 Reinoidiua
632 3859 733 3920 edidit
758 3861 855 3927 citro,
889 3857 1061 3918 terebintho
1084 3869 1140 3917 er·

82 3956 177 4020 ebore
197 3958 285 4020 cuiue
306 3959 475 4021 sectionem
497 3961 529 4020 in
551 3972 640 4022 textu
661 3953 803 4040 expreffi.
836 3959 906 4040 quia
925 3960 1058 4020 Wardua
1081 3957 1115 4016 in

87 4057 213 4140 epistola
235 4059 272 4120 ad
291 4060 492 4122 Gronoviurn
514 4063 595 4137 (vid.
617 4057 728 4141 praes.)
750 4057 885 4128 testatur.
912 4059 1118 4120 sieiuosdium

90 4159 156 4222 siue
180 4161 364 4222 auctoritate
385 4161 539 4224 librorum
567 4161 756 4226 MSStorum
780 4161 862 4222 arihis
882 4161 917 4220 iu
938 4173 1026 4221 textu
1050 4177 1118 4218 mu·

128 4275 238 4362 'Pomp
256 4275 349 4331 Mela·
377 4275 416 4332 L.
435 4277 488 4331 sss.
758 4261 816 4322 Μ
