2814 4946
336 455 398 522 582
648 445 892 504 toMeotttt
927 447 1085 504 MELAE

341 617 562 712 Boruflheues,
588 617 737 680 Illuricus
753 633 785 678 et
804 620 920 688 fimilia,
948 621 1001 682 etii
1018 621 1070 682 hic
1087 620 1252 684 Strabonir
1267 637 1357 684 aucto·

342 721 418 784 ritae
434 721 536 784 obelle
557 721 695 785 videtur.
734 721 830 785 Certe
848 713 981 812 Coffura
997 725 1126 786 retinui.

418 925 590 1020 propius
609 955 659 970 -
672 924 691 1005 )
728 926 901 1010 Prehdiger.
920 925 1059 988 Vindolr.
1076 929 1236 1006 propriur.
1268 927 1314 990 Cf.
1330 927 1360 988 ad

235 1089 244 1114 ,
345 1044 428 1100 Μ,
451 1047 479 1090 t.
520 1027 592 1090 Post
607 1025 856 1108 Lipl.Gollazo,·
883 1029 1158 1110 Gtttl.llehdiger.
1180 1027 1270 1090 l'aril.
1292 1043 1359 1106 t.'5.

343 1149 417 1192 cum
435 1129 508 1190 edd.
532 1151 560 1192 r.
580 1146 611 1190 Ω.
631 1145 662 1208 3.
677 1141 712 1210 4.
733 1143 762 1205 5.
780 1151 814 1208 9.
835 1147 887 1192 ιι.
910 1130 1051 1200 Galeam·
1079 1128 1173 1192 Parii.
1187 1148 1218 1194 2.
1233 1131 1365 1222 Balaam

343 1231 443 1294 Vatic.
464 1245 496 1308 3.
523 1231 661 1304 Golora;
701 1233 752 1292 alii
774 1251 847 1292 cum
870 1233 998 1312 reliquie
1024 1233 1222 1294 editionibus
1244 1233 1360 1294 Galata.

343 1351 549 1394 Tzacuvcrre.
601 1332 810 1394 Scribeudum
834 1352 906 1394 curn
930 1331 1138 1412 adspiratione
1165 1337 1200 1394 in
1225 1333 1360 1416 postrema

348 1433 490 1496 Galama
515 1454 552 1494 ex
573 1433 747 1495 Ptolemaei
772 1427 828 1518 [4.
852 1429 905 1518 3.]
934 1451 966 1494 et
990 1435 1087 1494 Plinii
1119 1431 1127 1514 l
1144 1449 1177 1512 3,
1212 1425 1358 1515 imita]

344 1549 454 1596 vetere
477 1537 601 1606 codice,
628 1537 773 1616 quamvis
789 1537 989 1598 Ptolemaeus
1011 1534 1127 1596 cumC
1152 1537 1185 1596 in
1209 1539 1358 1617 principio,

347 1635 500 1699 Calatia.
529 1632 696 1722 [liolu'Sty
718 1632 842 1723 vitrea]
872 1655 1068 1699 erurtauve.
1122 1637 1287 1699 Consentit
1310 1649 1360 1694 ¹ste·

343 1739 468 1819 pherme
485 1737 516 1798 h.
534 1759 566 1800 v.
593 1739 626 1798 in
641 1759 704 1818 quo
719 1740 835 1820 legitur
855 1733 1001 1822 dulcitia
1021 1731 1114 1808 πόλις
1130 1729 1170 1801 οὐ
1189 1735 1295 1826 tetingin
1309 1737 1358 1797 rai-r

341 1834 546 1924 Ἡρακλείων
573 1837 701 1925 στηλῶν
729 1837 782 1898 luo
818 1839 932 1900 scilicet
958 1857 1064 1906 more.
1097 1861 1164 1920 quo
1200 1862 1237 1902 ex
1273 1839 1359 1898 iuluiia

341 1939 435 2000 urbes
452 1953 483 1998 et
506 1953 613 2000 contra
637 1938 726 2011 facit,
761 1943 807 2000 uti
826 1955 947 2022 praeter
966 1942 1043 2002 alioe
1058 1943 1155 2002 etiam
1178 1943 1223 2000 ibi
1245 1951 1358 2002 monent

342 2043 384 2102 de
400 2041 524 2102 Piuedo
540 2056 573 2102 et
588 2041 770 2104 Berkeliue.
803 2045 888 2103 Tum
904 2043 1020 2102 librarii
1038 2042 1067 2102 C
1079 2057 1109 2102 et
1128 2043 1161 2104 G
1176 2041 1356 2105 commiscere

342 2139 445 2202 rotent
460 2143 493 2201 iu
509 2145 652 2203 locorum
667 2143 867 2212 nourinibua,
894 2163 972 2224 quae
988 2165 1026 2204 ex
1045 2145 1174 2205 Graecis
1192 2147 1291 2226 potius
1304 2140 1356 2223 regi

341 2241 471 2304 debent.
523 2245 590 2311 Sic,
617 2245 735 2304 utalia
759 2247 790 2304 iu
814 2246 919 2306 nostro
943 2249 1038 2306 etiam
1057 2245 1152 2306 obuia
1178 2260 1355 2327 praeteream,

340 2357 374 2405 et
390 2345 424 2402 itt
441 2343 530 2402 simili
549 2343 711 2414 subsistant,
740 2347 853 2408 Colore
875 2347 991 2430 legitur
1004 2359 1036 2408 et
1054 2347 1190 2418 Galate,
1226 2343 1355 2409 Calatini,

343 2441 365 2506 l.
386 2444 549 2506 Calactiur'
566 2461 598 2506 et
625 2446 786 2518 Galatiui,
822 2449 862 2508 de
877 2443 950 2528 'quo
973 2449 1040 2509 vid.
1063 2447 1195 2512 Cluver.
1217 2451 1249 2508 iu
1271 2445 1356 2508 Sicilia

342 2559 408 2606 aut.
428 2563 459 2616 α,
480 2565 535 2610 12.
558 2569 590 2630 p.
608 2561 691 2627 359.
720 2561 752 2608 et
776 2549 929 2609 Graevius
951 2563 983 2610 et
1001 2549 1144 2610 Gronov.
1172 2552 1209 2610 ad
1230 2550 1354 2612 Cicerou.

342 2646 466 2708 Verrin.
491 2661 522 2724 5,
543 2659 602 2727 43.
623 2651 667 2708 iu.
691 2651 823 2731 aliique,
857 2669 939 2730 «tuoe
966 2651 1114 2710 excitavit
1136 2644 1356 2712 Emmanuel

342 2747 498 2810 Dorvillii
518 2749 776 2832 Sicula.p.439.
827 2753 917 2811 idem
942 2771 974 2832 p.
997 2752 1081 2812 612.
1104 2752 1212 2822 addit,
1245 2755 1277 2812 in
1297 2747 1354 2809 cod.

340 2849 630 2930 Huydeeoperiano
657 2855 738 2932 apud
768 2851 957 2914 Ciceronem
981 2871 1007 2912 c.
1031 2852 1054 2913 l.
1087 2851 1146 2913 elle
1176 2854 1308 2916 catatu
1331 2859 1355 2904 et

343 2949 514 3020 Galatiuir,
538 2953 593 3012 etii
611 2954 788 3014 Dorvillioa
808 2955 840 3012 in
857 2953 970 3014 Siculis
993 2973 1059 3034 cap.
1080 2966 1111 3030 3.
1131 2973 1162 3034 p.
1183 2972 1241 3016 22.
1263 2949 1355 3034 probat

342 3051 533 3122 Calactim's,
561 3051 611 3112 led
628 3057 761 3114 omniuo
778 3055 818 3114 tle
834 3054 910 3114 urbe
932 3053 982 3113 illa
998 3053 1131 3124 dubitat,
1155 3077 1252 3136 quam
1267 3067 1356 3113 tamen

339 3151 398 3212 hac
418 3151 564 3235 scriptura
586 3167 694 3214 tuetur
719 3155 911 3216 Gualtlterus
934 3156 968 3214 in
988 3156 1194 3218 animadvers.
1215 3159 1251 3216 ad
1268 3151 1356 3213 interr.

339 3255 519 3334 peregrinas
535 3275 566 3334 p.
583 3267 667 3334 897.
692 3256 782 3333 (Vol.
803 3269 834 3331 5.
853 3254 928 3317 thes.
946 3257 1050 3331 Sicil.)
1083 3259 1143 3318 Sed
1160 3259 1261 3320 nostra
1274 3251 1355 3314 inlulr

344 3353 465 3414 Galata
487 3369 617 3416 vocatur
640 3359 674 3415 iu
698 3358 855 3417 Antonini
879 3359 983 3418 itiner.
1007 3377 1037 3437 p.
1057 3367 1141 3436 514.
1163 3373 1196 3420 et
1219 3380 1235 3420 a
1256 3359 1355 3435 Geogr.

340 3453 488 3516 Ravenn.
516 3469 547 3532 5,
576 3470 631 3532 25.
681 3458 930 3538 Amplexandam
957 3472 1063 3518 tamen
1094 3463 1204 3540 putavi
1228 3471 1356 3520 veterum

340 3552 488 3624 formam,
512 3556 648 3638 dedique
668 3559 820 3620 Ualatlra.
860 3553 909 3620 Τὸ
927 3560 965 3618 td
982 3559 1129 3640 probavit
1146 3563 1243 3622 etiarn
1256 3527 1355 3621 Pintia·

340 3675 421 3726 uua,
448 3658 504 3717 etsi
528 3655 588 3718 fert
611 3661 644 3718 in
668 3659 763 3720 initio
784 3659 824 3720 G.
871 3659 952 3722 Mox
972 3681 1030 3742 pro
1052 3674 1083 3722 et
1101 3661 1173 3722 illae
1191 3661 1273 3724 God.
1293 3656 1356 3724 ullo·

246 3775 250 3780 '
340 3755 433 3842 Prag.
456 3779 538 3842 quas
563 3759 649 3820 odias
672 3759 846 3842 appellant.

418 3957 606 4054 osteodes
617 3960 633 4041 )
684 3962 767 4044 Lipl.
791 3961 888 4028 Parii.
908 3980 939 4030 α.
964 3978 996 4044 5.
1019 3964 1158 4029 vindob.
1182 3965 1261 4028 Gud.
1281 3958 1352 4024 Reh-

338 4061 439 4146 diget.
465 4063 557 4147 Prag.
582 4065 696 4127 Vener.
718 4085 792 4126 cum
814 4067 887 4129 edd.
912 4085 943 4131 t.
974 4085 1005 4130 o.
1030 4083 1064 4147 9.
1087 4080 1142 4144 15.
1166 4083 1220 4146 17.
1239 4085 1289 4129 ao·
1305 4069 1350 4135 25·
