2810 4944
311 427 373 497 rao
609 419 852 480 ronroun
891 419 1052 476 nacte

312 583 474 682 comesum
506 593 649 675 plerique
669 595 722 656 alii
741 614 815 656 cum
831 594 960 656 retullia
976 594 1048 656 edd.
1068 581 1270 683 Proconesus.
1295 591 1343 652 uti

310 698 407 756 etiarn
436 697 591 756 Vadimus
620 695 773 775 sociique,
812 711 844 756 et
875 693 983 776 pallrrn
1009 696 1144 756 aliorum
1177 709 1343 754 auctorum

310 796 509 878 exemplaria.
548 797 688 857 Tantum
706 799 739 856 iu
757 799 818 858 line
840 797 912 858 edd.
931 797 1083 878 quaedam
1099 819 1134 856 ur
1151 793 1341 876 praeferunt,

309 900 357 956 uti
377 911 407 974 3.
432 909 465 976 4.
487 916 557 968 -;
591 897 641 960 ed.
665 919 691 959 ι.
706 890 778 985 ffur
802 897 905 958 habet.
958 899 1096 978 llecepta
1116 897 1217 956 hodie
1239 897 1341 964 lectio,

310 1019 404 1078 qnam
421 1000 483 1058 ianr
501 1000 675 1078 praeiverat
694 999 854 1058 (llirariue
871 1019 909 1058 err
928 998 982 1059 Gr.
1007 991 1231 1084 Προκόννησος
1252 997 1342 1058 iutel-

309 1099 436 1181 ligitur.
467 1101 648 1160 terminatio
673 1101 787 1160 Graeca
810 1119 847 1160 err
870 1097 981 1160 usitato
1001 1099 1104 1160 blelae
1128 1099 1243 1160 llrrdio.
1296 1100 1340 1159 De

309 1201 526 1282 geminatione
548 1202 654 1262 literae
672 1222 692 1260 n
709 1201 864 1260 dubitatio
880 1202 1003 1261 moveri
1018 1195 1121 1280 polilt.
1145 1219 1226 1280 qnae
1245 1219 1340 1260 mora·

309 1299 400 1360 batur
422 1323 560 1382 primum
583 1319 612 1372 2,
637 1317 668 1370 Ω,
689 1315 722 1378 3.
748 1303 820 1382 qnia
837 1303 870 1360 iu
887 1299 1089 1382 inscriptione
1105 1303 1197 1384 Sigea
1214 1301 1340 1382 srurplex

310 1400 511 1482 conspicitur.
567 1405 606 1464 dt
624 1401 779 1464 evanescit
799 1403 865 1470 illa,
894 1401 970 1462 srex
988 1403 1142 1464 Strabone
1172 1415 1226 1481 13.
1249 1422 1279 1482 p.
1296 1421 1336 1462 nt.

308 1513 393 1580 425.
415 1501 435 1562 s.
461 1505 544 1580 613.
569 1505 769 1564 intellectum
794 1501 903 1571 suerit,
934 1503 1051 1583 duplex
1073 1524 1093 1560 u
1116 1500 1211 1561 ulum
1238 1507 1270 1562 in
1294 1505 1338 1564 bit

308 1603 486 1674 obtinuisse,
518 1607 632 1686 quibus
650 1603 761 1666 diserte
778 1605 871 1662 etiam
892 1603 971 1664 hanc
994 1601 1126 1662 insulani
1144 1605 1336 1664 adnumerat.

308 1705 346 1764 ln
382 1703 462 1786 sequ.
499 1707 572 1768 edd.
610 1721 666 1782 30.
698 1719 756 1783 32.
787 1703 900 1766 vitiose
926 1701 1132 1776 habitantur,
1176 1705 1263 1786 quod
1289 1704 1336 1765 ed.

309 1821 440 1890 cognata
463 1821 522 1886 37.
547 1821 631 1868 reete
652 1808 745 1868 cavit.

388 2007 593 2089 Tenedos)
630 2009 770 2072 Vindob.
794 2003 943 2070 elisardus
962 2023 995 2072 et
1017 2009 1133 2089 Segeis.
1173 2009 1333 2069 Erlitiones

305 2107 424 2168 multae
439 2113 601 2190 autiquae,
628 2111 695 2191 pull
718 2113 811 2172 etiarn
833 2113 985 2192 quaedam
1006 2112 1099 2180 aliae,
1126 2112 1175 2169 uti
1200 2126 1253 2173 21.
1282 2119 1330 2184 etr

307 2223 365 2284 25.
388 2209 585 2271 Olivariauae
606 2214 739 2272 omuino
758 2213 889 2292 Sigoeir.
943 2213 1110 2273 drerbis:
1138 2211 1247 2272 Extra
1263 2207 1331 2271 Hel·

303 2301 479 2400 lespourunr
502 2313 612 2396 capitis
635 2326 693 2392 52.
715 2316 845 2374 initium
862 2311 966 2374 statuit
982 2315 1130 2376 Vinetue.

378 2526 415 2573 er
448 2513 553 2596 qno)
602 2515 693 2600 Prag.
716 2537 756 2576 ex
775 2535 847 2598 quo.
886 2515 946 2577 Ed.
971 2529 1024 2590 15.
1049 2527 1081 2574 et
1110 2513 1207 2598 quod.
1247 2515 1327 2574 Turn

301 2612 392 2697 Prag.
420 2613 566 2704 expositi.
611 2619 798 2680 Ciacconius
822 2617 900 2678 haec
926 2615 1141 2698 adscripscrat:
1184 2617 1262 2677 Alias
1284 2631 1328 2672 ex-

302 2715 457 2798 pungitur
488 2718 588 2778 dictio
620 2714 799 2806 expostum,
832 2731 868 2776 ut
894 2720 1084 2778 redundans.
1139 2718 1175 2778 ld
1205 2717 1326 2796 quidem

301 2817 408 2876 anione
432 2816 528 2886 bene,
564 2837 637 2877 curu
662 2819 820 2902 eleganter
848 2819 942 2880 litum
975 2819 1128 2890 declaret,
1165 2833 1198 2880 et
1221 2830 1326 2879 vocem

300 2917 409 2976 ordine
427 2931 498 2998 apte
516 2916 660 2979 sustineat
677 2933 709 2980 et
725 2921 866 2982 adiuvet.

373 3137 474 3200 quos
513 3119 743 3202 qnondam)
792 3121 885 3182 Prior
910 3141 974 3182 vox
1000 3120 1083 3184 deest
1109 3123 1144 3182 iu
1176 3115 1267 3182 Paris.
1294 3134 1320 3177 ι.

298 3217 361 3278 l’ro
390 3218 547 3300 quondam
579 3221 686 3283 Cibin.
718 3223 807 3304 Prag.
839 3221 1021 3282 Vindobon.
1047 3243 1086 3282 ex
1115 3217 1320 3284 tironovianit

299 3317 380 3378 Vult.
404 3340 433 3381 r.
451 3335 481 3380 Ω.
502 3333 533 3396 5.
559 3335 591 3382 et
609 3321 751 3382 Leidenl.
768 3323 921 3383 exhibent
942 3323 1082 3404 qrridanr;
1119 3325 1216 3382 Varie.
1241 3317 1316 3380 oud.

296 3417 388 3481 Paris.
412 3441 441 3482 r.
463 3421 633 3506 llehdiger.
659 3425 773 3486 Veneta
792 3437 823 3484 ct
839 3424 951 3504 reliqui
968 3424 1166 3484 Gronoviani
1187 3419 1317 3506 quidam,

296 3523 381 3598 quod
408 3536 440 3582 et
461 3524 571 3583 notavi
594 3543 631 3583 ex
654 3525 727 3585 edd.
750 3544 779 3588 r.
801 3523 843 3586 a?
863 3539 894 3602 3.
920 3535 1005 3605 Μ.
1024 3527 1058 3586 b.
1077 3539 1109 3598 7.
1140 3556 1178 3567 -
1207 3515 1316 3600 etpost

296 3619 452 3682 dederunt
467 3623 606 3692 Caruere,
629 3624 697 3684 dld.
725 3626 808 3684 lunt.
832 3627 1000 3703 vadianus,
1025 3625 1195 3693 Olirorine.
1215 3621 1316 3684 Schot-

295 3733 435 3784 tuccum
453 3721 524 3786 suis.
580 3722 748 3818 Quondam
773 3739 877 3786 tamen
902 3728 963 3785 iarn
985 3724 1088 3806 poluit
1109 3729 1257 3790 Vinctus,
1286 3729 1315 3778 et
1375 3765 1376 3770 κ

294 3822 361 3902 poll
391 3823 564 3903 probarunt
595 3822 730 3894 volitur,
766 3827 924 3888 Gronovii
952 3827 1084 3907 aliique,
1118 3827 1168 3886 cni
1195 3817 1313 3884 lectioni

293 3919 402 3984 lavent
423 3939 544 4006 praeter
567 3923 663 4006 iplnru
687 3947 753 3987 reru
777 3941 809 3987 et
832 3928 1042 3988 narrationem
1068 3929 1199 3988 aliorum
1229 3919 1310 3983 MSS·
1374 3903 1375 3921 ¹

294 4023 440 4088 Ciaccon.
465 4023 547 4107 Lipl.
576 4041 623 4094 et,
658 4028 743 4108 quod
770 4049 809 4088 ex
833 4031 1002 4090 conlatoris
1025 4029 1146 4089 silentio
1169 4024 1311 4086 innuitur,
1373 4023 1374 4069 l

291 4123 386 4187 Paris.
405 4141 438 4188 2.
461 4139 494 4205 3.
531 4127 642 4209 Neque
666 4141 772 4192 tamen
792 4129 921 4214 quidam
938 4129 1118 4212 simpliciter
1138 4129 1289 4190 damnem.
1372 4123 1373 4215 l
