2810 4944
371 388 458 448 cto.
488 389 526 444 tt.
570 385 603 448 c.
627 387 679 452 vi·
721 383 801 458 it·
1042 391 1105 466 449

141 559 340 635 Salduba,
369 561 586 642 Lacippo)
626 561 709 624 Mire
728 561 806 622 haee
825 559 953 620 urbium
969 561 1104 626 nomina

69 663 295 751 deformantur.
358 667 407 726 De
439 667 536 746 priori
564 665 656 724 haec:
691 663 839 726 Ciaccon.
863 652 962 752 Ecsai
989 661 1106 736 dotat,-

69 769 208 830 Vaticaoi
231 759 310 858 usai
337 767 390 828 vel
412 756 495 854 cisia
517 767 568 826 vei
592 753 671 854 eisoi
691 762 808 836 dnboit
841 762 932 825 Parii.
958 783 986 826 t.
1010 755 1105 854 Eisoi

69 867 182 941 dodoi,-
223 867 362 928 vindob.
382 857 458 954 cisni
480 863 584 939 dabat
627 865 713 926 Gnd.
747 863 839 949 Ptag.
870 867 923 926 alti
952 865 1104 936 Vaticani,

68 969 160 1031 Parii.
185 989 217 1034 2.
248 984 280 1049 3.
307 971 418 1027 Venet.
443 967 547 1030 Havn.
569 957 649 1057 eisoi
669 963 785 1038 debuit
815 967 990 1050 Rehdiget.
1017 957 1105 1058 eysai

70 1071 184 1144 dohalt
211 1067 334 1132 Voffiut
351 1087 388 1127 ex
405 1069 531 1149 optimo
547 1067 647 1128 adfert
665 1059 746 1158 Sisal
759 1065 853 1138 dubo,
877 1087 915 1130 ex
930 1069 997 1128 aliis
1016 1059 1106 1158 Cisoi

69 1173 173 1246 dubo,·
199 1173 308 1234 Cibin.
331 1171 454 1252 optime
469 1161 630 1260 soidttbai.
656 1169 689 1228 in
706 1187 769 1250 qno
788 1168 800 1228 i
821 1189 837 1230 tt
856 1169 1001 1251 proximo
1018 1170 1107 1232 evni-

69 1273 136 1335 ium
153 1273 303 1336 adhaesit.
341 1271 424 1332 Edd.
449 1289 478 1333 t.
500 1289 531 1336 tt.
558 1285 589 1348 3.
609 1283 642 1351 4.
662 1281 694 1346 5.
714 1297 747 1354 t).
774 1260 866 1361 Gtsoi
887 1268 1016 1342 Debuit
1049 1291 1105 1338 ιι.

74 1371 165 1466 Gijai
185 1372 319 1444 Dnboi;
352 1373 489 1456 reliquae
512 1369 672 1442 suttona,
699 1375 748 1433 uti
772 1387 948 1436 correxerat
970 1373 1107 1436 Hermo·

68 1479 146 1538 taus.
199 1477 263 1537 Pro
287 1474 432 1554 Lacippo
454 1473 601 1536 Ciaccon.
627 1475 725 1536 Vatic.
755 1493 784 1536 t.
812 1489 844 1538 e.
870 1489 903 1553 3.
930 1493 1107 1556 omnesque

68 1581 133 1640 mei
149 1579 275 1658 reliqui.
292 1577 409 1636 reiecto
426 1575 490 1638 itd
505 1576 600 1638 inem
617 1575 832 1657 praecedenti·
845 1577 943 1644 vocis.
957 1579 1106 1654 accipito,

67 1695 197 1740 tentum
229 1679 341 1739 Venet.
369 1676 516 1754 occiput.
569 1677 650 1738 Edd.
684 1698 711 1740 1.
743 1693 774 1739 Ω.
807 1691 840 1754 5.
862 1691 897 1754 4.
926 1690 957 1755 5.
985 1696 1018 1758 9.
1050 1695 1105 1742 tt.

66 1783 214 1859 acipir05
248 1801 259 1838 ι
269 1792 301 1857 3.
321 1779 472 1856 Iacippo,·
498 1791 618 1839 ceterae
636 1789 789 1838 monente
805 1779 938 1840 Barbam
952 1777 1106 1858 Lacippo.

65 1897 191 1966 praeter
212 1883 376 1948 vinetum.
404 1880 457 1959 qni
476 1879 570 1942 habet
590 1879 761 1959 Laecippo.
784 1899 823 1940 ex
840 1901 954 1948 errore.
982 1883 1108 1962 opinor,

67 1985 270 2065 typothetae.
306 1999 511 2044 cztcnvcnt.
565 1981 770 2042 Ptolemaeos
793 1975 847 2068 [e.
871 1979 927 2070 4.]
950 1982 1017 2063 post
1044 1983 1109 2044 Me·

66 2087 168 2146 latam
192 2083 352 2145 Sadncam
376 2083 515 2144 iinvinnt
538 2083 570 2142 in
595 2102 647 2142 ota
671 2079 776 2152 refert,
808 2102 903 2164 aquo
922 2081 1005 2144 forte
1019 2085 1109 2166 oppi-

69 2187 147 2246 dnnt
178 2183 240 2246 init
264 2187 470 2267 cognomine.
530 2185 681 2264 Alioquin
711 2181 853 2244 Salduba
877 2185 1034 2268 oppidum
1066 2185 1110 2248 est

69 2291 177 2350 eidem
195 2287 380 2348 Ptolemaeo
400 2287 431 2345 in
453 2287 694 2346 mediterraneo
705 2285 937 2350 Turdulorum.
975 2305 1111 2350 ttn'rtt·

72 2409 147 2451 nce.
203 2384 345 2448 Salduba
374 2387 495 2447 Piiniut
518 2379 574 2472 [3.
595 2401 626 2464 3.
644 2383 664 2448 i.
689 2379 740 2472 ι.]
770 2399 802 2448 ct
825 2387 888 2452 eiii.
939 2387 1001 2450 Sed
1024 2389 1112 2471 apud

71 2491 298 2552 Ptolemaeum
321 2488 476 2570 oppidum
502 2489 533 2546 id
557 2490 589 2548 in
613 2487 853 2550 mediterraneie
875 2489 1016 2570 ponitur.
1054 2489 1113 2551 Ve-

70 2592 250 2653 cumidem
272 2589 325 2649 hic
346 2589 479 2650 collocat
500 2578 658 2652 Σαδούκα
684 2587 837 2674 ποταμοῦ
862 2584 1023 2664 ἐκβολὰς·
1055 2589 1114 2652 ubi

72 2709 183 2754 tamen
214 2687 386 2751 -maniieste
420 2688 654 2752 rescribendum
690 2689 732 2752 ett
763 2683 960 2766 Σᾶλδουβα.
1014 2692 1114 2754 Ροπο

71 2795 152 2856 liber
170 2791 275 2854 notter
297 2793 439 2872 optimus
456 2811 551 2854 manu
573 2803 715 2853 exarante
737 2791 814 2876 legit
837 2791 890 2854 hic
916 2782 999 2880 Sisai
1019 2789 1114 2862 dubo,

70 2899 124 2958 aiii
149 2913 231 2956 vero
257 2885 346 2983 Cisal
367 2889 463 2954 duta.
525 2893 616 2956 Vnde
641 2893 756 2973 liquet.
790 2912 902 2954 vernm
924 2891 999 2962 elie.
1026 2893 1116 2974 qnod

70 2999 175 3060 statim
194 2993 434 3077 suspicabamur,
466 2995 517 3054 hic
534 2996 753 3056 collocandum
778 2994 837 3056 elie
857 2993 928 3054 Suel
947 2994 999 3055 vel
1021 2993 1114 3064 Sicci,

70 3117 101 3162 ct
127 3098 308 3180 legendnm
331 3082 410 3164 siet,
444 3093 596 3166 Salduba.
630 3115 686 3176 pro
711 3095 781 3156 suet
805 3115 881 3158 vero
907 3094 1046 3178 superine
1068 3115 1118 3158 re·

70 3199 278 3262 scribendum
302 3194 362 3258 eiie
384 3193 547 3260 satattna.
600 3196 635 3256 ln
661 3191 875 3260 vetnitiffimie
897 3199 993 3260 etiam
1018 3197 1117 3259 Plinii

70 3303 164 3362 libris
182 3298 282 3361 iimiie
300 3297 342 3360 est
360 3299 525 3366 mendum.
548 3297 752 3380 iintiiitetqne
769 3299 799 3358 id
823 3299 1012 3360 vocabulum
1030 3311 1118 3362 trun·

71 3421 183 3464 catum
205 3399 259 3463 en.
314 3398 395 3460 Nam
416 3417 479 3479 qno
499 3399 570 3460 ioco
592 3400 690 3482 vulgo
712 3399 828 3482 iegitur
842 3397 1030 3470 Selambina.
1057 3397 1118 3464 Ab·

71 3505 167 3572 dam,
195 3501 243 3560 iiii
264 3500 418 3562 exhibent
440 3499 499 3570 set.
527 3498 665 3564 Abdara.
706 3501 746 3562 Vt
763 3501 814 3562 vei
831 3501 954 3562 Plinint
971 3503 1004 3562 in
1021 3502 1119 3564 vitio·

73 3605 143 3666 ium
164 3601 271 3662 Melae
294 3602 438 3662 codicem
460 3601 623 3670 inciderit.
650 3601 703 3663 vel
722 3599 823 3664 otene
841 3603 1029 3684 exemplario
1052 3621 1121 3664 cot·
1189 3647 1191 3652 ,

73 3721 169 3790 rupta
195 3703 254 3764 lint
276 3723 315 3764 ex
338 3703 403 3764 hoc
427 3703 500 3764 ioco
523 3703 631 3766 Plinii.
670 3721 814 3766 votnve.
887 3703 1012 3786 Nempe
1037 3703 1120 3764 tueri

75 3822 213 3870 conatur
243 3807 494 3866 immutetnme
528 3803 557 3867 ie
582 3803 670 3886 supra
694 3806 838 3866 locorum
865 3807 1030 3874 ordinem.
1064 3805 1122 3886 qui

74 3911 211 3992 quidem
235 3903 747 3990 geographionm‘ptogreffionem
773 3909 877 3968 verine
901 3903 1055 3987 requitur.
1089 3917 1123 3968 ct

74 4029 192 4093 parum
215 4027 254 4068 ex
278 4009 367 4070 tibris
395 4007 507 4070 nostrie
534 4007 649 4070 adstrui
673 4007 788 4090 potest.
830 4011 932 4072 immo
963 4019 1123 4088 receptam

75 4113 254 4176 lectionem
285 4109 426 4170 vindicat
458 4111 611 4190 praeclaro
634 4111 715 4175 Cod.
743 4110 853 4174 Cibin.
905 4111 1125 4174 inveteratum

8 4287 9 4316 Ν
127 4233 228 4300 comp.
249 4227 344 4285 Mat..
374 4229 413 4284 c.
434 4227 472 4282 n.
746 4207 800 4273 Fi
