2826 4936
328 463 386 525 130
630 447 873 508 eomeouttu
909 452 1068 508 MELAE

330 627 388 706 56.
416 625 462 704 36
481 621 523 708 lq.
542 612 687 710 Κύρνος)
717 639 751 686 et
773 613 968 712 Καμβύσης.
1020 623 1045 686 Δ
1072 624 1176 687 verbis
1201 621 1294 706 Gyras
1313 633 1339 684 et

331 717 500 820 Cambyses
523 726 633 808 capitis
649 739 708 788 ut.
733 727 864 786 initium
885 723 961 788 iacit
981 727 1124 789 Vinctus.

408 875 638 959 Coraxici)
689 875 839 940 Ciaccuu.
861 868 982 971 Corisci
996 891 1030 940 et
1049 873 1187 965 Corfieir
1208 877 1299 937 Vttic.
1317 895 1339 936 t.

331 981 415 1045 (tud.
445 979 554 1043 Cibiu.
581 979 729 1052 Corxici,·
778 979 877 1042 Vatic.
902 993 936 1056 3.
962 975 1046 1062 Lipi.
1077 981 1167 1062 Prag.
1188 979 1339 1061 Rehdiger.

332 1077 472 1174 Corfici3
506 1079 601 1144 Parii.
620 1097 651 1142 e.
673 1094 704 1160 3.
730 1077 869 1172 (ἔποψ
899 1081 1037 1142 Vindob.
1060 1071 1204 1170 corsoist,·
1233 1099 1269 1140 ex
1287 1078 1340 1137 aliis

331 1187 445 1248 Venet.
470 1183 576 1244 Havn.
599 1183 751 1243 videntur
769 1181 909 1244 bebuille
932 1177 1065 1272 Corfici,
1089 1201 1121 1242 et
1136 1179 1230 1246 Parii.
1250 1199 1276 1243 t.
1295 1179 1340 1240 Co·

332 1286 447 1356 ramici,
473 1285 522 1344 uti
544 1285 619 1346 etld.
637 1283 670 1346 6.
694 1297 727 1357 7.
754 1293 787 1360 ss.
818 1303 871 1346 ιο.
896 1301 950 1346 te.
980 1297 1034 1361 13.
1061 1295 1115 1364 14.
1133 1297 1165 1344 st
1181 1282 1341 1366 loquentem

332 1387 396 1450 illis
420 1387 508 1447 euim
529 1387 651 1468 priores
673 1381 780 1446 ierunt
806 1379 937 1476 Corsici.
976 1403 1172 1447 uzscttvctts.
1224 1377 1342 1468 Corstci)

332 1489 520 1572 Legendum
546 1487 678 1548 arbitror
707 1485 873 1556 Coraxici,
907 1505 974 1548 nou
1001 1482 1134 1576 Corstci.
1178 1501 1340 1545 neuturus.

331 1589 449 1659 Recte.
477 1589 524 1648 uti
544 1602 630 1670 putet
648 1607 686 1648 ert
703 1587 809 1664 Plinio
825 1584 857 1657 6.
881 1605 935 1649 to.
954 1589 998 1650 in.
1024 1601 1056 1648 et
1077 1585 1171 1665 15.l.
1195 1601 1245 1665 15.
1269 1599 1342 1664 utque

331 1693 374 1752 ita
397 1691 475 1776 legit
496 1689 662 1750 Boccatius
684 1709 712 1750 c.
735 1689 756 1750 l.
809 1687 953 1750 Pertinet
973 1689 1035 1750 buc
1055 1691 1153 1750 etiam
1168 1689 1343 1750 Ptolemaeus

333 1803 367 1872 5.
394 1811 429 1872 9.
454 1811 471 1852 a
495 1809 558 1872 quo
579 1792 772 1852 memoratur
792 1777 909 1874 Κόραξ
932 1791 1026 1852 mons
1049 1811 1151 1873 prope
1174 1787 1343 1852 Heluorum

333 1895 420 1956 uncle
442 1891 638 1954 Heniochios
663 1905 789 1952 montes
813 1893 908 1952 etiam
940 1905 1069 1952 vocatos
1093 1891 1156 1952 elle
1179 1889 1276 1951 scribit
1296 1885 1343 1947 Pli-

332 1995 405 2056 nius
425 1995 457 2064 6.
481 2013 536 2059 to.
574 1985 623 2057 Τὸ
638 2013 660 2054 a
676 1995 772 2078 igitur
786 1993 821 2054 iu
837 1991 948 2056 nollris
965 1993 1130 2058 codicibus
1151 1995 1230 2056 male
1252 1989 1344 2053 cilex·

327 2093 465 2178 pullum.

404 2245 565 2308 vicinis
585 2236 810 2336 fontibus)
858 2243 907 2308 l'trt
924 2247 1059 2316 codices.
1083 2261 1211 2309 tantum
1228 2239 1341 2306 vindob.

332 2347 446 2412 vicinis
465 2344 634 2409 montibus.
677 2348 760 2411 Edd.
779 2359 811 2426 5.
835 2361 888 2424 13.
910 2349 1008 2410 vicini
1026 2349 1116 2418 editi,
1144 2352 1192 2410 uti
1208 2350 1293 2410 etism
1307 2361 1342 2402 re·

331 2448 592 2522 lertllocuariuu
623 2469 652 2511 t.
675 2463 707 2511 Ω.
732 2463 765 2527 3.
791 2459 827 2528 4.
844 2449 877 2513 6.
900 2463 932 2524 7.
957 2461 990 2528 8.
1013 2469 1048 2528 9.
1069 2469 1126 2512 to.
1158 2471 1212 2514 tr.
1232 2465 1280 2512 te.
1298 2453 1340 2520 tlt·

338 2553 393 2616 26.
415 2561 469 2628 ιθ.
494 2569 548 2636 ¹9·
569 2567 624 2612 ct.
645 2568 700 2612 ee.
720 2561 778 2628 24.
799 2565 854 2625 25.
879 2551 1045 2621 Vadisuue.
1068 2551 1264 2612 Olivariause
1283 2543 1343 2607 uici-

334 2655 388 2717 nis
408 2651 486 2712 editi
506 2650 614 2714 omilin
629 2669 708 2712 voce
723 2643 886 2741 fontibus.
911 2673 1005 2734 quam
1018 2653 1214 2714 addiderunt
1234 2663 1281 2726 ¹5·
1301 2659 1342 2708 ν’.

337 2771 395 2822 20.
414 2767 472 2830 23.
494 2755 636 2822 Vinctus.
657 2753 818 2822 schottus,
840 2753 891 2814 hic
912 2755 1043 2836 quidem
1062 2755 1249 2816 minusculis
1265 2747 1343 2810 literis

334 2853 515 2938 expellam,
543 2851 675 2924 Voffius.
701 2855 825 2936 reliqui.
859 2873 1061 2917 uzscuvcuc.
1114 2855 1209 2917 Deest
1229 2851 1344 2914 verbum

326 2949 501 3048 fontibus,
528 2975 565 3018 ex
586 2955 684 3026 Aldu.
710 2970 748 3016 ut
771 2959 824 3026 stt,
854 2945 1144 3046 vicinis'foutt'brts
1164 2957 1249 3016 editi.
1287 2967 1345 3012 rttt·

334 3077 469 3119 rtuuvs.
533 3057 723 3118 Hermolaus
747 3057 865 3119 montis
892 3059 991 3118 vicini
1016 3058 1104 3141 legit.
1157 3059 1238 3118 Alios
1266 3055 1345 3112 iuter·

331 3159 479 3242 ponenda
494 3159 647 3240 particula
661 3149 825 3248 fontibus,
850 3173 882 3218 et
902 3159 1085 3242 legendum,
1111 3158 1262 3221 Coraxici
1277 3173 1346 3214 uuor·
1390 3147 1391 3202 ἶ

333 3261 376 3320 tit
388 3259 504 3320 vicinis
515 3251 674 3348 fontibus
693 3257 772 3320 editi
791 3262 824 3320 iu
846 3251 971 3350 diversa
987 3258 1113 3330 aberunt,
1141 3270 1294 3340 expuncto
1312 3263 1345 3311 el·

330 3359 394 3422 Pro
412 3359 572 3432 Coraxici,
597 3361 672 3421 alias
691 3357 826 3451 (lorstci,
855 3362 892 3423 V.
910 3361 948 3423 C.
969 3381 1059 3422 meus
1080 3351 1212 3450 Corisci.
1246 3353 1346 3420 Seruius

329 3461 426 3522 huius
446 3460 508 3522 loci
527 3460 587 3530 eli,
615 3479 670 3522 eos
691 3482 748 3542 per
768 3475 879 3547 geutes
896 3461 1031 3526 diversas
1045 3476 1077 3524 et
1098 3463 1234 3522 multum
1250 3455 1346 3518 dillto·

330 3575 379 3626 tes
403 3562 512 3632 lluere.
540 3563 675 3624 alterum
693 3582 810 3646 nempe
828 3585 885 3645 per
902 3563 1016 3634 lberto.
1041 3565 1176 3626 alterum
1199 3581 1253 3645 per
1267 3557 1345 3620 Alba·

328 3683 406 3734 uos,
448 3684 522 3725 cum
554 3665 669 3726 vicinis
695 3662 839 3728 fontibus
869 3665 927 3724 sunt
958 3667 1053 3737 editi,
1092 3679 1124 3728 et
1152 3683 1217 3725 uno
1240 3679 1289 3722 ore
1316 3658 1344 3716 iu

327 3763 477 3846 Caspium
509 3785 595 3827 mare
628 3771 826 3846 perveniant.
863 3785 1072 3829 ctttccoutvs.
1131 3759 1181 3828 Τὸ
1207 3754 1344 3852 fontibus

327 3866 494 3928 necellurio
520 3867 703 3930 addendum
725 3888 791 3929 uon
812 3881 910 3950 puto;
952 3869 1070 3930 tametsi
1092 3869 1125 3928 iu
1149 3866 1258 3928 llltliua
1277 3859 1342 3920 elit.

327 3987 395 4028 non
412 3970 519 4029 miuus
535 3969 603 4030 aliis
621 3983 775 4052 corrupta,
799 3971 930 4054 legatur.
964 3989 1141 4032 scuoruvs.
1196 3967 1275 4029 Cum
1291 3959 1343 4020 leu·

327 4065 377 4131 lus
398 4071 600 4131 commodior
627 4089 698 4132 eum
721 4091 835 4133 vocem
859 4071 1010 4134 ulelrderet
1031 4086 1064 4134 et
1090 4071 1213 4132 codices
1233 4065 1341 4126 addant,

237 4165 240 4170 ’
327 4171 443 4234 melius
467 4172 519 4234 illa
542 4173 707 4236 retinetur.
758 4175 801 4238 At
821 4173 935 4237 melius
956 4173 1038 4236 abeli
1059 4185 1107 4244 et,
1141 4171 1189 4232 uti
1216 4162 1342 4230 ceulebu
