2848 4942
299 397 340 454 Ν
596 387 841 446 ΡΟΜΡΟΝΠ
884 387 1047 444 MELAE

660 527 836 634 ‘otu
896 569 945 632 11.

404 739 540 804 Codices
563 753 596 804 et
613 741 780 824 pleraeque
803 739 979 809 editiones,
1005 737 1144 800 vetustae
1159 739 1203 800 in
1229 735 1367 819 primii,

303 845 454 907 continua
481 841 557 904 serie
590 843 653 904 h'oc
677 855 771 926 caput
803 841 954 923 superiori
979 841 1164 902 adnectunt.
1228 839 1301 900 Ed.
1329 849 1366 914 5.

302 944 485 1028 paragraphi
506 945 629 1028 siguum
650 945 800 1024 adponit3
834 963 888 1006 ro.
912 945 945 1002 in
962 945 1103 1026 margine
1120 925 1234 1002 'hebet
1259 941 1369 999 Thra·

302 1048 365 1114 cia.
390 1067 483 1130 quam
503 1065 618 1108 rocem
635 1045 704 1127 post
723 1046 861 1114 Camere.
889 1045 1057 1115 Varlianue,
1082 1043 1262 1104 olivarius
1285 1060 1367 1102 curn

302 1145 379 1216 luis,
413 1148 564 1210 Schottrrs
586 1149 700 1230 aliique
722 1160 921 1230 praeponunt
948 1145 1001 1205 vel
1026 1165 1101 1206 cum
1124 1143 1178 1204 vel
1208 1144 1283 1204 sine
1309 1143 1367 1202 ad·

302 1250 388 1311 ieeto
419 1251 527 1330 cupitis
557 1268 712 1322 nurnero3
758 1269 812 1312 rr.
838 1245 877 1308 de
906 1247 1041 1309 Thracia
1065 1267 1093 1310 e.
1119 1261 1153 1309 Ω.
1188 1241 1362 1307 inscribit.

302 1351 437 1416 Vinctus
457 1351 534 1416 hinc
557 1371 623 1436 erp.
647 1369 682 1432 9.
708 1350 880 1414 exorditur.

469 1571 498 1646 §.
532 1588 561 1630 r.
618 1565 823 1648 Thracia)
873 1565 980 1631 Cibin.
1008 1565 1196 1630 Vindobon.
1223 1563 1361 1636 traria3

302 1667 476 1754 Rehdiger.
510 1680 637 1752 Ιναιγα,
679 1669 878 1729 librariorum
905 1688 1005 1732 more.
1074 1671 1162 1728 'sum
1192 1667 1289 1728 Gud.
1320 1684 1359 1724 en

302 1791 402 1854 quem
432 1769 539 1832 Cibin.
562 1767 605 1862 ess
626 1791 685 1852 que
704 1791 725 1828 a
746 1771 784 1832 P.
836 1769 898 1830 Pro
911 1761 1030 1859 fronte
1048 1759 1279 1858 Prug.frrrrte,
1307 1765 1360 1824 uti

302 1871 411 1932 Cibin.
430 1869 519 1938 infra.
541 1885 573 1933 et
588 1871 663 1931 alibi
680 1871 732 1932 alii
747 1871 888 1945 codices;
914 1873 1039 1950 penitus
1054 1870 1136 1931 abest
1153 1871 1186 1929 in
1205 1867 1355 1930 vindob.

302 1984 335 2034 et
351 1971 459 2034 Cibin.
479 1971 583 2032 scribit
605 1965 740 2060 iumiffa.
799 1971 862 2034 Pro
888 1972 1032 2054 Illyricos
1052 1971 1229 2054 Rehtliger.
1258 1968 1357 2052 hylli·

302 2073 403 2146 rico.r,·
429 2073 519 2156 Prag.
538 2074 663 2154 ylsricos
685 2087 729 2152 et,
754 2088 790 2134 ut
808 2075 853 2144 fit,
879 2074 953 2134 libri
975 2075 1072 2134 etiam
1088 2073 1183 2154 aliqui
1202 2071 1355 2132 illiricos.

301 2173 344 2236 At
358 2173 464 2234 Cibin.
482 2176 536 2235 rlat
551 2175 687 2258 Illyrios,
710 2189 806 2244 recte,
830 2175 914 2256 quod
931 2188 1015 2236 etex
1032 2195 1070 2234 eo
1087 2175 1211 2254 recepi3
1241 2171 1357 2255 postea

301 2275 431 2336 italam
458 2277 610 2336 Vinetum
635 2275 752 2338 dedilse
775 2277 930 2338 intellexi.
984 2275 1109 2356 Nempe
1134 2275 1259 2357 Illyrii,
1298 2273 1356 2352 qui

301 2395 362 2460 pro
385 2373 448 2458 ipsa
471 2379 620 2461 regione.
648 2391 685 2437 ut
706 2377 780 2438 alibi
807 2366 973 2447 dicuntur,
1006 2378 1133 2459 proprie
1157 2378 1353 2455 etantiqua

302 2497 394 2540 more
415 2477 484 2538 sunt
498 2479 628 2560 populi,
654 2479 780 2540 Graecis
802 2469 967 2565 Ἰλλὺριοι,
992 2498 1065 2538 cunr
1083 2478 1205 2559 lllyrici
1225 2471 1353 2560 poffint

302 2577 363 2640 else
379 2579 518 2640 Rotnani
538 2581 590 2640 rel
612 2581 676 2651 alii,
702 2581 756 2662 qui
775 2583 809 2640 in
827 2581 954 2658 lllyrico
975 2593 1084 2665 agunt.
1135 2579 1188 2641 sic
1214 2578 1354 2660 Illyrius

302 2681 457 2741 exercituo
484 2693 518 2740 et
544 2681 688 2762 illyricus
719 2701 795 2742 vere
822 2682 1016 2764 discrepant.
1055 2680 1095 2740 de
1121 2700 1185 2762 quo
1213 2679 1350 2742 monuit

304 2780 553 2863 Oudendorpiue
575 2782 612 2842 ad
630 2784 761 2847 sueton.
780 2784 862 2868 Aug.
890 2804 916 2844 c.
942 2775 995 2862 19.
1017 2793 1139 2862 praeter
1159 2783 1252 2845 alios.
1300 2781 1351 2839 De

301 2881 366 2962 ipsa
390 2885 553 2964 utriusque
581 2885 670 2946 vocis
706 2885 810 2946 crebra
848 2885 1101 2945 commutatione
1127 2881 1349 2944 disseruerunt

275 3013 278 3028 ·
301 2983 450 3046 Heinsius
472 2986 510 3046 ad
531 2985 694 3048 claudian.
719 2987 753 3046 in
771 2988 904 3067 Eutrop.
930 3004 959 3056 e,
986 2986 1067 3046 216.
1089 3006 1121 3066 p.
1144 2981 1223 3048 126.
1268 2986 1348 3044 Dra-

301 3081 481 3146 kenborch.
504 3087 541 3146 erl
565 3088 652 3147 Livii
674 3088 752 3167 epit.
773 3105 829 3150 ἑο.
848 3089 892 3148 in.
922 3086 1132 3167 Oudendorp.
1155 3106 1181 3146 c.
1201 3087 1223 3147 l.
1250 3081 1345 3146 etad

300 3185 448 3247 Frontin.
477 3202 509 3254 α,
537 3199 570 3262 5,
604 3209 657 3250 ιι.
692 3201 725 3247 et
749 3207 828 3268 quoe
860 3188 1051 3269 producunt.
1105 3188 1191 3247 Hinc
1223 3185 1347 3268 Illyriis

301 3289 395 3348 terris
417 3287 542 3347 malunt
563 3289 596 3346 in
617 3288 785 3371 Propertio
810 3303 840 3356 2,
867 3302 920 3368 15.
945 3292 989 3349 in.
1018 3306 1077 3371 pro
1098 3287 1252 3369 Illyricis,
1287 3283 1343 3346 etsi

299 3381 412 3468 passim
439 3389 501 3448 viri
526 3387 612 3448 docti
642 3389 770 3448 alteram
801 3386 937 3449 sormam
964 3392 1113 3449 intactam
1141 3388 1341 3449 dimiserunt.

299 3489 353 3550 Sic
370 3509 445 3550 vero
468 3503 498 3559 2,
518 3503 549 3569 5.
573 3505 627 3552 ιο.
651 3489 780 3573 Illyrios
797 3503 887 3552 notat
904 3491 1092 3554 Ciacconiue
1106 3508 1164 3574 pro
1184 3489 1341 3573 Illyricos.

301 3587 409 3652 Csecl
431 3607 461 3660 2,
486 3603 517 3670 5.
540 3603 619 3654 extr.
657 3635 661 3640 -

375 3825 452 3890 qua
483 3805 721 3891 lorera-)
772 3809 913 3874 Vindob.
950 3807 1034 3872 (iud.
1072 3808 1245 3894 liehdiger.
1280 3823 1337 3888 que

301 3904 411 3976 latera.
435 3919 466 3968 et
484 3907 524 3968 ste
544 3909 618 3970 edd.
640 3929 668 3971 ι.
686 3927 720 3990 9.
739 3929 819 3990 qitue
835 3910 949 3975 latera.
985 3912 1071 3972 Turn
1090 3911 1228 3974 Vindob.
1252 3905 1333 3971 Gud.

300 4007 399 4071 vnio.
422 4005 538 4101 essim·
568 4010 706 4096 llelrdig.
732 4009 857 4104 lustror
885 4013 1018 4075 Vinetue
1038 4010 1161 4106 Hssro.
1214 4014 1264 4074 De
1285 4005 1334 4068 ad·

297 4105 464 4192 spiratione
488 4106 722 4196 supradictum
745 4115 784 4177 erl
808 4128 838 4186 2,
865 4131 895 4187 t,
916 4125 950 4194 8.
1002 4111 1076 4178 Posi
1102 4113 1241 4178 vindob.
1267 4127 1333 4172 cort·
