<?xml version="1.0" encoding="UTF-8"?>
<!DOCTYPE html PUBLIC "-//W3C//DTD XHTML 1.0 Transitional//EN"
    "http://www.w3.org/TR/xhtml1/DTD/xhtml1-transitional.dtd">
<html xmlns="http://www.w3.org/1999/xhtml" xml:lang="en" lang="en">
 <head>
  <title>
</title>
<meta http-equiv="Content-Type" content="text/html;charset=utf-8" />
  <meta name='ocr-system' content='tesseract 3.04.00' />
  <meta name='ocr-capabilities' content='ocr_page ocr_carea ocr_par ocr_line ocrx_word'/>
</head>
<body>
  <div class='ocr_page' id='page_1' title='image "./pomponiimelaede05melagoog_0525.png"; bbox 0 0 2814 4946; ppageno 0'>
   <div class='ocr_carea' id='block_1_1' title="bbox 262 381 1032 518">
    <p class='ocr_par' dir='ltr' id='par_1_1' title="bbox 262 381 1032 518">
     <span class='ocr_line' id='line_1_1' title="bbox 262 381 1032 518; baseline -0.005 -22"><span class='ocrx_word' id='word_1_1' title='bbox 262 439 351 496; x_wconf 76' lang='grc' dir='ltr'>ΜΒ.</span> <span class='ocrx_word' id='word_1_2' title='bbox 379 439 417 494; x_wconf 89' lang='lat' dir='ltr'>tt.</span> <span class='ocrx_word' id='word_1_3' title='bbox 461 439 494 495; x_wconf 84' lang='lat' dir='ltr'>c.</span> <span class='ocrx_word' id='word_1_4' title='bbox 522 439 587 496; x_wconf 77' lang='lat' dir='ltr'>Vis·</span> <span class='ocrx_word' id='word_1_5' title='bbox 630 436 656 506; x_wconf 76' lang='lat' dir='ltr'>i·</span> <span class='ocrx_word' id='word_1_6' title='bbox 678 445 707 507; x_wconf 88' lang='lat'>8·</span> <span class='ocrx_word' id='word_1_7' title='bbox 731 381 789 512; x_wconf 51' lang='lat'>9!</span> <span class='ocrx_word' id='word_1_8' title='bbox 817 469 824 482; x_wconf 86' lang='grc'><em>·</em></span> <span class='ocrx_word' id='word_1_9' title='bbox 968 447 1032 518; x_wconf 81' lang='lat'>509</span> 
     </span>
    </p>
   </div>
   <div class='ocr_carea' id='block_1_2' title="bbox 43 601 1032 3322">
    <p class='ocr_par' dir='ltr' id='par_1_2' title="bbox 43 601 1032 3322">
     <span class='ocr_line' id='line_1_2' title="bbox 44 601 1030 697; baseline 0.005 -29"><span class='ocrx_word' id='word_1_10' title='bbox 44 601 199 697; x_wconf 80' lang='lat' dir='ltr'>Sciinnffom</span> <span class='ocrx_word' id='word_1_11' title='bbox 220 610 351 672; x_wconf 82' lang='lat' dir='ltr'>insulam</span> <span class='ocrx_word' id='word_1_12' title='bbox 369 615 403 672; x_wconf 95' lang='lat' dir='ltr'>in</span> <span class='ocrx_word' id='word_1_13' title='bbox 419 611 571 678; x_wconf 77' lang='lat' dir='ltr'><strong>Phocide.</strong></span> <span class='ocrx_word' id='word_1_14' title='bbox 599 625 635 670; x_wconf 92' lang='lat' dir='ltr'>ut</span> <span class='ocrx_word' id='word_1_15' title='bbox 650 611 841 692; x_wconf 73' lang='lat' dir='ltr'><strong>Stephanus,</strong></span> <span class='ocrx_word' id='word_1_16' title='bbox 865 629 881 670; x_wconf 91' lang='lat' dir='ltr'>a</span> <span class='ocrx_word' id='word_1_17' title='bbox 897 609 1030 673; x_wconf 90' lang='lat' dir='ltr'>lentisco</span> 
     </span>
     <span class='ocr_line' id='line_1_3' title="bbox 43 703 1031 798; baseline 0.004 -30"><span class='ocrx_word' id='word_1_18' title='bbox 43 713 204 772; x_wconf 70' lang='lat' dir='ltr'><strong>nominatam.</strong></span> <span class='ocrx_word' id='word_1_19' title='bbox 257 715 406 776; x_wconf 80' lang='lat' dir='ltr'>Meminit</span> <span class='ocrx_word' id='word_1_20' title='bbox 441 727 474 776; x_wconf 88' lang='lat' dir='ltr'>et</span> <span class='ocrx_word' id='word_1_21' title='bbox 507 715 627 774; x_wconf 85' lang='lat' dir='ltr'>Psimiue</span> <span class='ocrx_word' id='word_1_22' title='bbox 655 707 709 798; x_wconf 70' lang='grc'>[4.</span> <span class='ocrx_word' id='word_1_23' title='bbox 734 726 790 790; x_wconf 76' lang='lat'>23.</span> <span class='ocrx_word' id='word_1_24' title='bbox 810 709 830 772; x_wconf 94' lang='lat' dir='ltr'>s.</span> <span class='ocrx_word' id='word_1_25' title='bbox 856 703 931 795; x_wconf 66' lang='lat' dir='ltr'>re]</span> <span class='ocrx_word' id='word_1_26' title='bbox 963 711 1031 793; x_wconf 88' lang='lat' dir='ltr'>post</span> 
     </span>
     <span class='ocr_line' id='line_1_4' title="bbox 43 811 1030 894; baseline 0.007 -27"><span class='ocrx_word' id='word_1_27' title='bbox 43 811 138 870; x_wconf 78' lang='lat' dir='ltr'>d&#39;axnm</span> <span class='ocrx_word' id='word_1_28' title='bbox 161 811 289 874; x_wconf 83' lang='lat' dir='ltr'>insolam</span> <span class='ocrx_word' id='word_1_29' title='bbox 320 819 405 876; x_wconf 86' lang='lat' dir='ltr'>iuter</span> <span class='ocrx_word' id='word_1_30' title='bbox 433 813 608 892; x_wconf 78' lang='lat' dir='ltr'>Sporndnr.</span> <span class='ocrx_word' id='word_1_31' title='bbox 671 815 753 894; x_wconf 85' lang='lat' dir='ltr'>Quia</span> <span class='ocrx_word' id='word_1_32' title='bbox 783 829 888 874; x_wconf 83' lang='lat' dir='ltr'>tamen</span> <span class='ocrx_word' id='word_1_33' title='bbox 915 813 1030 874; x_wconf 75' lang='lat' dir='ltr'>Strabo</span> 
     </span>
     <span class='ocr_line' id='line_1_5' title="bbox 44 905 1031 1000; baseline 0 -25"><span class='ocrx_word' id='word_1_34' title='bbox 44 905 95 996; x_wconf 84' lang='lat' dir='ltr'>[lib.</span> <span class='ocrx_word' id='word_1_35' title='bbox 108 931 134 990; x_wconf 87' lang='lat'>9.</span> <span class='ocrx_word' id='word_1_36' title='bbox 148 936 175 996; x_wconf 89' lang='lat' dir='ltr'>p.</span> <span class='ocrx_word' id='word_1_37' title='bbox 191 935 236 977; x_wconf 89' lang='lat' dir='ltr'>m.</span> <span class='ocrx_word' id='word_1_38' title='bbox 254 929 336 994; x_wconf 79' lang='lat'><strong>3⁰⁰·</strong></span> <span class='ocrx_word' id='word_1_39' title='bbox 354 913 373 978; x_wconf 91' lang='lat' dir='ltr'>s.</span> <span class='ocrx_word' id='word_1_40' title='bbox 387 917 473 994; x_wconf 74' lang='lat'><strong>436.</strong></span> <span class='ocrx_word' id='word_1_41' title='bbox 485 946 494 1000; x_wconf 63' lang='lat' dir='ltr'>p</span> <span class='ocrx_word' id='word_1_42' title='bbox 522 915 672 994; x_wconf 81' lang='lat' dir='ltr'>idemque</span> <span class='ocrx_word' id='word_1_43' title='bbox 689 915 810 976; x_wconf 82' lang='lat' dir='ltr'>Psiniue</span> <span class='ocrx_word' id='word_1_44' title='bbox 834 913 876 990; x_wconf 92' lang='lat' dir='ltr'>[c.</span> <span class='ocrx_word' id='word_1_45' title='bbox 892 913 930 994; x_wconf 90' lang='lat' dir='ltr'>l.]</span> <span class='ocrx_word' id='word_1_46' title='bbox 955 927 1031 975; x_wconf 88' lang='lat' dir='ltr'>ante</span> 
     </span>
     <span class='ocr_line' id='line_1_6' title="bbox 44 1009 1032 1098; baseline 0.008 -32"><span class='ocrx_word' id='word_1_47' title='bbox 44 1009 113 1072; x_wconf 87' lang='lat' dir='ltr'>simum</span> <span class='ocrx_word' id='word_1_48' title='bbox 139 1015 308 1098; x_wconf 83' lang='lat' dir='ltr'>Pagaficum</span> <span class='ocrx_word' id='word_1_49' title='bbox 339 1030 372 1078; x_wconf 86' lang='lat' dir='ltr'>et</span> <span class='ocrx_word' id='word_1_50' title='bbox 398 1018 471 1080; x_wconf 79' lang='lat' dir='ltr'>asiae</span> <span class='ocrx_word' id='word_1_51' title='bbox 498 1017 659 1097; x_wconf 74' lang='lat' dir='ltr'>pleraeque</span> <span class='ocrx_word' id='word_1_52' title='bbox 686 1015 793 1076; x_wconf 88' lang='lat' dir='ltr'>haberi</span> <span class='ocrx_word' id='word_1_53' title='bbox 819 1015 964 1086; x_wconf 89' lang='lat' dir='ltr'>tradunt,</span> <span class='ocrx_word' id='word_1_54' title='bbox 998 1027 1032 1076; x_wconf 92' lang='lat' dir='ltr'>et</span> 
     </span>
     <span class='ocr_line' id='line_1_7' title="bbox 44 1109 1031 1199; baseline 0.006 -29"><span class='ocrx_word' id='word_1_55' title='bbox 44 1109 190 1189; x_wconf 79' lang='lat' dir='ltr'>Cicynetnm</span> <span class='ocrx_word' id='word_1_56' title='bbox 221 1119 387 1199; x_wconf 78' lang='lat' dir='ltr'>praecipue</span> <span class='ocrx_word' id='word_1_57' title='bbox 420 1132 514 1198; x_wconf 84' lang='lat' dir='ltr'>atque</span> <span class='ocrx_word' id='word_1_58' title='bbox 538 1115 722 1186; x_wconf 82' lang='lat' dir='ltr'>Sciathum.</span> <span class='ocrx_word' id='word_1_59' title='bbox 754 1118 819 1178; x_wconf 83' lang='lat' dir='ltr'>steri</span> <span class='ocrx_word' id='word_1_60' title='bbox 843 1115 959 1196; x_wconf 83' lang='lat' dir='ltr'>potest.</span> <span class='ocrx_word' id='word_1_61' title='bbox 993 1129 1031 1176; x_wconf 90' lang='lat' dir='ltr'>ut</span> 
     </span>
     <span class='ocr_line' id='line_1_8' title="bbox 43 1209 1032 1299; baseline 0.006 -29"><span class='ocrx_word' id='word_1_62' title='bbox 43 1209 194 1296; x_wconf 78' lang='lat' dir='ltr'><strong>Pomponius</strong></span> <span class='ocrx_word' id='word_1_63' title='bbox 214 1239 341 1299; x_wconf 89' lang='lat' dir='ltr'>quoque</span> <span class='ocrx_word' id='word_1_64' title='bbox 358 1219 421 1280; x_wconf 90' lang='lat' dir='ltr'>hoc</span> <span class='ocrx_word' id='word_1_65' title='bbox 443 1221 513 1279; x_wconf 83' lang='lat' dir='ltr'>ioco</span> <span class='ocrx_word' id='word_1_66' title='bbox 529 1239 598 1279; x_wconf 86' lang='lat' dir='ltr'>eam</span> <span class='ocrx_word' id='word_1_67' title='bbox 616 1217 777 1298; x_wconf 79' lang='lat' dir='ltr'>scripserit,</span> <span class='ocrx_word' id='word_1_68' title='bbox 804 1237 876 1278; x_wconf 90' lang='lat' dir='ltr'>cum</span> <span class='ocrx_word' id='word_1_69' title='bbox 896 1219 1032 1278; x_wconf 79' lang='lat' dir='ltr'>Artemi·</span> 
     </span>
     <span class='ocr_line' id='line_1_9' title="bbox 45 1311 1030 1406; baseline 0.011 -37"><span class='ocrx_word' id='word_1_70' title='bbox 45 1311 120 1382; x_wconf 80' lang='lat' dir='ltr'>doma.</span> <span class='ocrx_word' id='word_1_71' title='bbox 143 1313 238 1404; x_wconf 89' lang='lat' dir='ltr'>[rpud</span> <span class='ocrx_word' id='word_1_72' title='bbox 270 1321 459 1382; x_wconf 83' lang='lat' dir='ltr'>Strabonem</span> <span class='ocrx_word' id='word_1_73' title='bbox 482 1339 508 1382; x_wconf 94' lang='lat' dir='ltr'>c.</span> <span class='ocrx_word' id='word_1_74' title='bbox 532 1315 575 1406; x_wconf 91' lang='lat' dir='ltr'>s.]</span> <span class='ocrx_word' id='word_1_75' title='bbox 610 1339 706 1400; x_wconf 88' lang='lat' dir='ltr'>quem</span> <span class='ocrx_word' id='word_1_76' title='bbox 739 1321 877 1380; x_wconf 85' lang='lat' dir='ltr'>maximo</span> <span class='ocrx_word' id='word_1_77' title='bbox 905 1316 1030 1380; x_wconf 71' lang='lat' dir='ltr'>secutus</span> 
     </span>
     <span class='ocr_line' id='line_1_10' title="bbox 45 1415 1031 1506; baseline 0.011 -37"><span class='ocrx_word' id='word_1_78' title='bbox 45 1415 139 1484; x_wconf 84' lang='lat' dir='ltr'>ridetur.</span> <span class='ocrx_word' id='word_1_79' title='bbox 160 1420 198 1480; x_wconf 88' lang='lat' dir='ltr'>ita</span> <span class='ocrx_word' id='word_1_80' title='bbox 218 1421 301 1482; x_wconf 85' lang='lat' dir='ltr'>dicet</span> <span class='ocrx_word' id='word_1_81' title='bbox 322 1423 354 1482; x_wconf 90' lang='lat' dir='ltr'>in</span> <span class='ocrx_word' id='word_1_82' title='bbox 375 1419 525 1506; x_wconf 80' lang='lat' dir='ltr'>Pagasaeo</span> <span class='ocrx_word' id='word_1_83' title='bbox 545 1421 611 1480; x_wconf 89' lang='lat' dir='ltr'>smu</span> <span class='ocrx_word' id='word_1_84' title='bbox 628 1423 802 1499; x_wconf 77' lang='lat' dir='ltr'>Citzyuetoa</span> <span class='ocrx_word' id='word_1_85' title='bbox 825 1416 940 1488; x_wconf 87' lang='lat' dir='ltr'>insuia.</span> <span class='ocrx_word' id='word_1_86' title='bbox 968 1419 1031 1481; x_wconf 91' lang='lat' dir='ltr'>boc</span> 
     </span>
     <span class='ocr_line' id='line_1_11' title="bbox 45 1511 1030 1608; baseline 0.005 -31"><span class='ocrx_word' id='word_1_87' title='bbox 45 1513 82 1581; x_wconf 79' lang='lat' dir='ltr'>est,</span> <span class='ocrx_word' id='word_1_88' title='bbox 100 1511 268 1602; x_wconf 70' lang='grc' dir='ltr'><strong>Κικύνητος.</strong></span> <span class='ocrx_word' id='word_1_89' title='bbox 298 1518 370 1608; x_wconf 89' lang='lat' dir='ltr'>[Sic</span> <span class='ocrx_word' id='word_1_90' title='bbox 391 1525 430 1582; x_wconf 87' lang='lat' dir='ltr'>ed</span> <span class='ocrx_word' id='word_1_91' title='bbox 461 1523 606 1583; x_wconf 78' lang='lat' dir='ltr'>Romana</span> <span class='ocrx_word' id='word_1_92' title='bbox 628 1535 733 1600; x_wconf 72' lang='lat'><strong>1495.</strong></span> <span class='ocrx_word' id='word_1_93' title='bbox 756 1540 821 1582; x_wconf 89' lang='lat' dir='ltr'>non</span> <span class='ocrx_word' id='word_1_94' title='bbox 845 1511 1030 1590; x_wconf 78' lang='grc' dir='ltr'>Ιὶικύνετος,</span> 
     </span>
     <span class='ocr_line' id='line_1_12' title="bbox 45 1617 1030 1707; baseline 0.014 -37"><span class='ocrx_word' id='word_1_95' title='bbox 45 1619 149 1678; x_wconf 85' lang='lat' dir='ltr'>udedit</span> <span class='ocrx_word' id='word_1_96' title='bbox 170 1617 386 1707; x_wconf 86' lang='lat' dir='ltr'>Gronoviua.]</span> <span class='ocrx_word' id='word_1_97' title='bbox 422 1641 608 1684; x_wconf 71' lang='lat' dir='ltr'>camerave.</span> <span class='ocrx_word' id='word_1_98' title='bbox 674 1623 771 1706; x_wconf 86' lang='lat' dir='ltr'>Quod</span> <span class='ocrx_word' id='word_1_99' title='bbox 801 1625 841 1684; x_wconf 88' lang='lat' dir='ltr'>de</span> <span class='ocrx_word' id='word_1_100' title='bbox 867 1621 1030 1684; x_wconf 82' lang='lat' dir='ltr'>Schinusse</span> 
     </span>
     <span class='ocr_line' id='line_1_13' title="bbox 44 1713 1030 1808; baseline 0.016 -38"><span class='ocrx_word' id='word_1_101' title='bbox 44 1713 276 1792; x_wconf 64' lang='lat' dir='ltr'>minuebatur,</span> <span class='ocrx_word' id='word_1_102' title='bbox 312 1723 350 1785; x_wconf 77' lang='lat' dir='ltr'>stc</span> <span class='ocrx_word' id='word_1_103' title='bbox 372 1725 477 1786; x_wconf 88' lang='lat' dir='ltr'>babet.</span> <span class='ocrx_word' id='word_1_104' title='bbox 532 1727 569 1786; x_wconf 92' lang='lat' dir='ltr'>in</span> <span class='ocrx_word' id='word_1_105' title='bbox 588 1723 750 1804; x_wconf 80' lang='lat' dir='ltr'>Stephano</span> <span class='ocrx_word' id='word_1_106' title='bbox 769 1723 811 1784; x_wconf 83' lang='lat' dir='ltr'>esi</span> <span class='ocrx_word' id='word_1_107' title='bbox 835 1721 1030 1808; x_wconf 75' lang='grc' dir='ltr'>Σχίνουσσα</span> 
     </span>
     <span class='ocr_line' id='line_1_14' title="bbox 45 1813 1031 1908; baseline 0.004 -28"><span class='ocrx_word' id='word_1_108' title='bbox 45 1813 86 1892; x_wconf 78' lang='lat'>[—</span> <span class='ocrx_word' id='word_1_109' title='bbox 101 1819 203 1902; x_wconf 75' lang='lat' dir='ltr'>oiooo)</span> <span class='ocrx_word' id='word_1_110' title='bbox 226 1819 359 1908; x_wconf 66' lang='grc' dir='ltr'>Φωκικὴ</span> <span class='ocrx_word' id='word_1_111' title='bbox 387 1827 493 1908; x_wconf 77' lang='grc' dir='ltr'><em>νῆσος,</em></span> <span class='ocrx_word' id='word_1_112' title='bbox 527 1825 581 1886; x_wconf 82' lang='lat' dir='ltr'>etsi</span> <span class='ocrx_word' id='word_1_113' title='bbox 607 1827 647 1886; x_wconf 89' lang='lat' dir='ltr'>de</span> <span class='ocrx_word' id='word_1_114' title='bbox 670 1821 758 1886; x_wconf 84' lang='lat' dir='ltr'>causa</span> <span class='ocrx_word' id='word_1_115' title='bbox 782 1823 1031 1886; x_wconf 85' lang='lat' dir='ltr'>uominir·nihii</span> 
     </span>
     <span class='ocr_line' id='line_1_15' title="bbox 45 1911 1028 2010; baseline 0.015 -38"><span class='ocrx_word' id='word_1_116' title='bbox 45 1911 137 1982; x_wconf 71' lang='lat' dir='ltr'>imtriirit.</span> <span class='ocrx_word' id='word_1_117' title='bbox 167 1925 321 2004; x_wconf 83' lang='lat' dir='ltr'>Hesychio</span> <span class='ocrx_word' id='word_1_118' title='bbox 339 1925 381 1988; x_wconf 91' lang='lat' dir='ltr'>est</span> <span class='ocrx_word' id='word_1_119' title='bbox 400 1925 571 2010; x_wconf 79' lang='grc' dir='ltr'>Σχινοῦσα</span> <span class='ocrx_word' id='word_1_120' title='bbox 594 1929 736 2007; x_wconf 85' lang='lat' dir='ltr'>itemque</span> <span class='ocrx_word' id='word_1_121' title='bbox 758 1923 903 1994; x_wconf 73' lang='grc' dir='ltr'><strong><em>Φωκίδος</em></strong></span> <span class='ocrx_word' id='word_1_122' title='bbox 925 1927 1028 2010; x_wconf 68' lang='grc' dir='ltr'><strong>νῆσος.</strong></span> 
     </span>
     <span class='ocr_line' id='line_1_16' title="bbox 45 2015 1030 2100; baseline 0.009 -20"><span class='ocrx_word' id='word_1_123' title='bbox 45 2015 133 2100; x_wconf 68' lang='lat' dir='ltr'>[tque</span> <span class='ocrx_word' id='word_1_124' title='bbox 147 2025 197 2084; x_wconf 88' lang='lat' dir='ltr'>suu</span> <span class='ocrx_word' id='word_1_125' title='bbox 215 2029 336 2095; x_wconf 84' lang='lat' dir='ltr'>elucet.</span> <span class='ocrx_word' id='word_1_126' title='bbox 370 2027 479 2088; x_wconf 89' lang='lat' dir='ltr'>reserri</span> <span class='ocrx_word' id='word_1_127' title='bbox 496 2029 557 2088; x_wconf 90' lang='lat' dir='ltr'>buc</span> <span class='ocrx_word' id='word_1_128' title='bbox 574 2047 643 2088; x_wconf 86' lang='lat' dir='ltr'>eam</span> <span class='ocrx_word' id='word_1_129' title='bbox 669 2027 800 2088; x_wconf 88' lang='lat' dir='ltr'>insulam</span> <span class='ocrx_word' id='word_1_130' title='bbox 820 2029 911 2088; x_wconf 89' lang='lat' dir='ltr'>nullo</span> <span class='ocrx_word' id='word_1_131' title='bbox 931 2028 1030 2089; x_wconf 90' lang='lat' dir='ltr'>modo</span> 
     </span>
     <span class='ocr_line' id='line_1_17' title="bbox 45 2119 1030 2200; baseline 0.003 -15"><span class='ocrx_word' id='word_1_132' title='bbox 45 2119 106 2194; x_wconf 64' lang='lat' dir='ltr'>use.</span> <span class='ocrx_word' id='word_1_133' title='bbox 150 2127 211 2188; x_wconf 86' lang='lat' dir='ltr'>Nec</span> <span class='ocrx_word' id='word_1_134' title='bbox 239 2130 336 2189; x_wconf 87' lang='lat' dir='ltr'>Plinii</span> <span class='ocrx_word' id='word_1_135' title='bbox 365 2129 544 2198; x_wconf 84' lang='lat' dir='ltr'>Schinuffa.</span> <span class='ocrx_word' id='word_1_136' title='bbox 584 2129 606 2190; x_wconf 90' lang='lat' dir='ltr'>si</span> <span class='ocrx_word' id='word_1_137' title='bbox 639 2143 722 2190; x_wconf 88' lang='lat' dir='ltr'>recte</span> <span class='ocrx_word' id='word_1_138' title='bbox 754 2127 867 2198; x_wconf 85' lang='lat' dir='ltr'>habet,</span> <span class='ocrx_word' id='word_1_139' title='bbox 901 2129 1030 2200; x_wconf 83' lang='lat' dir='ltr'>addicit,</span> 
     </span>
     <span class='ocr_line' id='line_1_18' title="bbox 45 2221 1030 2311; baseline 0.009 -28"><span class='ocrx_word' id='word_1_140' title='bbox 45 2221 123 2300; x_wconf 63' lang='lat' dir='ltr'>suippe</span> <span class='ocrx_word' id='word_1_141' title='bbox 140 2247 227 2306; x_wconf 86' lang='lat' dir='ltr'>qnam</span> <span class='ocrx_word' id='word_1_142' title='bbox 253 2231 375 2290; x_wconf 87' lang='lat' dir='ltr'>incerto</span> <span class='ocrx_word' id='word_1_143' title='bbox 406 2231 463 2290; x_wconf 84' lang='lat' dir='ltr'>situ</span> <span class='ocrx_word' id='word_1_144' title='bbox 487 2231 519 2290; x_wconf 89' lang='lat' dir='ltr'>in</span> <span class='ocrx_word' id='word_1_145' title='bbox 542 2231 737 2311; x_wconf 83' lang='lat' dir='ltr'>Sporadibuo</span> <span class='ocrx_word' id='word_1_146' title='bbox 765 2245 927 2300; x_wconf 83' lang='lat' dir='ltr'>numerat,</span> <span class='ocrx_word' id='word_1_147' title='bbox 954 2249 1030 2311; x_wconf 82' lang='lat' dir='ltr'>quat</span> 
     </span>
     <span class='ocr_line' id='line_1_19' title="bbox 46 2317 1028 2413; baseline 0.016 -37"><span class='ocrx_word' id='word_1_148' title='bbox 46 2317 97 2380; x_wconf 84' lang='lat' dir='ltr'>imin</span> <span class='ocrx_word' id='word_1_149' title='bbox 113 2328 199 2388; x_wconf 85' lang='lat' dir='ltr'>nuder</span> <span class='ocrx_word' id='word_1_150' title='bbox 220 2329 371 2392; x_wconf 81' lang='lat' dir='ltr'>recenset.</span> <span class='ocrx_word' id='word_1_151' title='bbox 434 2329 640 2412; x_wconf 80' lang='lat' dir='ltr'>Adscripsemt</span> <span class='ocrx_word' id='word_1_152' title='bbox 665 2333 697 2390; x_wconf 88' lang='lat' dir='ltr'>in</span> <span class='ocrx_word' id='word_1_153' title='bbox 722 2332 894 2413; x_wconf 81' lang='lat' dir='ltr'>exemplari</span> <span class='ocrx_word' id='word_1_154' title='bbox 916 2331 966 2392; x_wconf 87' lang='lat' dir='ltr'>od.</span> <span class='ocrx_word' id='word_1_155' title='bbox 995 2329 1028 2395; x_wconf 89' lang='grc'>6.</span> 
     </span>
     <span class='ocr_line' id='line_1_20' title="bbox 46 2423 1031 2522; baseline -0.005 -25"><span class='ocrx_word' id='word_1_156' title='bbox 46 2423 152 2495; x_wconf 81' lang='lat' dir='ltr'>suoosua</span> <span class='ocrx_word' id='word_1_157' title='bbox 174 2428 257 2500; x_wconf 85' lang='lat' dir='ltr'>sum,</span> <span class='ocrx_word' id='word_1_158' title='bbox 281 2435 407 2512; x_wconf 86' lang='lat' dir='ltr'>antiqua</span> <span class='ocrx_word' id='word_1_159' title='bbox 432 2453 543 2493; x_wconf 74' lang='lat' dir='ltr'>manus</span> <span class='ocrx_word' id='word_1_160' title='bbox 561 2423 724 2522; x_wconf 82' lang='lat' dir='ltr'>Scinisou,·</span> <span class='ocrx_word' id='word_1_161' title='bbox 759 2431 807 2497; x_wconf 82' lang='lat' dir='ltr'>sed</span> <span class='ocrx_word' id='word_1_162' title='bbox 828 2433 961 2494; x_wconf 84' lang='lat' dir='ltr'>debebat</span> <span class='ocrx_word' id='word_1_163' title='bbox 978 2433 1031 2492; x_wconf 83' lang='lat' dir='ltr'>ari-</span> 
     </span>
     <span class='ocr_line' id='line_1_21' title="bbox 49 2521 1031 2608; baseline 0.004 -18"><span class='ocrx_word' id='word_1_164' title='bbox 49 2521 106 2591; x_wconf 77' lang='lat' dir='ltr'>due,</span> <span class='ocrx_word' id='word_1_165' title='bbox 126 2549 192 2608; x_wconf 83' lang='lat' dir='ltr'>qtttte</span> <span class='ocrx_word' id='word_1_166' title='bbox 211 2534 307 2594; x_wconf 84' lang='lat' dir='ltr'>fidem</span> <span class='ocrx_word' id='word_1_167' title='bbox 330 2535 412 2594; x_wconf 82' lang='lat' dir='ltr'>iltius</span> <span class='ocrx_word' id='word_1_168' title='bbox 430 2535 570 2594; x_wconf 80' lang='lat' dir='ltr'>nominis</span> <span class='ocrx_word' id='word_1_169' title='bbox 593 2533 709 2595; x_wconf 81' lang='lat' dir='ltr'>insulae</span> <span class='ocrx_word' id='word_1_170' title='bbox 731 2531 879 2595; x_wconf 72' lang='lat' dir='ltr'>iacerent.</span> <span class='ocrx_word' id='word_1_171' title='bbox 932 2532 1031 2594; x_wconf 76' lang='lat' dir='ltr'>Nota·</span> 
     </span>
     <span class='ocr_line' id='line_1_22' title="bbox 49 2630 1030 2715; baseline 0.012 -32"><span class='ocrx_word' id='word_1_172' title='bbox 49 2631 102 2684; x_wconf 76' lang='lat' dir='ltr'>itte</span> <span class='ocrx_word' id='word_1_173' title='bbox 120 2630 190 2692; x_wconf 78' lang='lat' dir='ltr'>dicia</span> <span class='ocrx_word' id='word_1_174' title='bbox 212 2635 332 2694; x_wconf 87' lang='lat' dir='ltr'>nostrae</span> <span class='ocrx_word' id='word_1_175' title='bbox 353 2633 468 2694; x_wconf 83' lang='lat' dir='ltr'>insulae</span> <span class='ocrx_word' id='word_1_176' title='bbox 489 2636 563 2696; x_wconf 80' lang='lat' dir='ltr'>fitne</span> <span class='ocrx_word' id='word_1_177' title='bbox 584 2637 811 2715; x_wconf 78' lang='lat' dir='ltr'>undicumque,</span> <span class='ocrx_word' id='word_1_178' title='bbox 845 2633 1030 2696; x_wconf 84' lang='lat' dir='ltr'>conturbata</span> 
     </span>
     <span class='ocr_line' id='line_1_23' title="bbox 48 2717 1031 2816; baseline 0.006 -24"><span class='ocrx_word' id='word_1_179' title='bbox 48 2717 100 2792; x_wconf 80' lang='lat' dir='ltr'>sicet,</span> <span class='ocrx_word' id='word_1_180' title='bbox 120 2733 230 2816; x_wconf 78' lang='lat' dir='ltr'>vestigia</span> <span class='ocrx_word' id='word_1_181' title='bbox 256 2735 381 2796; x_wconf 85' lang='lat' dir='ltr'>ducunt</span> <span class='ocrx_word' id='word_1_182' title='bbox 406 2739 516 2816; x_wconf 90' lang='lat' dir='ltr'>utique</span> <span class='ocrx_word' id='word_1_183' title='bbox 541 2737 579 2796; x_wconf 90' lang='lat' dir='ltr'>ad</span> <span class='ocrx_word' id='word_1_184' title='bbox 605 2736 817 2815; x_wconf 85' lang='lat' dir='ltr'>Cicynetbon,</span> <span class='ocrx_word' id='word_1_185' title='bbox 843 2735 913 2812; x_wconf 87' lang='lat' dir='ltr'>(Gr.</span> <span class='ocrx_word' id='word_1_186' title='bbox 932 2725 1031 2798; x_wconf 64' lang='lat' dir='ltr'>litati·</span> 
     </span>
     <span class='ocr_line' id='line_1_24' title="bbox 48 2827 1029 2920; baseline 0.012 -36"><span class='ocrx_word' id='word_1_187' title='bbox 48 2827 120 2903; x_wconf 60' lang='lat' dir='ltr'>enin)</span> <span class='ocrx_word' id='word_1_188' title='bbox 139 2853 224 2912; x_wconf 89' lang='lat' dir='ltr'>quam</span> <span class='ocrx_word' id='word_1_189' title='bbox 242 2839 276 2896; x_wconf 93' lang='lat' dir='ltr'>in</span> <span class='ocrx_word' id='word_1_190' title='bbox 290 2837 344 2896; x_wconf 87' lang='lat' dir='ltr'>itto</span> <span class='ocrx_word' id='word_1_191' title='bbox 363 2837 427 2896; x_wconf 88' lang='lat' dir='ltr'>[inu</span> <span class='ocrx_word' id='word_1_192' title='bbox 443 2849 545 2920; x_wconf 86' lang='lat' dir='ltr'>prater</span> <span class='ocrx_word' id='word_1_193' title='bbox 564 2839 800 2898; x_wconf 84' lang='lat' dir='ltr'>Artemidorum</span> <span class='ocrx_word' id='word_1_194' title='bbox 821 2837 854 2894; x_wconf 92' lang='lat' dir='ltr'>in</span> <span class='ocrx_word' id='word_1_195' title='bbox 874 2835 1029 2898; x_wconf 79' lang='lat' dir='ltr'>Strabone</span> 
     </span>
     <span class='ocr_line' id='line_1_25' title="bbox 48 2925 1028 3019; baseline 0.004 -29"><span class='ocrx_word' id='word_1_196' title='bbox 48 2938 64 2979; x_wconf 76' lang='lat' dir='ltr'>c·</span> <span class='ocrx_word' id='word_1_197' title='bbox 76 2925 88 2984; x_wconf 86' lang='lat' dir='ltr'>l·</span> <span class='ocrx_word' id='word_1_198' title='bbox 107 2935 180 3008; x_wconf 87' lang='lat' dir='ltr'>ponit</span> <span class='ocrx_word' id='word_1_199' title='bbox 196 2939 292 2998; x_wconf 83' lang='lat' dir='ltr'>etiarn</span> <span class='ocrx_word' id='word_1_200' title='bbox 305 2941 416 3016; x_wconf 76' lang='lat' dir='ltr'>Scylax</span> <span class='ocrx_word' id='word_1_201' title='bbox 438 2960 469 3019; x_wconf 87' lang='lat' dir='ltr'>p.</span> <span class='ocrx_word' id='word_1_202' title='bbox 485 2953 542 3008; x_wconf 59' lang='grc' dir='ltr'>α).</span> <span class='ocrx_word' id='word_1_203' title='bbox 567 2935 665 3000; x_wconf 89' lang='lat' dir='ltr'>Huds.</span> <span class='ocrx_word' id='word_1_204' title='bbox 692 2951 724 2997; x_wconf 91' lang='lat' dir='ltr'>et</span> <span class='ocrx_word' id='word_1_205' title='bbox 744 2951 816 2997; x_wconf 90' lang='lat' dir='ltr'>ante</span> <span class='ocrx_word' id='word_1_206' title='bbox 835 2955 908 2996; x_wconf 91' lang='lat' dir='ltr'>eum</span> <span class='ocrx_word' id='word_1_207' title='bbox 926 2939 1028 2996; x_wconf 89' lang='lat' dir='ltr'>sinum</span> 
     </span>
     <span class='ocr_line' id='line_1_26' title="bbox 46 3017 1029 3120; baseline 0.019 -43"><span class='ocrx_word' id='word_1_208' title='bbox 46 3017 170 3114; x_wconf 72' lang='lat' dir='ltr'>Piinimrq,</span> <span class='ocrx_word' id='word_1_209' title='bbox 187 3051 241 3112; x_wconf 57' lang='grc' dir='ltr'>ας.</span> <span class='ocrx_word' id='word_1_210' title='bbox 261 3037 281 3098; x_wconf 82' lang='grc'>[.</span> <span class='ocrx_word' id='word_1_211' title='bbox 306 3053 358 3100; x_wconf 76' lang='lat' dir='ltr'>to.</span> <span class='ocrx_word' id='word_1_212' title='bbox 411 3039 500 3100; x_wconf 83' lang='lat' dir='ltr'>Adeo</span> <span class='ocrx_word' id='word_1_213' title='bbox 517 3039 604 3100; x_wconf 89' lang='lat' dir='ltr'>enim</span> <span class='ocrx_word' id='word_1_214' title='bbox 621 3039 762 3120; x_wconf 90' lang='lat' dir='ltr'>corrupti</span> <span class='ocrx_word' id='word_1_215' title='bbox 778 3035 894 3098; x_wconf 89' lang='lat' dir='ltr'>suntet</span> <span class='ocrx_word' id='word_1_216' title='bbox 910 3035 1029 3098; x_wconf 86' lang='lat' dir='ltr'>foedati</span> 
     </span>
     <span class='ocr_line' id='line_1_27' title="bbox 47 3129 1030 3202; baseline 0.016 -18"><span class='ocrx_word' id='word_1_217' title='bbox 47 3129 145 3200; x_wconf 79' lang='lat' dir='ltr'>utimr.</span> <span class='ocrx_word' id='word_1_218' title='bbox 175 3153 207 3195; x_wconf 93' lang='lat' dir='ltr'>ut</span> <span class='ocrx_word' id='word_1_219' title='bbox 228 3161 292 3198; x_wconf 89' lang='lat' dir='ltr'>nnn</span> <span class='ocrx_word' id='word_1_220' title='bbox 312 3139 368 3200; x_wconf 79' lang='lat' dir='ltr'>nist</span> <span class='ocrx_word' id='word_1_221' title='bbox 389 3141 527 3202; x_wconf 77' lang='lat' dir='ltr'>admotis</span> <span class='ocrx_word' id='word_1_222' title='bbox 548 3141 683 3200; x_wconf 87' lang='lat' dir='ltr'>aliorum</span> <span class='ocrx_word' id='word_1_223' title='bbox 702 3153 867 3200; x_wconf 87' lang='lat' dir='ltr'>auctorum</span> <span class='ocrx_word' id='word_1_224' title='bbox 891 3138 1030 3200; x_wconf 88' lang='lat' dir='ltr'>testimo·</span> 
     </span>
     <span class='ocr_line' id='line_1_28' title="bbox 47 3223 842 3322; baseline 0.01 -28"><span class='ocrx_word' id='word_1_225' title='bbox 47 3223 86 3285; x_wconf 63' lang='lat' dir='ltr'>nib</span> <span class='ocrx_word' id='word_1_226' title='bbox 97 3236 157 3294; x_wconf 77' lang='lat' dir='ltr'>terti</span> <span class='ocrx_word' id='word_1_227' title='bbox 170 3239 283 3320; x_wconf 88' lang='lat' dir='ltr'>aliquid</span> <span class='ocrx_word' id='word_1_228' title='bbox 300 3255 332 3302; x_wconf 91' lang='lat' dir='ltr'>et</span> <span class='ocrx_word' id='word_1_229' title='bbox 355 3241 516 3322; x_wconf 79' lang='lat' dir='ltr'>probabile</span> <span class='ocrx_word' id='word_1_230' title='bbox 532 3243 713 3322; x_wconf 85' lang='lat' dir='ltr'>extorqueri</span> <span class='ocrx_word' id='word_1_231' title='bbox 736 3235 842 3322; x_wconf 75' lang='lat' dir='ltr'>possit.</span> 
     </span>
    </p>
   </div>
   <div class='ocr_carea' id='block_1_3' title="bbox 50 3439 1031 4030">
    <p class='ocr_par' dir='ltr' id='par_1_3' title="bbox 50 3439 1031 4030">
     <span class='ocr_line' id='line_1_29' title="bbox 165 3439 1029 3536; baseline 0.001 -32"><span class='ocrx_word' id='word_1_232' title='bbox 165 3441 193 3518; x_wconf 64' lang='lat' dir='ltr'>s.</span> <span class='ocrx_word' id='word_1_233' title='bbox 221 3459 255 3521; x_wconf 87' lang='lat'>9.</span> <span class='ocrx_word' id='word_1_234' title='bbox 311 3439 551 3533; x_wconf 78' lang='lat' dir='ltr'>Geraeston)</span> <span class='ocrx_word' id='word_1_235' title='bbox 602 3441 709 3505; x_wconf 88' lang='lat' dir='ltr'>Cibin.</span> <span class='ocrx_word' id='word_1_236' title='bbox 734 3440 817 3524; x_wconf 91' lang='lat' dir='ltr'>Lips.</span> <span class='ocrx_word' id='word_1_237' title='bbox 840 3440 1029 3536; x_wconf 70' lang='lat' dir='ltr'>Gerestsmn:</span> 
     </span>
     <span class='ocr_line' id='line_1_30' title="bbox 50 3519 1029 3628; baseline 0.016 -37"><span class='ocrx_word' id='word_1_238' title='bbox 50 3519 150 3599; x_wconf 75' lang='lat' dir='ltr'>Vindob.</span> <span class='ocrx_word' id='word_1_239' title='bbox 179 3543 266 3628; x_wconf 83' lang='lat' dir='ltr'>Prrg.</span> <span class='ocrx_word' id='word_1_240' title='bbox 291 3543 464 3626; x_wconf 81' lang='lat' dir='ltr'>Rehdiger.</span> <span class='ocrx_word' id='word_1_241' title='bbox 493 3547 598 3606; x_wconf 79' lang='lat' dir='ltr'>Horu.</span> <span class='ocrx_word' id='word_1_242' title='bbox 633 3545 774 3604; x_wconf 85' lang='lat' dir='ltr'>Vaticani</span> <span class='ocrx_word' id='word_1_243' title='bbox 796 3565 868 3604; x_wconf 89' lang='lat' dir='ltr'>cum</span> <span class='ocrx_word' id='word_1_244' title='bbox 894 3549 943 3606; x_wconf 89' lang='lat' dir='ltr'>ed.</span> <span class='ocrx_word' id='word_1_245' title='bbox 970 3557 1029 3624; x_wconf 76' lang='lat'>23.</span> 
     </span>
     <span class='ocr_line' id='line_1_31' title="bbox 52 3623 1031 3737; baseline 0.026 -58"><span class='ocrx_word' id='word_1_246' title='bbox 52 3623 170 3719; x_wconf 56' lang='lat' dir='ltr'>brosson·</span> <span class='ocrx_word' id='word_1_247' title='bbox 200 3645 343 3706; x_wconf 88' lang='lat' dir='ltr'>Ciaccon.</span> <span class='ocrx_word' id='word_1_248' title='bbox 372 3645 579 3737; x_wconf 67' lang='lat' dir='ltr'>Geresssreout</span> <span class='ocrx_word' id='word_1_249' title='bbox 613 3643 704 3706; x_wconf 83' lang='lat' dir='ltr'>Paris.</span> <span class='ocrx_word' id='word_1_250' title='bbox 735 3663 764 3708; x_wconf 86' lang='lat' dir='ltr'>t.</span> <span class='ocrx_word' id='word_1_251' title='bbox 799 3639 1031 3736; x_wconf 79' lang='lat' dir='ltr'>Gerescouque,·</span> 
     </span>
     <span class='ocr_line' id='line_1_32' title="bbox 51 3719 1028 3836; baseline 0.015 -43"><span class='ocrx_word' id='word_1_252' title='bbox 51 3719 168 3802; x_wconf 72' lang='lat' dir='ltr'>Boeotius</span> <span class='ocrx_word' id='word_1_253' title='bbox 181 3747 217 3807; x_wconf 90' lang='lat' dir='ltr'>de</span> <span class='ocrx_word' id='word_1_254' title='bbox 232 3745 396 3807; x_wconf 87' lang='lat' dir='ltr'>montibue</span> <span class='ocrx_word' id='word_1_255' title='bbox 413 3747 443 3808; x_wconf 89' lang='lat' dir='ltr'>b.</span> <span class='ocrx_word' id='word_1_256' title='bbox 459 3767 491 3810; x_wconf 89' lang='lat' dir='ltr'>v.</span> <span class='ocrx_word' id='word_1_257' title='bbox 509 3745 681 3836; x_wconf 77' lang='lat' dir='ltr'>Gerrssrum</span> <span class='ocrx_word' id='word_1_258' title='bbox 698 3749 853 3806; x_wconf 86' lang='lat' dir='ltr'>nominat.</span> <span class='ocrx_word' id='word_1_259' title='bbox 895 3749 976 3808; x_wconf 82' lang='lat' dir='ltr'>Edd.</span> <span class='ocrx_word' id='word_1_260' title='bbox 1000 3767 1028 3808; x_wconf 88' lang='grc' dir='ltr'>ι.</span> 
     </span>
     <span class='ocr_line' id='line_1_33' title="bbox 54 3839 1026 3940; baseline 0.002 -34"><span class='ocrx_word' id='word_1_261' title='bbox 54 3839 71 3883; x_wconf 70' lang='lat'>²·</span> <span class='ocrx_word' id='word_1_262' title='bbox 84 3845 105 3906; x_wconf 79' lang='lat'>3·</span> <span class='ocrx_word' id='word_1_263' title='bbox 118 3867 145 3917; x_wconf 77' lang='lat' dir='ltr'>o·</span> <span class='ocrx_word' id='word_1_264' title='bbox 159 3857 190 3918; x_wconf 83' lang='lat'>5.</span> <span class='ocrx_word' id='word_1_265' title='bbox 205 3845 236 3908; x_wconf 82' lang='grc'>6.</span> <span class='ocrx_word' id='word_1_266' title='bbox 254 3863 286 3922; x_wconf 87' lang='lat'>7.</span> <span class='ocrx_word' id='word_1_267' title='bbox 304 3861 337 3924; x_wconf 82' lang='lat'>8.</span> <span class='ocrx_word' id='word_1_268' title='bbox 361 3867 395 3926; x_wconf 84' lang='lat'>9.</span> <span class='ocrx_word' id='word_1_269' title='bbox 416 3849 554 3929; x_wconf 83' lang='lat' dir='ltr'>asiaeque</span> <span class='ocrx_word' id='word_1_270' title='bbox 571 3849 675 3930; x_wconf 76' lang='lat' dir='ltr'>piures</span> <span class='ocrx_word' id='word_1_271' title='bbox 697 3845 861 3940; x_wconf 65' lang='lat' dir='ltr'>Geressmu</span> <span class='ocrx_word' id='word_1_272' title='bbox 891 3865 947 3926; x_wconf 73' lang='lat'>29.</span> <span class='ocrx_word' id='word_1_273' title='bbox 967 3861 1026 3924; x_wconf 74' lang='lat'>53.</span> 
     </span>
     <span class='ocr_line' id='line_1_34' title="bbox 55 3923 1028 4030; baseline 0.011 -33"><span class='ocrx_word' id='word_1_274' title='bbox 55 3923 173 4024; x_wconf 67' lang='lat' dir='ltr'>G“rtejt&#39;ou</span> <span class='ocrx_word' id='word_1_275' title='bbox 194 3967 265 4008; x_wconf 90' lang='lat' dir='ltr'>cum</span> <span class='ocrx_word' id='word_1_276' title='bbox 289 3947 426 4020; x_wconf 82' lang='lat' dir='ltr'>vinem.</span> <span class='ocrx_word' id='word_1_277' title='bbox 466 3945 572 4013; x_wconf 84' lang='lat' dir='ltr'>Voffio</span> <span class='ocrx_word' id='word_1_278' title='bbox 596 3963 627 4010; x_wconf 88' lang='lat' dir='ltr'>et</span> <span class='ocrx_word' id='word_1_279' title='bbox 651 3947 868 4030; x_wconf 72' lang='lat' dir='ltr'>sequentibus.</span> <span class='ocrx_word' id='word_1_280' title='bbox 895 3951 942 4008; x_wconf 91' lang='lat' dir='ltr'>uti</span> <span class='ocrx_word' id='word_1_281' title='bbox 966 3950 1028 4008; x_wconf 84' lang='lat' dir='ltr'>iant</span> 
     </span>
    </p>
   </div>
   <div class='ocr_carea' id='block_1_4' title="bbox 52 4025 1028 4241">
    <p class='ocr_par' dir='ltr' id='par_1_4' title="bbox 52 4025 1028 4241">
     <span class='ocr_line' id='line_1_35' title="bbox 53 4025 1027 4142; baseline 0.013 -46"><span class='ocrx_word' id='word_1_282' title='bbox 53 4025 101 4132; x_wconf 60' lang='lat' dir='ltr'>sim</span> <span class='ocrx_word' id='word_1_283' title='bbox 120 4040 262 4111; x_wconf 80' lang='lat' dir='ltr'>i&#39;intianur</span> <span class='ocrx_word' id='word_1_284' title='bbox 286 4065 369 4110; x_wconf 86' lang='lat' dir='ltr'>recte</span> <span class='ocrx_word' id='word_1_285' title='bbox 393 4053 613 4112; x_wconf 76' lang='lat' dir='ltr'>emendaverat</span> <span class='ocrx_word' id='word_1_286' title='bbox 638 4071 676 4110; x_wconf 85' lang='lat' dir='ltr'>ert</span> <span class='ocrx_word' id='word_1_287' title='bbox 700 4051 825 4110; x_wconf 80' lang='lat' dir='ltr'>Graecia</span> <span class='ocrx_word' id='word_1_288' title='bbox 840 4049 1027 4142; x_wconf 61' lang='lat' dir='ltr'>Gomphoi,</span> 
     </span>
     <span class='ocr_line' id='line_1_36' title="bbox 52 4140 1028 4241; baseline -0.002 -29"><span class='ocrx_word' id='word_1_289' title='bbox 52 4140 169 4212; x_wconf 70' lang='lat' dir='ltr'>m(itibus</span> <span class='ocrx_word' id='word_1_290' title='bbox 187 4149 214 4210; x_wconf 89' lang='grc' dir='ltr'><strong>Γ</strong></span> <span class='ocrx_word' id='word_1_291' title='bbox 215 4151 357 4241; x_wconf 76' lang='grc' dir='ltr'><strong><em>ε’ραιστος</em></strong></span> <span class='ocrx_word' id='word_1_292' title='bbox 378 4167 521 4217; x_wconf 81' lang='lat' dir='ltr'>vocetur.</span> <span class='ocrx_word' id='word_1_293' title='bbox 558 4151 632 4215; x_wconf 80' lang='lat' dir='ltr'>Post</span> <span class='ocrx_word' id='word_1_294' title='bbox 649 4155 796 4216; x_wconf 79' lang='lat' dir='ltr'>Ciacoou.</span> <span class='ocrx_word' id='word_1_295' title='bbox 818 4143 1028 4241; x_wconf 60' lang='lat' dir='ltr'>Clausereunu</span> 
     </span>
    </p>
   </div>
   <div class='ocr_carea' id='block_1_5' title="bbox 0 0 1413 4946">
    <p class='ocr_par' dir='ltr' id='par_1_5' title="bbox 0 0 1413 4946">
     <span class='ocr_line' id='line_1_37' title="bbox 0 0 1413 4946; baseline 0 0"><span class='ocrx_word' id='word_1_296' title='bbox 0 0 1413 4946; x_wconf 95' lang='lat' dir='ltr'> </span> 
     </span>
    </p>
   </div>
  </div>
 </body>
</html>
