2836 4940
380 411 471 470 Llll.
500 413 553 468 lll.
597 411 731 472 ortu.
773 411 799 482 l.
825 425 854 481 7.
1055 423 1139 512 *eat

94 585 339 649 mediterraneis
364 583 515 648 recenset.
565 585 627 648 Seri
646 582 686 647 ci.
704 586 743 646 de
765 603 800 647 ea
819 583 991 650 Berkeliue
1013 587 1051 650 arl
1074 588 1144 653 Ste-

95 688 245 770 phanum
266 709 298 770 p.
316 700 402 766 451.
429 689 510 750 etin
526 688 638 769 primis
653 687 830 749 Bocbartue
845 689 880 749 in
895 688 1014 774 Phaleg
1033 706 1064 760 2,
1085 709 1143 756 22.

98 790 188 852 Male
224 791 352 871 quidam
388 789 421 849 id
451 807 572 850 nomen
604 787 784 850 obtrudunt
816 788 944 851 Avieno
974 811 1007 854 v.
1037 803 1143 872 1135.

101 903 235 974 propter
251 890 416 952 Mamrum
432 903 464 952 et
484 889 619 952 Perfidia
636 891 810 962 viciniam,
836 891 987 972 equibue
1008 891 1051 954 est
1071 896 1146 958 elie·

101 1013 203 1064 num,
237 994 288 1054 uti
313 993 424 1054 docuit
455 991 503 1052 ibi
526 991 773 1056 Wernadorliue.
835 993 901 1054 Etsi
927 1007 1035 1055 autem
1062 995 1145 1078 iploe

101 1095 253 1156 Minaeoe
276 1093 314 1155 ad
345 1093 493 1156 Rubrum
520 1113 605 1154 mare
638 1094 732 1176 ponit
758 1093 889 1162 Strabo.
926 1095 1014 1157 urbis
1038 1111 1146 1160 lamen

100 1195 179 1258 fitne
201 1197 339 1256 minime
363 1194 501 1267 constan
542 1209 575 1256 et
602 1193 643 1256 lic
665 1196 762 1256 etiam
790 1196 823 1255 in
851 1195 1014 1276 Stephano
1043 1199 1147 1260 Rubri
1191 1233 1193 1238 .

101 1299 200 1358 marie
222 1297 345 1360 mentio
362 1297 399 1358 ad
418 1296 554 1378 populoe
572 1297 730 1378 pertinere
751 1295 862 1378 potell.
914 1299 1001 1359 Tum
1022 1299 1147 1364 Pliniue

105 1399 141 1470 6,
160 1411 218 1478 52.
236 1395 255 1460 l.
276 1410 331 1476 28.
368 1399 536 1460 Atramitae
557 1397 750 1460 Sabaeorum
772 1411 893 1480 partem
916 1396 1006 1470 facit.
1032 1402 1147 1482 quibus

103 1500 140 1560 in
168 1501 407 1562 mediterraneis
434 1501 606 1582 iungantur
634 1499 765 1562 Minaei.
824 1499 1016 1563 Habitarunt
1040 1505 1147 1588 igitur,

101 1603 126 1664 li
143 1621 218 1662 vera
236 1603 363 1672 retulit,
391 1601 511 1662 Minaei
527 1619 627 1683 prope
643 1600 795 1671 Sabaeos.
820 1615 854 1664 et
870 1600 976 1664 verius
991 1603 1149 1667 orientem

102 1705 329 1786 pertinuerunt
355 1703 393 1764 ad
418 1704 597 1764 Atramitae.
656 1704 804 1783 Denique
833 1703 1036 1766 Minaeumm
1061 1704 1149 1770 ledea

102 1803 169 1866 luit
189 1805 228 1866 ed
253 1803 422 1866 Arabicum
442 1805 571 1886 quidem
593 1803 715 1873 linum,
747 1801 798 1866 sed
818 1803 886 1886 poli
908 1805 1077 1888 angustiae,
1109 1807 1149 1869 ad

104 1927 185 1988 quae
206 1907 281 1966 inde
299 1905 424 1968 Sabaeie
445 1919 604 1989 praeterea
626 1905 821 1987 interposuit
842 1909 1046 1991 progreditur
1067 1911 1149 1972 Stra·

106 2007 150 2068 bo
169 2027 197 2068 c.
217 2007 238 2070 l.
265 2026 282 2067 a
304 2027 367 2088 quo
390 2027 450 2070 nec
472 2007 611 2077 Pliniue,
637 2026 696 2068 nec
718 2007 922 2068 Ptolemaeus
944 2007 1147 2072 dissentiunt.

102 2109 195 2170 Vana
221 2109 318 2192 igitur
340 2109 416 2170 binc
440 2109 554 2170 exliitit
583 2109 635 2169 illa
666 2109 849 2170 emendatio
881 2109 1033 2172 Pintiani.
1085 2111 1150 2174 Sed

104 2212 212 2272 multo
242 2211 355 2288 minua
374 2207 501 2272 ferenda
529 2210 625 2271 altera
654 2211 694 2270 de
726 2210 825 2272 Gerra
848 2207 869 2273 l.
895 2209 1035 2280 Gerrho.
1070 2231 1150 2294 quae

104 2313 184 2374 urbe
200 2311 332 2373 Arabiae
350 2311 462 2374 Felicia
479 2311 619 2372 adluitur
638 2310 706 2372 linu
725 2311 867 2381 Perfico,
899 2313 947 2372 uti
964 2313 1057 2374 docet
1074 2315 1151 2374 liur-

107 2416 229 2474 rlninue
260 2414 300 2473 ad
325 2413 410 2475 Plin.
433 2425 490 2492 51.
513 2427 573 2494 39.
595 2409 616 2475 i.
641 2427 675 2486 7.
729 2411 834 2474 llellat
858 2413 957 2496 igitur
986 2413 1073 2476 Cerne
1098 2415 1151 2476 vel

112 2516 226 2586 Caum
257 2533 332 2576 nam
352 2527 483 2596 utraque
508 2511 608 2576 forma
625 2533 664 2574 ex
686 2512 773 2574 librie
791 2525 920 2574 notatur
936 2515 969 2573 in
992 2515 1099 2576 Plinio
1117 2516 1150 2586 6,

110 2617 171 2679 26.
188 2613 209 2677 l.
225 2629 283 2696 23.
320 2615 446 2677 Graecis
467 2611 578 2701 lirina),
605 2615 652 2676 uti
668 2615 751 2698 apud
767 2613 988 2676 Ptolemaeum
1006 2615 1039 2674 iu
1063 2615 1151 2679 tuae

109 2717 175 2778 tab.
193 2713 227 2782 6.
273 2719 311 2778 ln
329 2717 445 2778 eodem
467 2717 500 2786 6,
523 2731 555 2792 7.
579 2715 621 2778 ell
634 2715 816 2796 emporium
834 2727 866 2777 et
879 2717 1151 2796 promontorium,

109 2821 219 2900 itaque
240 2831 529 2889 commemoratur,
564 2830 600 2877 ut
623 2817 663 2878 de
685 2819 751 2878 eiue
775 2817 835 2876 suu
858 2818 895 2876 ad
921 2815 1023 2878 lllolae
1050 2837 1153 2880 narra·

110 2923 238 2982 tionem
262 2931 337 3002 apto
367 2919 504 2980 dubitari
534 2931 680 2998 nequeat.
733 2915 783 2980 cf.
811 2919 906 2978 etiem
932 2919 1052 2987 Arrian.
1078 2939 1104 2981 e.
1129 2920 1152 2982 l.

109 3042 184 3106 pag.
207 3032 261 3097 ¹5·
283 3017 383 3084 Hudi.
434 3021 524 3105 Quae
546 3021 678 3102 quidem
697 3020 792 3080 lectio
809 3037 848 3080 eo
871 3017 1032 3080 minorem
1053 3019 1155 3082 inlicit

113 3123 369 3192 dubitationem.
405 3122 491 3204 quod
518 3115 558 3184 τὸ
584 3143 606 3182 n
629 3119 719 3182 facile
745 3123 780 3180 in
807 3140 838 3180 rr
870 3121 1000 3182 transire
1025 3135 1155 3204 propter

118 3225 241 3288 Carras
267 3223 400 3286 librariia
425 3224 567 3284 notiores
593 3223 711 3304 potuit.
763 3223 812 3283 lta
829 3239 907 3284 vero
929 3219 1156 3304 progreffionie

114 3327 214 3396 ordo,
241 3345 339 3406 quem
360 3324 511 3386 monllrat
528 3324 741 3393 Ptolemaeus,
770 3321 919 3386 servatur.
973 3322 1023 3384 Ne
1049 3339 1156 3387 tamen

114 3429 195 3510 quid
215 3425 421 3496 dialimulem,
449 3419 576 3512 lin'p'p‘at
597 3425 672 3486 urbe
695 3425 734 3486 ad
752 3425 901 3486 Rubrum
921 3443 1008 3484 mare
1026 3439 1156 3488 notatur

113 3551 131 3591 a
155 3529 318 3610 Stephano
341 3526 373 3588 b.
396 3549 429 3588 v.
469 3545 572 3608 eoque
602 3525 737 3608 spectaro
767 3525 898 3587 videtur
925 3525 1050 3586 Carclur
1072 3525 1157 3608 apud

117 3629 298 3712 Geograpb.
317 3629 464 3690 Ravenn.
485 3643 517 3700 2,
534 3627 568 3690 6.
582 3625 604 3690 f.
655 3628 697 3688 At
714 3625 786 3688 lunt
803 3625 983 3696 incertiora,
1009 3647 1104 3708 quem
1119 3640 1158 3690 ut

114 3730 202 3811 sequi
225 3729 336 3812 aliquia
356 3726 460 3814 pollet.
513 3728 611 3812 Quod
629 3727 770 3791 Orteliue
787 3729 820 3788 iu
838 3723 914 3788 thel.
934 3725 1052 3812 Geogr.
1074 3729 1108 3792 b.
1123 3749 1157 3793 v.

114 3834 230 3896 Carrae
258 3829 387 3894 Arabiae
413 3851 453 3894 ex
478 3831 584 3892 Plinio
613 3825 694 3917 [31.
723 3843 780 3912 39.
806 3825 827 3890 l.
853 3821 906 3910 7.]
938 3825 1056 3901 adfert.
1094 3830 1158 3892 line

114 3935 217 3996 dubio
242 3933 287 3992 ibi
318 3932 541 4015 reponendum
573 3931 616 3994 est
645 3932 782 3994 Gerrhae
814 3926 952 3990 Arabiae
979 3931 1018 3992 ad
1054 3930 1159 3992 smum

113 4035 296 4104 Persicum,
323 4037 409 4113 quod
426 4031 502 4096 fecit
517 4033 701 4094 Harduinue
718 4046 749 4096 et
771 4049 810 4092 ex
824 4029 983 4093 Strabone
1004 4027 1081 4118 [lib.
1103 4033 1158 4096 16.

111 4159 146 4224 p.
165 4149 252 4216 527.
270 4133 292 4200 i.
312 4129 418 4225 766.]
442 4137 570 4222 egregie
591 4135 715 4198 docuit.
768 4135 807 4196 ln
824 4129 947 4196 Arabia
965 4131 1051 4196 nulla
1073 4145 1158 4198 recte
