2784 4944
352 420 451 476 tto.
482 423 520 476 tt.
564 419 597 476 c.
618 419 655 480 V·
696 417 775 490 Μ.
1029 427 1090 496 58¹

63 595 122 656 itm
146 593 353 656 arbitrabatur
372 595 545 678 legendnm
570 587 751 656 Σολοὲντα.
792 613 815 656 t.
838 611 1037 656 onottovtve
1061 595 1094 656 ia

63 695 226 788 ptfieriore
247 711 338 758 nota.
389 695 555 758 Adsentior
572 695 738 756 Gronovio
761 697 793 756 iu
817 694 902 756 leuitt
927 697 1094 776 paniculae

63 797 146 888 posi,
176 817 242 879 quo
268 799 397 869 relicto.
429 797 480 859 vel
508 799 677 858 immutato
704 799 783 858 mire
812 797 957 880 langueat
982 803 1094 862 oratio.

65 901 139 960 lude
155 917 234 962 vero
254 897 401 969 allicitur,
425 911 509 960 tecte
529 897 637 958 lnbiici
659 895 820 958 accusandi
840 899 935 970 calui,
961 899 1046 981 quod
1062 917 1096 962 et

63 998 178 1062 iaciunt
199 1000 274 1061 libri
297 1014 430 1064 veterat.
483 1003 532 1062 De
551 1000 681 1080 reliquie
701 999 861 1082 deinceps.

133 1201 294 1264 Olbiam
304 1201 322 1284 )
373 1201 457 1266 Gud.
490 1201 572 1284 Lipl.
603 1197 737 1274 Olbiam
777 1201 914 1265 vindob.
944 1199 1095 1276 olbeiamt

62 1305 173 1386 reliqui
191 1302 329 1366 Olbiam.
362 1306 400 1394 Jn
418 1303 615 1366 editionibus
632 1305 756 1374 liudem,
776 1323 855 1384 quae
872 1317 962 1366 antea
977 1305 1096 1366 habent

61 1405 275 1486 Athenopolis,
303 1403 396 1467 Olbia
417 1404 485 1466 calu
503 1419 601 1476 recto,
631 1417 668 1466 nt
690 1403 849 1486 sequentia
871 1407 935 1467 duo
953 1407 1094 1467 nomina.

62 1507 211 1569 Mannert
229 1509 262 1566 in
279 1507 480 1591 Geogtaphie
500 1509 540 1570 T.
561 1521 594 1568 α.
615 1505 651 1568 P.
674 1525 704 1568 t.
730 1509 803 1587 qnia
823 1507 934 1568 eadem
953 1507 1026 1569 urbe
1049 1507 1096 1568 vi·

62 1611 187 1679 deutur,
218 1608 392 1692 legendnm
414 1606 495 1668 forte
517 1609 663 1668 coniicit:
705 1607 929 1684 Athenopolis.
962 1620 1096 1690 quaeat

64 1708 164 1772 onia.
210 1711 254 1772 At
266 1729 325 1772 nee
339 1709 435 1780 libris,
455 1729 514 1772 nec
529 1711 626 1772 nexui
642 1721 713 1792 apte
729 1707 772 1770 eli
791 1709 869 1770 haec
886 1710 994 1772 lectio.

133 1909 349 1992 Tauroin)
398 1911 503 1974 Codd.
524 1907 633 1980 Vollti.
657 1911 681 1972 l.
700 1910 868 1982 (iuononi,
894 1909 1042 1974 Ciaccon.
1063 1923 1097 1972 et

62 2017 121 2077 mei
143 2035 262 2078 omnes
283 2013 443 2084 Laurioa,
477 2026 601 2074 tanturn
626 2013 717 2096 Ptog.
745 2011 903 2075 Laurean.
957 2015 1038 2077 Etld.
1065 2033 1095 2077 t.

63 2131 94 2178 a.
119 2131 155 2196 3.
181 2125 216 2196 4.
242 2127 274 2192 5.
299 2131 334 2194 9.
354 2133 410 2176 tt.
433 2113 596 2186 [auriam
631 2112 663 2177 6.
690 2129 722 2184 7.
748 2124 933 2190 ss.to.12.
959 2125 1012 2194 tq.
1042 2127 1096 2192 ¹5·

68 2219 116 2280 16.
146 2231 207 2290 17.
243 2227 298 2291 ig.
327 2233 379 2299 ¹9·
413 2231 470 2277 ao.
496 2231 554 2276 αι.
581 2231 639 2276 aa.
670 2227 727 2293 23.
760 2223 816 2294 aq.
845 2227 899 2291 25.
931 2217 1097 2286 vinianae,

64 2319 279 2388 Oliverianae,
312 2317 462 2386 Vinetue‚
496 2317 645 2378 Schottue
676 2315 819 2386 Gianon.
859 2331 913 2396 13.
942 2316 1098 2390 Clamant

63 2419 187 2482 l’oll'tue
203 2433 237 2478 et
255 2430 315 2496 40.
338 2417 487 2488 Tauroin
518 2431 580 2496 qt.
602 2427 661 2496 42.
688 2425 748 2498 44.
769 2427 829 2494 ¹l5·
851 2419 995 2500 llappine
1019 2417 1099 2478 Tau·

64 2525 141 2593 roim
171 2519 403 2582 Reinoldianae
425 2519 615 2580 Tauroenta.
642 2537 848 2580 tzecnt‘ctta.
893 2519 1003 2580 Scribo
1023 2519 1099 2580 Gia-

63 2643 136 2693 non.
175 2623 217 2682 de
245 2639 310 2701 quo
335 2621 518 2681 Antoniane
542 2613 596 2704 [p.
620 2639 663 2682 m.
691 2611 796 2703 543.]
821 2631 853 2680 et
878 2619 1013 2684 Plinius.
1042 2615 1098 2705 [3.

65 2717 209 2808 5.l.q.]
246 2739 431 2782 uanoanvt.
503 2719 640 2782 Glanum
670 2719 722 2782 hic
754 2721 859 2781 locutu
893 2741 960 2782 non
993 2717 1098 2794 habet,

64 2845 132 2885 com
155 2825 258 2906 longe
288 2821 370 2882 ultra
393 2816 558 2882 Massiliam
581 2821 632 2882 sita
658 2821 692 2880 itt
716 2823 748 2882 in
772 2821 1021 2884 tueditetteneit.
1049 2851 1099 2872 -·

64 2926 163 2988 Facile
192 2923 235 2985 ett
256 2943 296 2986 ex
317 2921 404 2984 libtie
424 2941 531 2984 veram
558 2923 731 2984 lectionem
758 2943 868 2984 eruere
892 2935 923 2984 et
952 2923 1096 3004 Taurois.

65 3045 208 3088 vosone.
255 3024 392 3086 Glanum
408 3037 639 3085 commemorat
655 3025 751 3084 etiam
767 3024 969 3086 Ptolemaene
992 3043 1021 3094 a.
1043 3041 1098 3087 to.

4 3159 5 3192 ς
63 3130 94 3188 iu
113 3123 296 3195 salicibus,
322 3143 465 3206 proquo
488 3123 601 3186 vitiose
623 3125 685 3186 tab.
710 3125 856 3208 Penting.
878 3141 909 3188 a.
931 3129 971 3188 D.
996 3125 1099 3197 clano,

4 3229 5 3298 g
64 3243 93 3288 et
110 3231 234 3310 Geogt.
255 3227 401 3288 Ravenn.
426 3239 460 3307 q.
479 3237 536 3302 28.
553 3237 630 3286 extr.
658 3225 782 3296 Galam,
815 3231 863 3288 nti
880 3247 918 3288 ex
940 3229 996 3288 sttn
1012 3225 1100 3288 disci·

65 3344 130 3402 tut,
164 3331 293 3409 dequo
316 3327 439 3410 prolixe
461 3325 605 3388 dissentit
626 3327 797 3388 Menardne
815 3327 847 3386 in
866 3327 1038 3390 Memoiree
1060 3327 1100 3388 tle

4 3469 5 3472 =
64 3432 240 3494 litterature
260 3457 311 3472 —
337 3429 377 3488 tle
398 3429 485 3490 Parit
505 3429 545 3490 Τ.
566 3442 623 3506 32.
645 3449 675 3510 p.
695 3429 765 3505 650
786 3426 847 3509 sqq.
873 3431 927 3509 qui
951 3431 1043 3510 ponit
1066 3431 1100 3489 in

4 3939 5 3948 ’
69 3941 161 3998 etiem
187 3933 369 3996 Hollienius
389 3953 416 3995 c.
436 3935 457 3996 l.
492 3947 525 3994 et
546 3933 584 3994 nd
609 3933 807 4014 Stephanum
834 3955 866 4016 p.
893 3935 977 4008 316.
1012 3935 1099 4016 qnod

64 3535 181 3594 vicinia
198 3531 310 3613 oppidi
327 3528 376 3590 St.
393 3531 499 3600 Remi,
526 3530 581 3589 etii
600 3529 651 3588 alii
674 3529 752 3589 itinn
770 3529 873 3612 iplnut
893 3529 952 3590 elle
973 3531 1099 3592 volunt.

66 3636 123 3695 Seii
144 3645 234 3694 recte
258 3633 320 3692 iam
348 3627 469 3692 Volltus
492 3631 639 3696 monuit,
673 3631 766 3690 situm
790 3633 857 3693 eine
880 3633 1016 3692 minime
1038 3633 1100 3692 huo

68 3735 258 3802 convenire,
292 3751 386 3812 quate
402 3733 497 3792 etiam
518 3743 602 3791 recte
621 3729 787 3812 expulsum
803 3731 863 3794 ess'e
883 3731 945 3794 hoc
966 3751 1099 3803 nomen,

68 3837 178 3916 probat
208 3831 390 3914 Welleling.
414 3833 452 3894 nd
482 3833 683 3893 Antoninum
706 3853 733 3894 c.
756 3833 777 3896 l.
833 3833 968 3894 Taurois
988 3833 1100 3916 probat

71 4035 153 4102 [teile
178 4035 281 4100 eutici
305 4035 412 4118 potnit
432 4055 470 4096 ex
494 4035 652 4104 lontrina,
682 4035 760 4104 five,
788 4048 825 4095 ot
849 4031 972 4096 l'oll'nte
994 4035 1099 4106 telon,

71 4141 222 4214 taurios,
256 4151 289 4202 et
309 4151 420 4220 aptum
445 4135 488 4200 eli
510 4135 554 4196 illi
580 4135 696 4208 nexui,
728 4156 824 4217 quem
847 4151 934 4200 tecto
954 4135 1023 4200 calo
1049 4137 1099 4197 liic
