2826 4936
304 461 363 540 256
599 465 844 524 eonronn
887 465 1051 522 trauan

307 637 360 702 seu
383 641 502 710 Danae,
538 636 651 720 saqula
672 639 780 708 malit,
815 639 849 699 in
873 638 1001 722 Europe
1025 636 1128 700 seriem
1150 636 1342 708 habuerunt,

218 787 222 792 ·
306 741 416 804 Dahae
431 743 465 802 in
482 739 556 802 trra.
592 742 716 804 Graecis
732 741 862 826 quidem
877 741 1026 802 dicuntur
1041 741 1231 824 pierumque
1245 735 1343 809 Δάαι,

307 841 360 906 seri
385 843 506 913 Latini,
531 856 569 904 ut
588 846 622 904 in
644 844 729 915 aliie.
761 841 1006 924 adspirationem
1025 843 1214 905 iniecerunt.
1268 841 1344 902 Nou
1406 879 1407 968 p

307 945 417 1026 inepte
439 945 574 1006 omnino
597 945 647 1008 ed.
668 961 699 1010 2.
722 936 837 1038 Dasas
858 943 968 1016 habet,
1003 964 1077 1006 cum
1096 957 1129 1005 et
1150 943 1192 1005 fic
1210 943 1343 1024 adpella-
1406 973 1407 1018 ι

307 1057 358 1108 tos
383 1045 515 1108 eoadem
547 1045 606 1109 eise
640 1043 752 1108 diserte
793 1045 903 1108 scribat
932 1045 1111 1128 Stephanus
1136 1043 1157 1109 s.
1181 1065 1216 1110 v.
1242 1039 1341 1110 Δάαι.
1406 1043 1407 1116 l

307 1147 395 1214 Tum
416 1146 511 1216 Paris.
530 1164 564 1218 2.
588 1161 620 1214 et
639 1149 732 1240 Prag.
755 1149 912 1212 omittunt
930 1149 1077 1232 primum.

383 1342 587 1444 Paeslcas
612 1351 681 1436 os)
731 1353 928 1418 coaluerunt
951 1353 1012 1414 hae
1032 1371 1127 1414 vocet
1146 1353 1182 1412 in
1198 1351 1291 1414 iibrie
1312 1353 1342 1414 in

309 1473 417 1524 unam,
436 1445 609 1550 Peficasos,
634 1457 686 1515 uti
702 1455 744 1517 eil
760 1457 794 1516 in
810 1455 918 1518 Cibin.
941 1455 1115 1540 liehdiger.
1137 1467 1171 1514 et
1187 1453 1265 1516 edd.
1281 1455 1343 1534 qui·

310 1553 443 1620 busdam
465 1575 493 1618 t.
512 1572 544 1618 Ω.
569 1571 600 1636 5.
619 1567 653 1640 lp.
671 1569 704 1634 5.
723 1573 755 1632 7.
777 1569 810 1636 8,
829 1575 864 1638 9.
885 1577 939 1620 ιι.
964 1571 1019 1634 15.
1042 1571 1096 1632 ι7.
1145 1554 1343 1617 Accesserant

309 1657 415 1742 polleo
438 1659 658 1739 corruptiones
680 1659 793 1722 variae.
843 1659 895 1720 Sic
916 1655 1010 1720 Paris.
1030 1673 1062 1739 5.
1081 1647 1255 1750 Peficesos;
1291 1658 1344 1716 Va·

310 1759 405 1820 ilcan.
423 1771 454 1834 5.
478 1759 569 1842 Prag.
594 1757 677 1842 Lipi.
700 1761 807 1823 Havn.
829 1751 1024 1849 Peficors0s;
1053 1761 1167 1821 Venet.
1189 1755 1345 1850 Perficor·

305 1849 381 1956 sort
416 1859 501 1922 Gud.
523 1853 695 1952 Prricasos;
729 1861 868 1925 vindob.
885 1851 1052 1952 Pescos0s;
1083 1857 1180 1924 Paris.
1203 1879 1232 1921 t.
1256 1858 1344 1918 Pelli-

310 1981 367 2022 em
384 1979 429 2026 os.
466 1961 549 2026 Edd.
572 1976 625 2041 15.
644 1979 703 2026 tto.
725 1977 781 2042 23.
804 1960 997 2054 Perficaros3
1023 1964 1100 2024 aliae
1117 1976 1242 2044 praeter
1259 1958 1343 2043 supe·

310 2061 409 2126 riores
430 2060 578 2154 Paestcas
599 2085 649 2135 os,
681 2079 808 2126 tantum
828 2085 867 2126 ex
892 2065 972 2126 vitio
1001 2065 1151 2148 Lugdun.
1179 2061 1287 2144 1646.
1315 2075 1343 2122 et

310 2161 422 2226 omiilo
445 2183 480 2224 os
503 2179 561 2242 52.
585 2163 742 2256 Pneficos.
794 2167 960 2228 Bocoatiua
987 2166 1026 2230 de
1051 2164 1259 2234 fluminibua,
1291 2164 1343 2223 ubi
1406 2239 1407 2244 η

309 2263 451 2328 nostrum
467 2267 581 2332 reddit.
610 2265 631 2328 s.
652 2289 683 2334 v.
705 2268 858 2332 saxones
872 2267 967 2328 habet
980 2262 1176 2358 Befficados,
1203 2263 1254 2326 sed
1278 2263 1298 2327 s.
1314 2285 1342 2331 v.

313 2363 406 2428 Oxus
435 2364 540 2426 scribit
567 2358 738 2458 Peficosos.
793 2366 939 2460 Perficos
966 2389 1001 2429 os
1028 2369 1203 2452 legendum
1235 2369 1341 2447 utiquo

313 2465 384 2535 eise,
409 2465 495 2528 facile
515 2469 710 2552 intelligitur,
735 2483 766 2532 et
782 2472 844 2532 iarn
862 2470 940 2532 olim
955 2483 1124 2531 monuerat
1143 2469 1340 2532 Hermolaus.
1406 2467 1407 2486 ³

312 2567 386 2633 Poll
402 2569 538 2632 vindob.
557 2571 727 2656 Ptohdiger.
751 2569 845 2634 Paris.
864 2586 896 2648 5.
918 2573 1017 2636 Vatlc.
1041 2569 1125 2653 Lips.
1147 2570 1233 2631 Gud.
1254 2569 1341 2652 Prag‚
1406 2621 1407 2624 ,

272 2715 274 2724 .
314 2689 388 2735 cunr
409 2671 482 2736 edd.
506 2691 535 2738 t.
555 2688 585 2736 2.
605 2687 636 2749 5.
656 2685 691 2750 4.
710 2687 743 2750 5.
764 2671 796 2738 6.
817 2689 850 2747 7.
873 2685 905 2750 8.
925 2691 958 2752 9.
981 2691 1036 2736 tt.
1059 2689 1114 2736 ια.
1137 2683 1192 2750 14.
1212 2682 1268 2748 15.
1291 2685 1341 2748 17.
1406 2663 1407 2708 t

302 2791 376 2860 ¹19.
399 2790 455 2836 20.
481 2787 534 2852 25.
561 2775 718 2854 aperitnr3
751 2775 887 2856 reliquae
905 2788 936 2836 et
958 2795 996 2836 ex
1020 2773 1181 2856 prioribna
1206 2792 1264 2835 ιο.
1290 2783 1341 2849 15.

313 2877 418 2954 aperit
440 2895 512 2938 cnm
529 2877 596 2956 aliie
617 2875 794 2945 codicibus,
821 2877 868 2934 nti
890 2878 952 2935 iam
973 2875 1196 2937 emendaverat
1213 2875 1344 2934 Hermo·

313 2973 398 3044 laur,
440 2989 471 3036 et
500 2979 625 3058 antiqua
658 2997 770 3038 marma
799 2979 836 3036 ad
871 2979 1045 3038 editionem
1068 2979 1102 3040 6.
1137 2973 1342 3055 adscripscrat.

316 3073 443 3156 Nempe
470 3077 603 3152 librarii,
637 3079 690 3158 qui
714 3069 895 3169 Paeficosos
919 3080 1075 3162 populum
1097 3074 1277 3144 censerent,
1304 3078 1345 3134 ita

314 3179 535 3259 reponendum
560 3179 618 3240 elie
637 3181 869 3248 existimarunt,
903 3179 958 3239 etit
974 3193 1007 3242 et
1027 3180 1099 3240 alias
1122 3175 1209 3259 saepe
1235 3175 1344 3255 syllaba

313 3295 352 3340 ur
372 3280 481 3339 activis
502 3281 640 3360 aripendi
661 3279 746 3345 solet.
798 3283 869 3342 vid.
886 3283 921 3342 ad
944 3303 973 3350 ι,
996 3297 1028 3354 7,
1047 3295 1077 3358 5.
1102 3291 1134 3341 et
1155 3280 1192 3339 ari
1210 3280 1341 3358 Eutrop.

316 3391 349 3458 7.
369 3397 423 3458 tq.
441 3379 460 3441 s.
477 3397 510 3464 9.
540 3383 575 3440 ln
589 3383 704 3442 eodem
718 3383 870 3444 errorede
886 3384 1004 3464 populo
1017 3380 1155 3443 versatur
1169 3379 1342 3446 Boccatiur,
1406 3423 1407 3442 .

315 3479 370 3564 qui
392 3501 464 3540 cum
481 3483 513 3542 in
531 3479 587 3543 stro
602 3487 711 3545 codice
726 3483 845 3566 legisset
864 3486 1014 3560 aperitur,
1042 3486 1083 3544 ita
1102 3479 1341 3542 succurrendum

313 3584 441 3668 putavit
461 3579 481 3644 i.
506 3603 538 3646 v.
565 3583 657 3650 Oxus
682 3585 721 3648 rie
746 3585 952 3653 fluminibus:
998 3587 1057 3652 iter
1081 3583 1126 3648 ad
1150 3581 1290 3650 Mardos
1312 3589 1340 3644 et

312 3675 476 3780 Peficasos
494 3685 539 3751 itta·
558 3688 709 3772 aperitur.

479 3893 509 3972 §.
537 3907 570 3968 7.
622 3889 710 3954 alia
735 3911 887 3975 quoqne
913 3887 1029 3972 dira)
1076 3889 1160 3954 Voti.
1182 3911 1212 3954 1.
1236 3887 1341 3953 Cibin.

315 3989 463 4074 ignorant
485 3993 703 4086 vocemxair'at
730 3993 811 4055 Voil.
837 4007 869 4072 5.
892 3991 987 4056 Parii.
1007 4011 1036 4059 t·
1061 4008 1093 4060 2.
1118 3991 1245 4076 aliaque
1267 3991 1342 4060 dira.

314 4096 402 4182 quoti
433 4107 539 4158 tantm
568 4097 703 4159 omuino
728 4089 851 4156 Vossius
876 4114 914 4158 ex
942 4093 1031 4156 libria
1054 4094 1217 4158 veteribus
1239 4105 1343 4166 notan

314 4197 430 4285 reliqui
452 4197 523 4262 libri
547 4217 659 4264 ornnet
683 4211 716 4264 ot
743 4195 846 4284 scripti
870 4209 903 4264 et
933 4195 1013 4262 editi
1041 4193 1107 4261 alia
1127 4215 1250 4284 quoquo
1277 4194 1346 4258 dira
