2792 4940
322 490 413 547 tin
442 489 482 546 n.
530 489 637 548 cin
680 487 765 558 §.1-
1005 503 1066 568 ²⁷3

41 662 175 724 istoricis
204 663 376 728 omnibus.
429 663 575 724 Lucanae
600 681 729 746 quoque
755 662 860 726 nolier
890 663 925 726 in
958 661 1066 728 leiitoi

41 790 48 846 ¹.
56 786 78 822 e.
92 758 197 850 352]
238 765 336 858 Qnoe
354 766 463 846 tetigit
476 763 621 846 Pliyloce,
646 765 835 846 Pteleonqiie
855 765 1067 850 [Pteleosque]

41 881 61 922 e:
76 865 198 926 Derion
221 868 277 928 ira
304 865 421 928 Flebile
443 865 620 938 Pieridum,
661 865 798 926 Troeliiii
828 869 990 948 pretioque
1015 889 1067 928 ne·

36 967 140 1050 jndae
173 966 375 1048 lampados
402 967 566 1030 Herculeis
591 959 702 1058 fortis
734 963 892 1028 Meliboea
916 959 1064 1058 sagittis.

42 1068 240 1148 [litaniae]
297 1069 383 1130 Male
404 1071 492 1130 enirn
514 1089 571 1150 pro
596 1068 780 1138 Corinthio,
814 1081 851 1128 iit
873 1070 963 1150 priue
983 1069 1067 1153 lege·

42 1169 119 1238 bitin,
144 1168 382 1232 substituerunt
400 1169 571 1251 Gordynia,
591 1171 646 1250 qui
663 1169 749 1230 hunc
765 1169 882 1230 librum
900 1167 961 1232 soie
978 1167 1068 1234 sacri·

43 1273 246 1332 izjiiavernnt.
307 1273 370 1334 Sed
396 1275 468 1354 quia
489 1271 527 1332 od
550 1269 637 1332 hunc
656 1271 763 1332 locum
787 1270 1002 1354 ventrinipli.
1033 1283 1067 1332 et

43 1371 217 1434 liennolaue
248 1371 286 1430 in
319 1373 418 1434 Plinii
446 1371 702 1455 castigationibue
728 1373 892 1434 Lucaniini
922 1371 1066 1434 nollrum

41 1471 158 1542 ineffit.
187 1473 283 1554 qnod
300 1473 336 1534 in
352 1473 493 1538 versibus
508 1475 605 1556 paulo
625 1485 699 1536 ante
714 1473 806 1534 dictio
823 1473 1012 1534 illncinatiie
1032 1473 1068 1534 lit

41 1593 62 1632 ei
74 1597 124 1654 pro
140 1574 291 1646 Dotion,
317 1595 398 1656 quae
415 1575 458 1636 ell
471 1573 643 1638 Thessaliae
661 1572 747 1644 urbe,
772 1573 899 1636 Dorion
917 1573 1067 1656 poluerit,

39 1679 265 1746 ruminemus,
298 1697 392 1757 qnam
410 1671 647 1762 diligentissime
668 1677 735 1736 lieri
754 1673 864 1758 possit.
891 1689 1010 1758 quanto
1033 1677 1067 1736 id

39 1777 218 1838 Hermolaus
249 1779 323 1836 inre
347 1775 466 1840 lecerit.
518 1781 588 1860 Ego
616 1789 701 1838 certe
726 1777 815 1838 nullo
840 1791 930 1858 puto.
983 1775 1068 1837 Nam

38 1881 77 1936 tii
97 1879 247 1948 obsecro,
291 1879 344 1940 vel
374 1881 526 1940 mediocri
555 1881 674 1940 iudicio
697 1879 856 1959 praedito.
891 1875 1070 1960 persuaderi

37 1976 128 2058 possit,
154 1983 329 2040 Lucanum
349 1995 471 2042 tantuin
492 1981 608 2050 virum.
636 1981 758 2041 llomae
782 1977 979 2046 scribentem.
1006 1979 1069 2042 lioc

37 2081 82 2147 eii.
113 2085 146 2142 in
167 2081 250 2142 urbe
275 2083 392 2142 mundi
418 2083 559 2150 domina.
592 2077 808 2142 erudiiiffimie
831 2081 893 2142 illia
917 2083 1068 2162 tempori·

39 2183 109 2250 biis,
140 2185 171 2242 in
192 2193 346 2264 poemate
365 2185 503 2254 eximio.
530 2183 615 2264 quod
637 2179 786 2244 universo
806 2181 875 2242 orbi
894 2183 1068 2266 legendum

39 2287 237 2364 proponebat.
275 2285 393 2345 bellum
410 2287 521 2346 litteiii
538 2285 690 2346 inainlane
714 2285 889 2343 niaximum
906 2285 1067 2352 omnium,

42 2405 111 2460 qnae
139 2406 284 2466 iniquam
316 2383 461 2456 suerunt,
502 2389 545 2446 ita
577 2385 841 2446 inconsideratum
874 2399 907 2446 et
936 2385 1068 2446 consilio

45 2489 234 2568 praecipitem
261 2488 461 2568 deviiimque
482 2485 644 2556 exstitisse,
682 2498 718 2546 ut
741 2487 946 2546 similitudine
966 2487 1069 2546 nomi·

44 2587 86 2643 nia
104 2591 132 2646 in
156 2589 354 2671 pudendum
378 2607 516 2650 errorem
536 2601 643 2672 raptui
672 2605 730 2668 pro
752 2585 878 2648 Dotion
897 2585 1070 2648 Thessaliae

44 2687 155 2748 Dorion
188 2691 328 2750 Achaiae
360 2693 529 2772 acceperit.
569 2687 749 2772 praesertim
791 2687 858 2748 loca
899 2685 1070 2767 exseqiieiia

42 2790 223 2860 'lietsaliae‚
252 2791 287 2850 in
309 2811 368 2871 qua
387 2790 523 2862 bellurn,
550 2791 635 2870 quod
656 2787 825 2872 prodebat,
856 2787 975 2871 gestum
999 2785 1069 2854 suit.

40 2905 64 2946 et
81 2904 165 2952 tinne
191 2911 316 2952 nomen
339 2896 426 2972 operi
449 2891 502 2954 suo
521 2891 662 2954 adscivit.
722 2889 829 2972 Quam
855 2887 897 2950 ob
918 2909 986 2950 reni
1007 2907 1069 2970 ogo

41 2993 74 3049 ia
92 2993 227 3054 censeo:
261 3011 359 3072 quirin
381 2995 411 3052 in
429 2993 555 3054 Graecia
572 2991 670 3054 mulia
689 2991 747 3052 sint
768 2991 835 3051 loca
852 3009 917 3050 nori
935 2989 1070 3070 duplicia

42 3097 147 3160 titiani.
184 3093 238 3154 sed
262 3095 393 3174 triplicia
414 3109 446 3155 et
469 3096 572 3176 plina.
607 3093 723 3154 endem
748 3093 881 3154 noniine
904 3091 1002 3160 dicia,
1034 3103 1071 3150 ut

46 3193 174 3260 slieloe.
213 3201 334 3274 Argos,
375 3195 604 3262 Orchomenos,
644 3193 771 3256 Pteleon
802 3207 834 3252 et
873 3191 1070 3261 hiiiiiainodi,

43 3295 76 3352 iia
96 3299 218 3376 duplex
247 3297 343 3356 etiain
376 3295 503 3356 Dorion
536 3295 641 3366 fiiilse,
683 3295 814 3354 alterurn
849 3291 1070 3372 Peloponnesi,

43 3399 165 3458 alterurn
188 3395 380 3464 Thessaliae.
414 3395 592 3480 praesertim
613 3415 687 3458 cum
712 3394 820 3476 scripta
846 3394 938 3452 l'liiiii
960 3407 990 3454 el
1007 3394 1071 3454 Ro·

45 3517 121 3558 nana
141 3497 336 3578 exemplaria
351 3497 488 3568 Dorion,
515 3519 580 3560 non
599 3497 725 3558 Dotion
743 3495 903 3578 propaliin
925 3495 1070 3562 habeant,

46 3603 126 3658 etita
151 3599 299 3660 ostendat
320 3601 419 3660 codex
442 3611 534 3660 retiis
551 3597 761 3660 bibliothecae
783 3597 986 3656 Acadeinicae
1008 3595 1071 3656 sai·

49 3700 257 3768 annitendo,
290 3713 321 3762 et
341 3701 465 3762 codices
480 3705 574 3762 etiaiii
597 3699 665 3762 suos
684 3699 721 3758 lic
742 3697 856 3757 habere
882 3697 1070 3756 llerinoltiia

49 3799 99 3876 ipse
130 3801 279 3862 sileatur.
340 3803 382 3862 At
409 3802 492 3862 nulla
522 3801 644 3864 inentio
666 3799 765 3860 Dorii
791 3795 963 3858 Thessaliae
987 3797 1070 3877 apud

50 3903 258 3986 lieogiaphoe.
300 3903 385 3986 Quid
408 3903 552 3964 inirunil
601 3901 703 3962 Multa
728 3901 815 3960 enirn
836 3919 852 3958 a
875 3897 1071 3982 Geograpliie

52 4003 250 4078 pretermissa
269 4007 351 4084 apud
374 4017 492 4086 poetar,
525 4017 662 4067 oratores
680 4015 712 4062 et
732 3999 894 4061 historicos
917 3999 1071 4081 legiiuiiet
1146 4071 1149 4082 ,

51 4123 136 4185 ioque
153 4108 244 4168 enini
265 4105 310 4164 illi
332 4109 365 4168 in
382 4123 476 4186 opere
495 4121 557 4166 tarn
575 4107 661 4164 vario
680 4123 714 4162 ac
735 4099 849 4160 dill'iilo
865 4101 970 4160 oiiinia
987 4119 1059 4158 coni

52 4211 129 4282 pecii
169 4221 315 4290 potuere.
383 4207 466 4270 Nam
499 4223 532 4272 et
563 4207 628 4292 ipse
667 4204 856 4266 lleriiiolaus
889 4203 925 4262 ad
961 4203 1071 4262 contir-
