2894 4948
311 417 413 506 300·
467 397 474 406 ’
607 423 844 488 rouroorn
886 425 1075 520 nette.

312 602 408 674 lasset,
432 600 519 664 unde
533 601 698 662 coniicitur
714 605 798 686 apud
815 589 1086 686 Stephanum'pro
1103 586 1224 684 Λυγξὼ
1242 601 1342 685 legen-

315 707 394 767 dnm
415 703 476 766 elle
497 690 610 784 Λύγξ.
645 704 693 763 uti
717 707 813 766 etiam
847 706 951 767 voluit
978 704 1119 764 Holsten.
1148 726 1179 786 p.
1209 720 1291 781 192.
1315 717 1344 762 et

313 807 417 867 edidit
438 803 616 866 Berkeliue.
669 803 759 886 Quae
779 805 799 864 st
822 804 1023 868 conserantur
1044 806 1197 872 invicem.
1219 806 1344 864 ridetur

313 908 430 988 duplex
449 905 523 967 urbe
540 905 685 966 eiusdem
704 904 768 969 sere
787 904 944 976 nomino,
970 927 1035 966 une
1053 908 1242 968 incurrente
1260 904 1345 964 Μια-

312 1010 449 1077 rctanie‚
482 1004 624 1089 obposita
646 1007 809 1090 Europae,
835 1009 929 1070 altera
948 1008 1052 1090 paullo
1074 1008 1151 1068 inde
1172 1007 1344 1077 remotim

312 1129 376 1172 une
394 1095 479 1191 Τὶγξ
495 1107 546 1168 rel
563 1092 668 1190 Atys.
694 1109 787 1171 altere
801 1097 899 1184 Λίξος
915 1111 965 1170 vel
983 1095 1086 1177 nisa.
1110 1128 1149 1170 ex
1164 1127 1225 1188 que
1240 1108 1343 1167 fimili-

313 1213 426 1274 tudine
443 1207 587 1270 confuto
603 1207 655 1270 illu
676 1223 709 1271 et
728 1211 912 1294 disceptatio
932 1223 1010 1271 orta.
1062 1211 1167 1270 Docet
1188 1210 1223 1268 id
1248 1209 1344 1269 etiem

312 1311 387 1374 litut
410 1311 504 1372 huiue
529 1308 616 1370 urbis
638 1312 720 1391 epod
742 1311 880 1372 nostrum
897 1326 930 1372 et
950 1311 1111 1380 Plinium,
1143 1312 1223 1369 item
1239 1310 1345 1370 Ptole·

312 1433 458 1481 runcum,
498 1411 590 1472 cuiue
631 1407 776 1494 scripture
808 1413 911 1474 Lixus
947 1411 1023 1473 inde
1054 1411 1222 1492 probatur,
1258 1410 1344 1491 qnacl

312 1514 540 1598 cognominem
563 1511 663 1572 flurin
686 1513 872 1596 adpelletnm
890 1511 949 1575 else
971 1513 1111 1574 tradunt.
1160 1515 1207 1572 lte
1230 1511 1343 1572 intelli·

311 1617 398 1700 gitur
421 1613 503 1696 apud
529 1611 717 1674 Strabonem
741 1615 934 1676 Artemidori
954 1615 1117 1676 monitum
1138 1627 1249 1674 contra
1271 1613 1344 1674 Ere·

311 1715 502 1777 tostherrem.
550 1714 674 1776 Plinius
690 1718 785 1776 etiem
801 1731 834 1792 5,
857 1736 887 1779 ι.
909 1712 1010 1776 adfert
1026 1705 1131 1802 Lrffa,
1158 1715 1237 1775 olim
1254 1714 1344 1774 Heca

311 1835 411 1900 prope
435 1815 563 1878 Cottum
580 1833 646 1876 non
670 1817 779 1896 procul
796 1837 812 1877 a
831 1818 909 1876 Lixo
925 1817 1076 1885 flumine.
1101 1828 1134 1876 et
1155 1815 1225 1895 poll
1241 1815 1344 1876 Lixos

206 1959 208 1964 ·
310 1919 445 1978 colonia.
499 1915 611 1976 Lilsem
632 1917 713 1976 ultra
734 1917 1062 1978 columnaerHercnlie
1083 1919 1194 1997 ponit,
1222 1913 1274 1975 secl
1292 1913 1343 1976 sue

310 2034 410 2080 aetate
437 2036 504 2078 non
535 2013 671 2096 onrpliue
698 2015 889 2099 superstitem
911 2015 1000 2078 fnisse
1026 2017 1125 2078 addit.
1176 2017 1344 2078 Boccetiue
1385 2021 1389 2028 “

310 2120 350 2180 rle
373 2117 558 2180 fluminibue
575 2115 596 2178 s.
613 2136 645 2178 v.
668 2117 764 2180 Lixus
786 2119 871 2180 hunc
893 2120 1001 2180 lncnm
1019 2119 1059 2179 stc
1077 2117 1202 2180 retulit:
1239 2117 1344 2178 bears

310 2219 532 2282 Mauritaniae
548 2211 690 2304 jhtvius,
724 2241 746 2278 a
766 2241 829 2302 qno
853 2221 941 2280 Lixa
963 2221 1076 2280 civitas
1098 2219 1264 2298 appellata
1284 2217 1340 2311 ιβ.

310 2321 401 2382 ldem
426 2328 552 2388 tornen',
586 2333 682 2398 prout
710 2317 792 2382 forte
818 2319 959 2382 diversor
983 2321 1107 2382 codices
1136 2318 1264 2380 secutur
1287 2319 1341 2388 etl.

308 2419 331 2483 l'.
351 2441 384 2484 v.
410 2423 499 2480 Luna
521 2417 641 2479 scribite
682 2419 741 2512 Est
765 2415 886 2506 fluvius
907 2421 1129 2482 Mauritaniae
1158 2421 1341 2502 propinqua

312 2522 385 2584 Gna
407 2520 548 2581 coinrriae
568 2533 664 2602 atque
684 2523 897 2600 promontorio
917 2517 1082 2611 apclrfiae.
1132 2520 1287 2582 Cellerine
1305 2522 1340 2581 iu

310 2623 427 2706 Geogr.
447 2635 512 2684 eut.
536 2630 571 2702 4,
595 2639 628 2698 7,
654 2637 712 2683 20.
739 2625 772 2682 in
796 2623 986 2704 quibusdem
1007 2622 1133 2683 erravit.
1171 2619 1341 2701 Nusquam

307 2725 396 2786 eninr
416 2725 450 2782 in
470 2721 634 2804 Stephano
658 2736 788 2784 vocetur
809 2723 928 2793 Lixus,
962 2742 1022 2784 nec
1044 2717 1165 2783 Voffins
1187 2721 1241 2782 hic
1263 2723 1341 2805 legit

308 2825 441 2906 Lyrae,
468 2821 519 2884 sed
541 2821 640 2884 Lirur.
677 2824 725 2882 Ex
741 2823 892 2894 omnibus
908 2837 1014 2884 eutem
1031 2821 1223 2882 lectionibus
1242 2823 1341 2885 noſtri

305 2925 492 2986 locinrinue
512 2923 734 3004 probabiliter·
756 2926 899 2995 videtur,
925 2943 1003 3005 quee
1027 2923 1143 3004 Lynceo
1162 2920 1278 2992 insert.
1303 2937 1341 2984 nt

304 3043 345 3088 ex
365 3024 575 3106 superioribus
591 3038 688 3105 patet.
725 3027 762 3086 ln
780 3039 863 3086 tante
879 3039 986 3086 temen
1004 3025 1152 3084 verietate
1174 3026 1340 3104 optimum

305 3126 436 3188 videtur
460 3125 544 3206 sequi
566 3123 724 3196 Plinium,
757 3129 813 3208 qui
836 3126 931 3187 hebet
948 3125 1065 3193 Hans.
1090 3127 1186 3186 etiem
1208 3139 1340 3206 propter

305 3227 465 3288 adiectum
488 3227 654 3306 proxima,
683 3228 770 3306 quod
791 3241 825 3286 et
843 3227 953 3295 obstat,
984 3245 1049 3306 qno
1066 3227 1172 3286 minuo
1186 3227 1224 3284 etl
1244 3226 1340 3288 Gree-

305 3347 375 3392 eem
395 3329 551 3388 rationem
576 3325 808 3409 coniugiumue,
834 3348 895 3408 qna
913 3321 952 3390 τὸ
967 3349 990 3410 γ
1005 3339 1077 3386 eote
1092 3315 1113 3391 ἕ
1130 3323 1216 3406 saepe
1233 3325 1341 3388 inseri-

304 3441 372 3499 tnr,
405 3429 452 3488 uti
468 3415 604 3513 φάρυγξ
626 3428 742 3486 (licitur
763 3441 797 3488 et
820 3416 951 3511 φάρυξ,
983 3414 1112 3510 illium}
1128 3439 1160 3487 et
1178 3415 1289 3512 Μῇνιξ
1307 3440 1340 3490 ιι

308 3529 434 3598 similia,
461 3531 501 3590 tle
522 3528 635 3609 quibos
653 3525 692 3590 cf.
714 3530 857 3607 Etynrol.
876 3529 921 3589 M.
945 3527 964 3588 s.
979 3548 1012 3589 v.
1029 3521 1180 3609 Λᾶἳγγις.
1234 3531 1340 3610 Atque

305 3631 348 3690 ite
364 3649 562 3711 reponerent,
590 3629 679 3690 lires
694 3629 768 3691 ellet
790 3633 854 3690 ntei
872 3629 1002 3700 arbitrii,
1026 3647 1087 3690 nee
1107 3627 1259 3690 codicum
1279 3643 1341 3692 ter·

304 3731 441 3793 minatio
463 3729 605 3792 coustant
621 3731 836 3794 reluctaretur.

382 3931 528 4012 Zilia)
576 3929 669 3994 Parit.
688 3945 720 4010 5.
742 3931 839 4003 Grim-
863 3931 1003 4017 Rehdig.
1024 3953 1121 4014 grya3
1146 3929 1229 4013 Lipt.
1246 3933 1341 4012 ρίτης

304 4031 445 4095 vindob.
460 4051 545 4113 gna3
574 4032 687 4114 reliqui
709 4032 792 4104 Gna,
822 4035 870 4093 uti
892 4037 965 4094 edil.
985 4052 1014 4095 ι.
1035 4049 1067 4094 a.
1092 4045 1124 4110 3.
1148 4046 1182 4114 4.
1201 4047 1235 4109 5.
1255 4035 1290 4097 6.
1306 4049 1340 4110 7.

306 4143 340 4212 8.
362 4149 398 4214 9.
423 4151 481 4198 ιι.
504 4145 635 4212 ra.r5.
660 4141 715 4212 14.
738 4145 792 4212 ¹5·
815 4135 868 4198 16.
890 4151 944 4218 ¹7·
968 4145 1022 4211 ¹8·
1045 4150 1177 4213 1940.
1203 4151 1342 4199 er.ea.
1382 4183 1384 4187 .
