2826 4936
323 445 383 514 ¹⁷4
617 436 855 495 vouvouu
898 435 1058 493 ustas

319 613 363 676 eii
383 611 515 673 nimius.
559 611 610 670 De
627 609 718 670 finiti
739 611 895 694 loquendi
910 631 1037 696 genere,
1062 609 1146 682 vide.
1170 627 1242 690 quse
1256 604 1324 686 lupe·

319 717 385 776 rius
402 711 452 792 [5,
470 722 504 792 4,
527 713 573 792 r.]
595 712 743 775 diximus.
771 733 912 775 vosstvs.
956 701 1080 803 Causas
1092 723 1194 774 autem
1210 721 1237 769 et
1250 703 1323 787 tota)

319 816 413 878 Nihil
432 814 497 874 huc
515 811 590 874 facit
610 812 802 876 adversativa
827 816 1028 884 coniunctio,
1054 827 1087 874 et
1108 811 1268 897 legendum
1287 821 1323 869 ta·

320 939 404 986 men.
431 929 468 976 ut
485 914 527 976 eil
547 917 580 975 in
605 913 703 976 tribus
720 915 811 979 MSS.
828 915 996 978 referendo
1013 912 1101 976 leulu
1119 915 1157 974 ad
1176 911 1322 992 superium

319 1036 446 1098 nempe,
472 1017 526 1077 etli
547 1015 605 1075 sint
622 1035 720 1096 opum
745 1019 856 1102 ignari,
884 1031 991 1078 tamen
1009 1013 1112 1078 caulas
1127 1030 1159 1077 et
1177 1014 1249 1074 bella
1268 1031 1323 1072 mu·

319 1120 465 1188 trahunt.
492 1137 526 1178 ac
544 1115 573 1178 ie
597 1113 775 1196 frequenter
798 1120 939 1180 invicem
963 1115 1120 1179 infestant.
1169 1115 1249 1197 Opes
1268 1111 1323 1172 lunt

318 1219 392 1284 lons
416 1233 448 1280 et
471 1221 560 1302 origo
580 1217 757 1292 bellorum3
789 1220 844 1281 has
864 1221 961 1303 igitur
976 1239 1076 1300 quum
1098 1238 1161 1278 non
1179 1216 1325 1280 aestiment.

317 1323 420 1384 immo
443 1323 608 1404 ignorent;
639 1321 735 1380 etiarn
758 1341 799 1382 ne
822 1319 898 1382 belli
921 1323 1055 1402 quidem
1076 1319 1218 1381 notitiam
1234 1315 1325 1376 habers

319 1423 521 1506 supponeres.
557 1423 617 1482 Sed
636 1423 762 1484 nonita
780 1422 861 1483 bene
876 1443 948 1482 cum
967 1423 1027 1482 illis
1042 1423 1158 1504 agitur.
1190 1420 1252 1481 lilia
1265 1415 1325 1474 imit

318 1525 378 1596 est,
409 1509 725 1606 quae'eosexngiteu
752 1525 891 1607 gaudent
912 1523 1037 1607 abigere
1061 1523 1214 1582 vicinum.
1260 1519 1325 1578 Hinc

318 1628 402 1688 inter
418 1645 472 1688 eos
488 1626 584 1684 etiam
600 1637 670 1684 tum
692 1623 796 1686 caulae
817 1623 971 1693 bellandi.
997 1637 1069 1683 turn
1085 1621 1148 1706 ipsa
1163 1623 1245 1681 bella.
1282 1617 1326 1678 tsu

319 1728 363 1789 est
391 1747 482 1787 mens
507 1724 626 1796 Melam
661 1738 693 1786 ot
720 1739 826 1785 totum
859 1725 922 1785 hoc
950 1727 993 1786 ita
1021 1745 1145 1786 nexum
1171 1718 1327 1784 confidunt
1382 1739 1383 1778 t

319 1827 424 1898 debet,
446 1846 512 1887 nou
527 1845 562 1886 ea
579 1827 687 1894 modo.
710 1847 789 1907 quae
808 1825 987 1906 sequuntur.
1011 1840 1046 1886 ut
1065 1826 1213 1887 obnitens
1226 1818 1326 1882 Volluu
1382 1869 1383 1900 .

318 1929 428 2012 exigit.
464 1949 487 1990 1.
512 1945 718 1990 unouovrvs.
765 1928 862 2011 Quod
882 1941 986 1987 autem
1003 1929 1150 1988 dederim
1166 1945 1218 2008 pro
1232 1938 1324 1990 taurea,
1382 1915 1383 1928 ¹

318 2033 353 2090 in
374 2047 413 2090 eo
437 2047 562 2109 quoque
582 2043 705 2089 veteres
730 2027 852 2089 secutus
875 2027 943 2088 lum
967 2027 1168 2090 membranas
1188 2041 1219 2088 et
1236 2025 1326 2086 editio·

317 2150 393 2192 neru
420 2131 615 2212 principem
657 2148 731 2189 curn
754 2128 858 2200 caula,
891 2129 1101 2210 quamobrem
1123 2130 1205 2190 bella
1229 2139 1326 2187 contu·
1382 2131 1383 2208 l

316 2231 409 2298 hant.
444 2231 554 2290 clarius
577 2230 690 2298 exiis,
722 2251 803 2309 quau
829 2229 1015 2310 lequuntur.
1047 2252 1145 2312 qnam
1167 2231 1241 2296 istis,
1264 2242 1326 2304 quet
1382 2249 1383 2306 f

315 2329 518 2416 praecellere,
546 2331 748 2413 intelligatur.
796 2352 931 2392 vossrvs
955 2333 987 2392 iu
1016 2323 1324 2411 upperrdicsadlt.l.
1382 2345 1383 2358 ¹

316 2434 468 2494 Voculam
491 2443 613 2500 tantm,
645 2432 770 2494 ll'lSStis
791 2435 887 2492 etiarn
912 2433 1054 2502 adiutus,
1082 2436 1116 2492 in
1138 2447 1228 2500 nota,
1251 2444 1325 2509 quam

316 2537 518 2596 coniunctam
540 2532 686 2603 exhibui,
713 2531 782 2593 latis
798 2535 974 2594 vindicavit
990 2535 1189 2594 Gronovius.
1229 2533 1326 2591 Mintur
1382 2593 1383 2604 2

317 2650 441 2706 tamen,
467 2654 523 2694 cur
544 2635 669 2714 plenam
686 2637 832 2696 codicum
853 2636 1024 2696 lectionem
1047 2635 1180 2695 reddere
1200 2633 1326 2714 negligat·
1382 2621 1383 2716 l

316 2743 406 2818 quod
438 2752 521 2798 certe
553 2737 592 2796 de
623 2737 771 2796 Gudiano
808 2737 973 2797 adfirmare
1005 2735 1144 2818 pullum.
1194 2734 1327 2796 Battum

316 2841 436 2900 duriter
457 2836 540 2899 abest
560 2851 593 2898 ut
615 2857 654 2898 ex
678 2837 761 2918 lequ.
783 2833 953 2899 arcellttur.
1382 2825 1383 2888 l

391 3061 437 3100 aa
455 3031 528 3129 ss)
509 3037 686 3120 )Cibin.
709 3039 802 3102 Paris.
825 3054 857 3119 3.
879 3038 1016 3100 Vindob.
1035 3039 1176 3124 ltehdig.
1196 3037 1286 3098 Vatic.
1305 3053 1328 3094 ι.

298 3139 445 3224 vetforte
471 3143 580 3201 Venet.
606 3123 711 3204 Havn.
733 3138 852 3230 acsrc,
886 3144 935 3201 uti
956 3142 1128 3224 legiturin
1151 3137 1329 3202 editionibus
1382 3153 1383 3206 t

314 3243 352 3303 arl
376 3239 557 3310 Schottum.
585 3245 651 3324 qui,
683 3244 867 3305 aPintiano
887 3242 1082 3312 admonitus,
1110 3241 1254 3323 sequente
1273 3233 1383 3320 post

315 3339 421 3406 Voffio
442 3356 474 3402 et
490 3344 634 3424 reliquls
661 3343 801 3426 reposuit
822 3365 862 3405 aa
899 3366 929 3414 e,
955 3343 1040 3423 quod
1061 3343 1330 3425 praeteraliosco·

314 3447 400 3506 dices
428 3443 554 3505 sustinet
583 3447 680 3506 etiam
708 3465 819 3508 nexus.
870 3446 919 3506 Ex
941 3445 1099 3525 prioribus
1120 3446 1172 3507 ed.
1190 3457 1222 3521 5.
1244 3439 1329 3522 negli-

314 3548 420 3630 gentia
443 3558 564 3606 tanturn
585 3547 702 3607 librarii
726 3547 861 3628 protulit
882 3567 922 3606 ac
931 3541 978 3635 fl.
1031 3547 1111 3608 Mox
1128 3548 1218 3628 Prag.
1239 3541 1330 3622 prola·

314 3647 408 3708 tondi
427 3669 483 3717 ea,·
515 3648 718 3728 posteriorem
743 3667 856 3709 vocem
880 3649 1028 3732 ignorant
1048 3645 1186 3710 Vindob.
1206 3657 1237 3707 et
1254 3643 1329 3706 Clau·

313 3748 416 3817 conii,
442 3749 496 3832 qui
512 3762 544 3810 et
559 3747 623 3832 ipio
638 3769 707 3812 eam
723 3751 898 3810 redundare
914 3749 1042 3813 iudicat.

387 3949 551 4032 pedite)
602 3953 648 4012 lta
664 3971 775 4014 omnes
793 3951 882 4021 libri,
910 3965 1034 4012 tantum
1051 3965 1140 4014 antea
1156 3950 1257 4014 Cibiu.
1274 3937 1326 4034 nist

312 4053 456 4134 eqrtitatu
481 4053 585 4116 ruodo.
627 4055 798 4134 Displicuit
817 4068 923 4114 tamen
946 4055 997 4113 illa
1017 4073 1082 4114 vox
1101 4053 1257 4118 Pintianm
1280 4043 1326 4126 qul
1382 4083 1383 4094 .

311 4151 452 4215 substitui
477 4153 611 4216 malebat
633 4155 790 4234 peditatu.
825 4153 923 4218 Caula
942 4155 974 4215 iu
992 4169 1100 4237 aperto
1117 4153 1169 4216 est.
1208 4153 1257 4214 Sic
1274 4145 1323 4208 lul·
