<?xml version="1.0" encoding="UTF-8"?>
<!DOCTYPE html PUBLIC "-//W3C//DTD XHTML 1.0 Transitional//EN"
    "http://www.w3.org/TR/xhtml1/DTD/xhtml1-transitional.dtd">
<html xmlns="http://www.w3.org/1999/xhtml" xml:lang="en" lang="en">
 <head>
  <title>
</title>
<meta http-equiv="Content-Type" content="text/html;charset=utf-8" />
  <meta name='ocr-system' content='tesseract 3.04.00' />
  <meta name='ocr-capabilities' content='ocr_page ocr_carea ocr_par ocr_line ocrx_word'/>
</head>
<body>
  <div class='ocr_page' id='page_1' title='image "./pomponiimelaede05melagoog_0794.png"; bbox 0 0 2826 4936; ppageno 0'>
   <div class='ocr_carea' id='block_1_1' title="bbox 330 417 1067 482">
    <p class='ocr_par' dir='ltr' id='par_1_1' title="bbox 330 417 1067 482">
     <span class='ocr_line' id='line_1_1' title="bbox 330 417 1067 482; baseline -0.001 -3"><span class='ocrx_word' id='word_1_1' title='bbox 330 417 388 479; x_wconf 82' lang='lat'>166</span> <span class='ocrx_word' id='word_1_2' title='bbox 632 421 873 481; x_wconf 70' lang='lat' dir='ltr'>romeotltl</span> <span class='ocrx_word' id='word_1_3' title='bbox 907 423 1067 482; x_wconf 78' lang='lat' dir='ltr'><strong>MELAE</strong></span> 
     </span>
    </p>
   </div>
   <div class='ocr_carea' id='block_1_2' title="bbox 244 589 1335 1596">
    <p class='ocr_par' dir='ltr' id='par_1_2' title="bbox 244 589 1335 1596">
     <span class='ocr_line' id='line_1_2' title="bbox 330 589 1332 682; baseline -0.008 -20"><span class='ocrx_word' id='word_1_4' title='bbox 330 596 468 682; x_wconf 77' lang='lat' dir='ltr'><strong>intelligi</strong></span> <span class='ocrx_word' id='word_1_5' title='bbox 489 617 525 659; x_wconf 86' lang='lat' dir='ltr'>ea</span> <span class='ocrx_word' id='word_1_6' title='bbox 546 589 681 678; x_wconf 63' lang='lat' dir='ltr'>poll&#39;tnt⁹</span> <span class='ocrx_word' id='word_1_7' title='bbox 712 595 811 656; x_wconf 85' lang='lat' dir='ltr'>abeffe</span> <span class='ocrx_word' id='word_1_8' title='bbox 833 599 948 667; x_wconf 85' lang='lat' dir='ltr'>etiarn,</span> <span class='ocrx_word' id='word_1_9' title='bbox 980 595 1162 658; x_wconf 74' lang='lat' dir='ltr'>volentibus</span> <span class='ocrx_word' id='word_1_10' title='bbox 1188 605 1231 656; x_wconf 91' lang='lat' dir='ltr'>tot</span> <span class='ocrx_word' id='word_1_11' title='bbox 1251 591 1332 662; x_wconf 73' lang='lat' dir='ltr'>libris.</span> 
     </span>
     <span class='ocr_line' id='line_1_3' title="bbox 329 695 1332 784; baseline -0.009 -21"><span class='ocrx_word' id='word_1_12' title='bbox 329 701 443 784; x_wconf 88' lang='lat' dir='ltr'>potell.</span> <span class='ocrx_word' id='word_1_13' title='bbox 494 699 682 760; x_wconf 86' lang='lat' dir='ltr'>Ciaccouiua</span> <span class='ocrx_word' id='word_1_14' title='bbox 696 697 760 760; x_wconf 86' lang='lat' dir='ltr'>[ine</span> <span class='ocrx_word' id='word_1_15' title='bbox 777 695 863 758; x_wconf 86' lang='lat' dir='ltr'>caula</span> <span class='ocrx_word' id='word_1_16' title='bbox 877 699 915 759; x_wconf 89' lang='lat' dir='ltr'>ad</span> <span class='ocrx_word' id='word_1_17' title='bbox 935 699 1038 760; x_wconf 78' lang='lat' dir='ltr'>variae</span> <span class='ocrx_word' id='word_1_18' title='bbox 1053 695 1167 760; x_wconf 81' lang='lat' dir='ltr'>formae</span> <span class='ocrx_word' id='word_1_19' title='bbox 1185 698 1280 758; x_wconf 84' lang='lat' dir='ltr'>locutu</span> <span class='ocrx_word' id='word_1_20' title='bbox 1297 699 1332 754; x_wconf 89' lang='lat' dir='ltr'>in·</span> 
     </span>
     <span class='ocr_line' id='line_1_4' title="bbox 330 798 1332 881; baseline -0.008 -17"><span class='ocrx_word' id='word_1_21' title='bbox 330 804 444 873; x_wconf 86' lang='lat' dir='ltr'>vertit,</span> <span class='ocrx_word' id='word_1_22' title='bbox 477 821 516 862; x_wconf 84' lang='lat' dir='ltr'>ex</span> <span class='ocrx_word' id='word_1_23' title='bbox 538 799 652 881; x_wconf 87' lang='lat' dir='ltr'>quibua</span> <span class='ocrx_word' id='word_1_24' title='bbox 674 798 773 860; x_wconf 86' lang='lat' dir='ltr'>lolum</span> <span class='ocrx_word' id='word_1_25' title='bbox 796 800 918 861; x_wconf 78' lang='lat' dir='ltr'>adridet</span> <span class='ocrx_word' id='word_1_26' title='bbox 944 802 1099 878; x_wconf 83' lang='lat' dir='ltr'>priorum,</span> <span class='ocrx_word' id='word_1_27' title='bbox 1133 818 1221 881; x_wconf 86' lang='lat' dir='ltr'>quam</span> <span class='ocrx_word' id='word_1_28' title='bbox 1240 815 1332 860; x_wconf 83' lang='lat' dir='ltr'>rocem</span> 
     </span>
     <span class='ocr_line' id='line_1_5' title="bbox 332 897 1332 984; baseline -0.011 -18"><span class='ocrx_word' id='word_1_29' title='bbox 332 924 406 966; x_wconf 87' lang='lat' dir='ltr'>oum</span> <span class='ocrx_word' id='word_1_30' title='bbox 422 904 552 984; x_wconf 81' lang='lat' dir='ltr'><strong><em>propior</em></strong></span> <span class='ocrx_word' id='word_1_31' title='bbox 571 913 604 961; x_wconf 86' lang='lat' dir='ltr'>et</span> <span class='ocrx_word' id='word_1_32' title='bbox 625 901 771 982; x_wconf 79' lang='lat' dir='ltr'><strong><em>proprior</em></strong></span> <span class='ocrx_word' id='word_1_33' title='bbox 784 905 976 962; x_wconf 87' lang='lat' dir='ltr'>commutari</span> <span class='ocrx_word' id='word_1_34' title='bbox 991 904 1025 966; x_wconf 89' lang='lat' dir='ltr'>in</span> <span class='ocrx_word' id='word_1_35' title='bbox 1041 901 1150 964; x_wconf 82' lang='lat' dir='ltr'>nollrie</span> <span class='ocrx_word' id='word_1_36' title='bbox 1165 903 1252 962; x_wconf 88' lang='lat' dir='ltr'>etiam</span> <span class='ocrx_word' id='word_1_37' title='bbox 1266 897 1332 958; x_wconf 74' lang='lat' dir='ltr'>libris</span> 
     </span>
     <span class='ocr_line' id='line_1_6' title="bbox 332 997 1332 1087; baseline -0.011 -19"><span class='ocrx_word' id='word_1_38' title='bbox 332 1005 498 1087; x_wconf 84' lang='lat' dir='ltr'>aliquotiea</span> <span class='ocrx_word' id='word_1_39' title='bbox 520 1003 677 1072; x_wconf 79' lang='lat' dir='ltr'>vidimus,</span> <span class='ocrx_word' id='word_1_40' title='bbox 709 1016 742 1064; x_wconf 87' lang='lat' dir='ltr'>et</span> <span class='ocrx_word' id='word_1_41' title='bbox 767 1001 805 1062; x_wconf 83' lang='lat' dir='ltr'>fic</span> <span class='ocrx_word' id='word_1_42' title='bbox 828 997 924 1084; x_wconf 84' lang='lat' dir='ltr'>poffit</span> <span class='ocrx_word' id='word_1_43' title='bbox 950 1005 988 1064; x_wconf 90' lang='lat' dir='ltr'>ad</span> <span class='ocrx_word' id='word_1_44' title='bbox 1011 1025 1061 1066; x_wconf 85' lang='lat' dir='ltr'>rea</span> <span class='ocrx_word' id='word_1_45' title='bbox 1081 1001 1214 1066; x_wconf 79' lang='lat' dir='ltr'>Caesarie</span> <span class='ocrx_word' id='word_1_46' title='bbox 1238 999 1332 1067; x_wconf 82' lang='lat' dir='ltr'>referri,</span> 
     </span>
     <span class='ocr_line' id='line_1_7' title="bbox 244 1097 1333 1190; baseline -0.006 -23"><span class='ocrx_word' id='word_1_47' title='bbox 244 1097 248 1105; x_wconf 51' lang='lat'><strong>¹</strong></span> <span class='ocrx_word' id='word_1_48' title='bbox 332 1127 409 1190; x_wconf 75' lang='lat' dir='ltr'>qum</span> <span class='ocrx_word' id='word_1_49' title='bbox 433 1106 586 1170; x_wconf 75' lang='lat' dir='ltr'>Claudius</span> <span class='ocrx_word' id='word_1_50' title='bbox 606 1123 672 1166; x_wconf 88' lang='lat' dir='ltr'>non</span> <span class='ocrx_word' id='word_1_51' title='bbox 694 1102 869 1165; x_wconf 77' lang='lat' dir='ltr'>inlustravit</span> <span class='ocrx_word' id='word_1_52' title='bbox 883 1102 1004 1176; x_wconf 80' lang='lat' dir='ltr'>solum,</span> <span class='ocrx_word' id='word_1_53' title='bbox 1031 1104 1134 1167; x_wconf 82' lang='lat' dir='ltr'>ledet</span> <span class='ocrx_word' id='word_1_54' title='bbox 1154 1102 1333 1165; x_wconf 83' lang='lat' dir='ltr'>confirmarit.</span> 
     </span>
     <span class='ocr_line' id='line_1_8' title="bbox 333 1201 1335 1287; baseline -0.009 -17"><span class='ocrx_word' id='word_1_55' title='bbox 333 1209 454 1270; x_wconf 85' lang='lat' dir='ltr'>Moliua</span> <span class='ocrx_word' id='word_1_56' title='bbox 474 1220 581 1268; x_wconf 87' lang='lat' dir='ltr'>tarneu</span> <span class='ocrx_word' id='word_1_57' title='bbox 602 1207 800 1286; x_wconf 85' lang='lat' dir='ltr'>propriorum</span> <span class='ocrx_word' id='word_1_58' title='bbox 822 1207 996 1277; x_wconf 82' lang='lat' dir='ltr'>retinetur,</span> <span class='ocrx_word' id='word_1_59' title='bbox 1024 1207 1119 1267; x_wconf 85' lang='lat' dir='ltr'>etad</span> <span class='ocrx_word' id='word_1_60' title='bbox 1149 1203 1244 1287; x_wconf 87' lang='lat' dir='ltr'>iplnm</span> <span class='ocrx_word' id='word_1_61' title='bbox 1264 1201 1335 1265; x_wconf 86' lang='lat' dir='ltr'>Clau·</span> 
     </span>
     <span class='ocr_line' id='line_1_9' title="bbox 335 1303 1335 1392; baseline -0.01 -20"><span class='ocrx_word' id='word_1_62' title='bbox 335 1311 426 1372; x_wconf 82' lang='lat' dir='ltr'>dium</span> <span class='ocrx_word' id='word_1_63' title='bbox 445 1307 587 1378; x_wconf 86' lang='lat' dir='ltr'>refertur,</span> <span class='ocrx_word' id='word_1_64' title='bbox 614 1307 679 1388; x_wconf 86' lang='lat' dir='ltr'>qui,</span> <span class='ocrx_word' id='word_1_65' title='bbox 705 1327 781 1368; x_wconf 88' lang='lat' dir='ltr'>cum</span> <span class='ocrx_word' id='word_1_66' title='bbox 796 1320 886 1368; x_wconf 88' lang='lat' dir='ltr'>autea</span> <span class='ocrx_word' id='word_1_67' title='bbox 908 1308 1042 1368; x_wconf 90' lang='lat' dir='ltr'>aliorum</span> <span class='ocrx_word' id='word_1_68' title='bbox 1064 1329 1113 1369; x_wconf 83' lang='lat' dir='ltr'>rea</span> <span class='ocrx_word' id='word_1_69' title='bbox 1131 1307 1222 1392; x_wconf 78' lang='lat' dir='ltr'>gestas</span> <span class='ocrx_word' id='word_1_70' title='bbox 1242 1303 1335 1384; x_wconf 79' lang='lat' dir='ltr'>scriptia</span> 
     </span>
     <span class='ocr_line' id='line_1_10' title="bbox 334 1404 1335 1494; baseline -0.009 -21"><span class='ocrx_word' id='word_1_71' title='bbox 334 1409 538 1494; x_wconf 82' lang='lat' dir='ltr'>exposuillet,</span> <span class='ocrx_word' id='word_1_72' title='bbox 564 1411 650 1488; x_wconf 89' lang='lat' dir='ltr'>(vid.</span> <span class='ocrx_word' id='word_1_73' title='bbox 672 1409 804 1470; x_wconf 87' lang='lat' dir='ltr'>Sueton.</span> <span class='ocrx_word' id='word_1_74' title='bbox 829 1428 857 1470; x_wconf 87' lang='lat' dir='ltr'>c.</span> <span class='ocrx_word' id='word_1_75' title='bbox 877 1411 958 1487; x_wconf 74' lang='lat'><strong>41.)</strong></span> <span class='ocrx_word' id='word_1_76' title='bbox 985 1407 1053 1470; x_wconf 82' lang='lat' dir='ltr'>suaa</span> <span class='ocrx_word' id='word_1_77' title='bbox 1073 1430 1159 1470; x_wconf 89' lang='lat' dir='ltr'>nunc</span> <span class='ocrx_word' id='word_1_78' title='bbox 1185 1407 1250 1489; x_wconf 81' lang='lat' dir='ltr'>ipsu</span> <span class='ocrx_word' id='word_1_79' title='bbox 1268 1404 1335 1466; x_wconf 76' lang='lat' dir='ltr'>lautia</span> 
     </span>
     <span class='ocr_line' id='line_1_11' title="bbox 333 1508 1253 1596; baseline -0.004 -21"><span class='ocrx_word' id='word_1_80' title='bbox 333 1513 467 1596; x_wconf 81' lang='lat' dir='ltr'>probare</span> <span class='ocrx_word' id='word_1_81' title='bbox 486 1510 603 1592; x_wconf 84' lang='lat' dir='ltr'>suoque</span> <span class='ocrx_word' id='word_1_82' title='bbox 624 1509 771 1592; x_wconf 83' lang='lat' dir='ltr'>exemplo</span> <span class='ocrx_word' id='word_1_83' title='bbox 792 1523 825 1572; x_wconf 90' lang='lat' dir='ltr'>et</span> <span class='ocrx_word' id='word_1_84' title='bbox 839 1508 896 1570; x_wconf 89' lang='lat' dir='ltr'>ulu</span> <span class='ocrx_word' id='word_1_85' title='bbox 913 1512 1101 1574; x_wconf 86' lang='lat' dir='ltr'>confirmare</span> <span class='ocrx_word' id='word_1_86' title='bbox 1122 1522 1253 1592; x_wconf 87' lang='lat' dir='ltr'>cuperet.</span> 
     </span>
    </p>
   </div>
   <div class='ocr_carea' id='block_1_3' title="bbox 334 1705 1340 1880">
    <p class='ocr_par' dir='ltr' id='par_1_3' title="bbox 334 1705 1340 1880">
     <span class='ocr_line' id='line_1_12' title="bbox 413 1705 1340 1796; baseline -0.011 -18"><span class='ocrx_word' id='word_1_87' title='bbox 413 1714 600 1778; x_wconf 84' lang='lat' dir='ltr'>Ceterum</span> <span class='ocrx_word' id='word_1_88' title='bbox 625 1725 669 1776; x_wconf 74' lang='lat' dir='ltr'>ut</span> <span class='ocrx_word' id='word_1_89' title='bbox 693 1711 770 1795; x_wconf 83' lang='grc'>-)</span> <span class='ocrx_word' id='word_1_90' title='bbox 821 1712 907 1776; x_wconf 84' lang='lat' dir='ltr'>(iud.</span> <span class='ocrx_word' id='word_1_91' title='bbox 934 1711 980 1774; x_wconf 80' lang='lat' dir='ltr'>od</span> <span class='ocrx_word' id='word_1_92' title='bbox 1004 1713 1065 1776; x_wconf 78' lang='lat' dir='ltr'>lroe</span> <span class='ocrx_word' id='word_1_93' title='bbox 1099 1725 1227 1796; x_wconf 71' lang='lat' dir='ltr'>ceterum</span> <span class='ocrx_word' id='word_1_94' title='bbox 1254 1705 1340 1771; x_wconf 74' lang='lat' dir='ltr'>lauini-</span> 
     </span>
     <span class='ocr_line' id='line_1_13' title="bbox 334 1818 521 1880; baseline -0.011 0"><span class='ocrx_word' id='word_1_95' title='bbox 334 1837 405 1880; x_wconf 84' lang='lat' dir='ltr'>mus</span> <span class='ocrx_word' id='word_1_96' title='bbox 430 1818 521 1878; x_wconf 83' lang='lat' dir='ltr'>inter.</span> 
     </span>
    </p>
   </div>
   <div class='ocr_carea' id='block_1_4' title="bbox 286 2017 1386 4227">
    <p class='ocr_par' dir='ltr' id='par_1_4' title="bbox 286 2017 1386 4227">
     <span class='ocr_line' id='line_1_14' title="bbox 409 2017 1340 2101; baseline -0.008 -21"><span class='ocrx_word' id='word_1_97' title='bbox 409 2021 503 2100; x_wconf 83' lang='lat' dir='ltr'>proi</span> <span class='ocrx_word' id='word_1_98' title='bbox 509 2029 598 2079; x_wconf 79' lang='lat' dir='ltr'>eota</span> <span class='ocrx_word' id='word_1_99' title='bbox 606 2017 625 2100; x_wconf 89' lang='lat'>)</span> <span class='ocrx_word' id='word_1_100' title='bbox 674 2018 726 2082; x_wconf 87' lang='lat' dir='ltr'>Sio</span> <span class='ocrx_word' id='word_1_101' title='bbox 748 2037 860 2082; x_wconf 77' lang='lat' dir='ltr'>omnes</span> <span class='ocrx_word' id='word_1_102' title='bbox 879 2017 952 2094; x_wconf 82' lang='lat' dir='ltr'>libri</span> <span class='ocrx_word' id='word_1_103' title='bbox 969 2018 1094 2101; x_wconf 80' lang='lat' dir='ltr'>scripti,</span> <span class='ocrx_word' id='word_1_104' title='bbox 1127 2019 1176 2082; x_wconf 87' lang='lat' dir='ltr'>uti</span> <span class='ocrx_word' id='word_1_105' title='bbox 1196 2018 1281 2080; x_wconf 84' lang='lat' dir='ltr'>etiam</span> <span class='ocrx_word' id='word_1_106' title='bbox 1297 2030 1340 2074; x_wconf 90' lang='lat' dir='ltr'>no·</span> 
     </span>
     <span class='ocr_line' id='line_1_15' title="bbox 335 2118 1339 2200; baseline -0.009 -19"><span class='ocrx_word' id='word_1_107' title='bbox 335 2133 421 2181; x_wconf 90' lang='lat' dir='ltr'>tatur</span> <span class='ocrx_word' id='word_1_108' title='bbox 436 2141 451 2180; x_wconf 92' lang='lat' dir='ltr'>a</span> <span class='ocrx_word' id='word_1_109' title='bbox 470 2119 641 2183; x_wconf 87' lang='lat' dir='ltr'>Ciaoconio</span> <span class='ocrx_word' id='word_1_110' title='bbox 656 2121 696 2182; x_wconf 86' lang='lat' dir='ltr'>de</span> <span class='ocrx_word' id='word_1_111' title='bbox 712 2118 771 2182; x_wconf 80' lang='lat' dir='ltr'>luia</span> <span class='ocrx_word' id='word_1_112' title='bbox 785 2121 823 2180; x_wconf 85' lang='lat' dir='ltr'>arl</span> <span class='ocrx_word' id='word_1_113' title='bbox 843 2141 873 2188; x_wconf 86' lang='grc' dir='ltr'><strong>ι.</strong></span> <span class='ocrx_word' id='word_1_114' title='bbox 892 2141 920 2192; x_wconf 82' lang='grc' dir='ltr'>ι,</span> <span class='ocrx_word' id='word_1_115' title='bbox 938 2135 971 2200; x_wconf 99' lang='grc'><strong>5.</strong></span> <span class='ocrx_word' id='word_1_116' title='bbox 996 2135 1027 2182; x_wconf 87' lang='lat' dir='ltr'>et</span> <span class='ocrx_word' id='word_1_117' title='bbox 1041 2123 1075 2182; x_wconf 91' lang='lat' dir='ltr'>in</span> <span class='ocrx_word' id='word_1_118' title='bbox 1090 2143 1174 2183; x_wconf 86' lang='lat' dir='ltr'>varr.</span> <span class='ocrx_word' id='word_1_119' title='bbox 1189 2119 1339 2182; x_wconf 82' lang='lat' dir='ltr'>editionum</span> 
     </span>
     <span class='ocr_line' id='line_1_16' title="bbox 336 2219 1339 2308; baseline -0.009 -24"><span class='ocrx_word' id='word_1_120' title='bbox 336 2237 397 2296; x_wconf 72' lang='lat'>27.</span> <span class='ocrx_word' id='word_1_121' title='bbox 411 2235 443 2282; x_wconf 89' lang='lat' dir='ltr'>et</span> <span class='ocrx_word' id='word_1_122' title='bbox 460 2239 516 2300; x_wconf 75' lang='lat'>29.</span> <span class='ocrx_word' id='word_1_123' title='bbox 544 2241 603 2282; x_wconf 87' lang='lat' dir='ltr'>nec</span> <span class='ocrx_word' id='word_1_124' title='bbox 618 2225 727 2282; x_wconf 80' lang='lat' dir='ltr'>minua</span> <span class='ocrx_word' id='word_1_125' title='bbox 745 2223 823 2284; x_wconf 87' lang='lat' dir='ltr'>editi</span> <span class='ocrx_word' id='word_1_126' title='bbox 842 2223 879 2284; x_wconf 89' lang='lat' dir='ltr'>ad</span> <span class='ocrx_word' id='word_1_127' title='bbox 898 2222 1079 2285; x_wconf 80' lang='lat' dir='ltr'>Camertem</span> <span class='ocrx_word' id='word_1_128' title='bbox 1104 2219 1209 2308; x_wconf 83' lang='lat'><strong>(12.)</strong></span> <span class='ocrx_word' id='word_1_129' title='bbox 1228 2220 1276 2301; x_wconf 86' lang='lat' dir='ltr'>qni</span> <span class='ocrx_word' id='word_1_130' title='bbox 1292 2235 1339 2276; x_wconf 85' lang='lat' dir='ltr'>ma·</span> 
     </span>
     <span class='ocr_line' id='line_1_17' title="bbox 335 2310 1338 2410; baseline -0.001 -27"><span class='ocrx_word' id='word_1_131' title='bbox 335 2323 397 2383; x_wconf 93' lang='lat' dir='ltr'>luit</span> <span class='ocrx_word' id='word_1_132' title='bbox 418 2315 578 2410; x_wconf 84' lang='lat' dir='ltr'>profecto.</span> <span class='ocrx_word' id='word_1_133' title='bbox 629 2321 828 2404; x_wconf 64' lang='lat' dir='ltr'>occeperunt</span> <span class='ocrx_word' id='word_1_134' title='bbox 856 2339 979 2406; x_wconf 87' lang='lat' dir='ltr'>praeter</span> <span class='ocrx_word' id='word_1_135' title='bbox 1006 2340 1156 2408; x_wconf 79' lang='lat' dir='ltr'>cognatae</span> <span class='ocrx_word' id='word_1_136' title='bbox 1184 2310 1338 2406; x_wconf 56' lang='lat'>(1419.)</span> 
     </span>
     <span class='ocr_line' id='line_1_18' title="bbox 335 2417 1338 2506; baseline -0.008 -21"><span class='ocrx_word' id='word_1_137' title='bbox 335 2425 405 2506; x_wconf 85' lang='lat' dir='ltr'>poll</span> <span class='ocrx_word' id='word_1_138' title='bbox 422 2425 517 2485; x_wconf 87' lang='lat' dir='ltr'>etiarn</span> <span class='ocrx_word' id='word_1_139' title='bbox 539 2425 593 2486; x_wconf 78' lang='grc' dir='ltr'>ιδ.</span> <span class='ocrx_word' id='word_1_140' title='bbox 617 2435 673 2501; x_wconf 82' lang='grc'><strong>18.</strong></span> <span class='ocrx_word' id='word_1_141' title='bbox 693 2441 750 2488; x_wconf 75' lang='lat'>21.</span> <span class='ocrx_word' id='word_1_142' title='bbox 768 2433 825 2505; x_wconf 74' lang='lat'>24.</span> <span class='ocrx_word' id='word_1_143' title='bbox 847 2437 903 2501; x_wconf 86' lang='lat'>25.</span> <span class='ocrx_word' id='word_1_144' title='bbox 925 2425 1079 2486; x_wconf 85' lang='lat' dir='ltr'>Vadianae</span> <span class='ocrx_word' id='word_1_145' title='bbox 1100 2426 1233 2486; x_wconf 87' lang='lat' dir='ltr'>omnino</span> <span class='ocrx_word' id='word_1_146' title='bbox 1250 2435 1276 2482; x_wconf 84' lang='lat' dir='ltr'>et</span> <span class='ocrx_word' id='word_1_147' title='bbox 1290 2417 1338 2477; x_wconf 86' lang='lat' dir='ltr'>Oli·</span> 
     </span>
     <span class='ocr_line' id='line_1_19' title="bbox 336 2523 1338 2608; baseline -0.006 -22"><span class='ocrx_word' id='word_1_148' title='bbox 336 2528 481 2586; x_wconf 80' lang='lat' dir='ltr'>varianae</span> <span class='ocrx_word' id='word_1_149' title='bbox 503 2543 574 2584; x_wconf 87' lang='lat' dir='ltr'>cnm</span> <span class='ocrx_word' id='word_1_150' title='bbox 593 2525 736 2587; x_wconf 87' lang='lat' dir='ltr'>Schotto.</span> <span class='ocrx_word' id='word_1_151' title='bbox 788 2527 935 2597; x_wconf 70' lang='lat' dir='ltr'>vinetus,</span> <span class='ocrx_word' id='word_1_152' title='bbox 956 2526 1025 2608; x_wconf 84' lang='lat' dir='ltr'>poll</span> <span class='ocrx_word' id='word_1_153' title='bbox 1047 2523 1173 2588; x_wconf 80' lang='lat' dir='ltr'>Vollino</span> <span class='ocrx_word' id='word_1_154' title='bbox 1191 2526 1288 2604; x_wconf 87' lang='lat' dir='ltr'>aliique</span> <span class='ocrx_word' id='word_1_155' title='bbox 1301 2535 1338 2578; x_wconf 82' lang='lat' dir='ltr'>tt·</span> 
     </span>
     <span class='ocr_line' id='line_1_20' title="bbox 338 2623 1340 2712; baseline -0.009 -23"><span class='ocrx_word' id='word_1_156' title='bbox 338 2627 498 2688; x_wconf 77' lang='lat' dir='ltr'>(luxerunt</span> <span class='ocrx_word' id='word_1_157' title='bbox 518 2627 667 2705; x_wconf 83' lang='lat' dir='ltr'>proiecta.</span> <span class='ocrx_word' id='word_1_158' title='bbox 695 2645 890 2688; x_wconf 76' lang='lat' dir='ltr'>Tzocuvcntt.</span> <span class='ocrx_word' id='word_1_159' title='bbox 929 2629 1014 2712; x_wconf 83' lang='lat' dir='ltr'>Lege</span> <span class='ocrx_word' id='word_1_160' title='bbox 1033 2641 1190 2706; x_wconf 84' lang='lat' dir='ltr'>porrecta,</span> <span class='ocrx_word' id='word_1_161' title='bbox 1214 2639 1249 2685; x_wconf 88' lang='lat' dir='ltr'>nt</span> <span class='ocrx_word' id='word_1_162' title='bbox 1262 2623 1340 2682; x_wconf 89' lang='lat' dir='ltr'>lib.t.</span> 
     </span>
     <span class='ocr_line' id='line_1_21' title="bbox 339 2720 1341 2818; baseline -0.011 -28"><span class='ocrx_word' id='word_1_163' title='bbox 339 2749 406 2811; x_wconf 81' lang='lat' dir='ltr'>cap.</span> <span class='ocrx_word' id='word_1_164' title='bbox 427 2747 455 2790; x_wconf 88' lang='lat' dir='ltr'>t.</span> <span class='ocrx_word' id='word_1_165' title='bbox 483 2723 533 2814; x_wconf 86' lang='lat'>[§.</span> <span class='ocrx_word' id='word_1_166' title='bbox 555 2721 608 2812; x_wconf 89' lang='grc'><strong>5.]</strong></span> <span class='ocrx_word' id='word_1_167' title='bbox 639 2724 686 2787; x_wconf 83' lang='lat' dir='ltr'>Ab</span> <span class='ocrx_word' id='word_1_168' title='bbox 704 2741 775 2787; x_wconf 84' lang='lat' dir='ltr'>ortu</span> <span class='ocrx_word' id='word_1_169' title='bbox 792 2720 1163 2818; x_wconf 83' lang='lat' dir='ltr'>porrectoinoccasum.</span> <span class='ocrx_word' id='word_1_170' title='bbox 1203 2731 1242 2790; x_wconf 86' lang='lat' dir='ltr'>Et</span> <span class='ocrx_word' id='word_1_171' title='bbox 1258 2723 1304 2784; x_wconf 90' lang='lat' dir='ltr'>lib.</span> <span class='ocrx_word' id='word_1_172' title='bbox 1316 2735 1341 2780; x_wconf 65' lang='grc' dir='ltr'><strong>Ω.</strong></span> 
     </span>
     <span class='ocr_line' id='line_1_22' title="bbox 340 2821 1344 2920; baseline -0.013 -28"><span class='ocrx_word' id='word_1_173' title='bbox 340 2826 389 2920; x_wconf 82' lang='lat' dir='ltr'>[c.</span> <span class='ocrx_word' id='word_1_174' title='bbox 409 2847 441 2906; x_wconf 93' lang='lat'>7.</span> <span class='ocrx_word' id='word_1_175' title='bbox 460 2833 489 2907; x_wconf 85' lang='lat'>§.</span> <span class='ocrx_word' id='word_1_176' title='bbox 509 2821 564 2912; x_wconf 86' lang='lat'>5.]</span> <span class='ocrx_word' id='word_1_177' title='bbox 598 2829 699 2888; x_wconf 85' lang='lat' dir='ltr'>Recto</span> <span class='ocrx_word' id='word_1_178' title='bbox 720 2829 792 2908; x_wconf 80' lang='lat' dir='ltr'>iugo</span> <span class='ocrx_word' id='word_1_179' title='bbox 808 2831 893 2888; x_wconf 80' lang='lat' dir='ltr'>inter</span> <span class='ocrx_word' id='word_1_180' title='bbox 909 2830 1056 2891; x_wconf 80' lang='lat' dir='ltr'>Ciliciam</span> <span class='ocrx_word' id='word_1_181' title='bbox 1076 2831 1254 2912; x_wconf 75' lang='lat' dir='ltr'>Syriamque</span> <span class='ocrx_word' id='word_1_182' title='bbox 1266 2823 1344 2903; x_wconf 84' lang='lat' dir='ltr'>porri·</span> 
     </span>
     <span class='ocr_line' id='line_1_23' title="bbox 338 2931 1344 3012; baseline -0.011 -20"><span class='ocrx_word' id='word_1_183' title='bbox 338 2934 447 3012; x_wconf 57' lang='lat' dir='ltr'>girran·</span> <span class='ocrx_word' id='word_1_184' title='bbox 486 2943 539 2990; x_wconf 88' lang='lat' dir='ltr'>aut</span> <span class='ocrx_word' id='word_1_185' title='bbox 562 2931 720 3010; x_wconf 80' lang='lat' dir='ltr'>proiecto,</span> <span class='ocrx_word' id='word_1_186' title='bbox 755 2944 793 2990; x_wconf 88' lang='lat' dir='ltr'>ut</span> <span class='ocrx_word' id='word_1_187' title='bbox 818 2931 915 2992; x_wconf 82' lang='lat' dir='ltr'>Alrlna</span> <span class='ocrx_word' id='word_1_188' title='bbox 946 2945 978 2991; x_wconf 85' lang='lat' dir='ltr'>et</span> <span class='ocrx_word' id='word_1_189' title='bbox 1001 2933 1038 2992; x_wconf 90' lang='lat' dir='ltr'>V.</span> <span class='ocrx_word' id='word_1_190' title='bbox 1064 2931 1103 2993; x_wconf 87' lang='lat' dir='ltr'>C.</span> <span class='ocrx_word' id='word_1_191' title='bbox 1127 2935 1185 2992; x_wconf 87' lang='lat' dir='ltr'>-vel</span> <span class='ocrx_word' id='word_1_192' title='bbox 1206 2937 1344 3010; x_wconf 84' lang='lat' dir='ltr'>provecto,</span> 
     </span>
     <span class='ocr_line' id='line_1_24' title="bbox 338 3025 1345 3114; baseline 0.001 -22"><span class='ocrx_word' id='word_1_193' title='bbox 338 3033 504 3113; x_wconf 82' lang='lat' dir='ltr'>quomodo</span> <span class='ocrx_word' id='word_1_194' title='bbox 526 3045 633 3092; x_wconf 84' lang='lat' dir='ltr'>evecto</span> <span class='ocrx_word' id='word_1_195' title='bbox 655 3030 715 3090; x_wconf 87' lang='lat' dir='ltr'>hoc</span> <span class='ocrx_word' id='word_1_196' title='bbox 738 3049 803 3111; x_wconf 90' lang='lat' dir='ltr'>cap.</span> <span class='ocrx_word' id='word_1_197' title='bbox 830 3045 864 3090; x_wconf 88' lang='lat' dir='ltr'>et</span> <span class='ocrx_word' id='word_1_198' title='bbox 878 3045 971 3092; x_wconf 82' lang='lat' dir='ltr'>vecto</span> <span class='ocrx_word' id='word_1_199' title='bbox 991 3031 1047 3094; x_wconf 91' lang='lat' dir='ltr'>lib.</span> <span class='ocrx_word' id='word_1_200' title='bbox 1065 3049 1097 3094; x_wconf 69' lang='grc' dir='ltr'><strong>Ω.</strong></span> <span class='ocrx_word' id='word_1_201' title='bbox 1115 3053 1182 3114; x_wconf 84' lang='lat' dir='ltr'>cap.</span> <span class='ocrx_word' id='word_1_202' title='bbox 1200 3045 1230 3110; x_wconf 82' lang='lat'>3.</span> <span class='ocrx_word' id='word_1_203' title='bbox 1250 3030 1288 3108; x_wconf 90' lang='lat'>[§·</span> <span class='ocrx_word' id='word_1_204' title='bbox 1305 3025 1345 3102; x_wconf 84' lang='lat'>9·]</span> 
     </span>
     <span class='ocr_line' id='line_1_25' title="bbox 338 3125 1345 3222; baseline 0.001 -30"><span class='ocrx_word' id='word_1_205' title='bbox 338 3125 630 3222; x_wconf 70' lang='lat' dir='ltr'>oftpteutrionein</span> <span class='ocrx_word' id='word_1_206' title='bbox 647 3130 800 3191; x_wconf 75' lang='lat' dir='ltr'>meridiem</span> <span class='ocrx_word' id='word_1_207' title='bbox 819 3145 922 3194; x_wconf 82' lang='lat' dir='ltr'>vecto.</span> <span class='ocrx_word' id='word_1_208' title='bbox 950 3152 1164 3196; x_wconf 79' lang='lat' dir='ltr'>ctaccourvs.</span> <span class='ocrx_word' id='word_1_209' title='bbox 1212 3130 1345 3192; x_wconf 74' lang='lat' dir='ltr'>Proiecto.</span> 
     </span>
     <span class='ocr_line' id='line_1_26' title="bbox 336 3223 1386 3346; baseline -0.01 -52"><span class='ocrx_word' id='word_1_210' title='bbox 336 3254 404 3294; x_wconf 87' lang='lat' dir='ltr'>non</span> <span class='ocrx_word' id='word_1_211' title='bbox 427 3223 595 3320; x_wconf 82' lang='lat' dir='ltr'>profecto,</span> <span class='ocrx_word' id='word_1_212' title='bbox 629 3246 664 3291; x_wconf 90' lang='lat' dir='ltr'>ut</span> <span class='ocrx_word' id='word_1_213' title='bbox 687 3229 767 3292; x_wconf 81' lang='lat' dir='ltr'>inira</span> <span class='ocrx_word' id='word_1_214' title='bbox 789 3233 852 3292; x_wconf 86' lang='lat' dir='ltr'>hoo</span> <span class='ocrx_word' id='word_1_215' title='bbox 877 3236 992 3314; x_wconf 86' lang='lat' dir='ltr'>capite:</span> <span class='ocrx_word' id='word_1_216' title='bbox 1028 3248 1143 3295; x_wconf 82' lang='lat' dir='ltr'>contra</span> <span class='ocrx_word' id='word_1_217' title='bbox 1168 3229 1346 3295; x_wconf 79' lang='lat' dir='ltr'>Germaniam</span> <span class='ocrx_word' id='word_1_218' title='bbox 1385 3259 1386 3346; x_wconf 45' lang='lat' dir='ltr'><strong><em>p</em></strong></span> 
     </span>
     <span class='ocr_line' id='line_1_27' title="bbox 335 3331 1386 3420; baseline -0.01 -25"><span class='ocrx_word' id='word_1_219' title='bbox 335 3337 495 3416; x_wconf 84' lang='lat' dir='ltr'>proiecto,</span> <span class='ocrx_word' id='word_1_220' title='bbox 521 3333 577 3392; x_wconf 93' lang='lat' dir='ltr'>ubi</span> <span class='ocrx_word' id='word_1_221' title='bbox 602 3348 707 3392; x_wconf 86' lang='lat' dir='ltr'>tamen</span> <span class='ocrx_word' id='word_1_222' title='bbox 732 3347 764 3394; x_wconf 88' lang='lat' dir='ltr'>et</span> <span class='ocrx_word' id='word_1_223' title='bbox 790 3349 972 3412; x_wconf 84' lang='lat' dir='ltr'>provectae,</span> <span class='ocrx_word' id='word_1_224' title='bbox 1006 3337 1092 3404; x_wconf 84' lang='lat' dir='ltr'>vidi,</span> <span class='ocrx_word' id='word_1_225' title='bbox 1120 3337 1175 3416; x_wconf 87' lang='lat' dir='ltr'>qui</span> <span class='ocrx_word' id='word_1_226' title='bbox 1195 3331 1346 3418; x_wconf 84' lang='lat' dir='ltr'>legendum</span> <span class='ocrx_word' id='word_1_227' title='bbox 1385 3351 1386 3420; x_wconf 52' lang='lat' dir='ltr'><strong><em>p</em></strong></span> 
     </span>
     <span class='ocr_line' id='line_1_28' title="bbox 337 3434 1345 3498; baseline -0.012 0"><span class='ocrx_word' id='word_1_228' title='bbox 337 3435 509 3498; x_wconf 81' lang='lat' dir='ltr'>censerent.</span> <span class='ocrx_word' id='word_1_229' title='bbox 544 3455 718 3496; x_wconf 70' lang='lat' dir='ltr'>acrior-&#39;sva</span> <span class='ocrx_word' id='word_1_230' title='bbox 775 3437 919 3495; x_wconf 80' lang='lat' dir='ltr'>Proiecto</span> <span class='ocrx_word' id='word_1_231' title='bbox 936 3436 1010 3496; x_wconf 90' lang='lat' dir='ltr'>libri</span> <span class='ocrx_word' id='word_1_232' title='bbox 1027 3435 1186 3498; x_wconf 75' lang='lat' dir='ltr'>meliores.</span> <span class='ocrx_word' id='word_1_233' title='bbox 1220 3434 1277 3495; x_wconf 85' lang='lat' dir='ltr'>lllii</span> <span class='ocrx_word' id='word_1_234' title='bbox 1293 3447 1345 3488; x_wconf 87' lang='lat' dir='ltr'>nu·</span> 
     </span>
     <span class='ocr_line' id='line_1_29' title="bbox 335 3529 1386 3621; baseline -0.005 -23"><span class='ocrx_word' id='word_1_235' title='bbox 335 3539 407 3598; x_wconf 92' lang='lat' dir='ltr'>lunt</span> <span class='ocrx_word' id='word_1_236' title='bbox 422 3550 583 3617; x_wconf 82' lang='lat' dir='ltr'>prouecta,</span> <span class='ocrx_word' id='word_1_237' title='bbox 603 3537 655 3597; x_wconf 89' lang='lat' dir='ltr'>vel</span> <span class='ocrx_word' id='word_1_238' title='bbox 675 3549 829 3614; x_wconf 80' lang='lat' dir='ltr'>porrecto.</span> <span class='ocrx_word' id='word_1_239' title='bbox 856 3557 999 3598; x_wconf 75' lang='lat' dir='ltr'>voaswa.</span> <span class='ocrx_word' id='word_1_240' title='bbox 1050 3537 1136 3600; x_wconf 87' lang='lat' dir='ltr'>Curu</span> <span class='ocrx_word' id='word_1_241' title='bbox 1153 3539 1272 3621; x_wconf 82' lang='lat' dir='ltr'>linguae</span> <span class='ocrx_word' id='word_1_242' title='bbox 1286 3529 1345 3588; x_wconf 72' lang='lat' dir='ltr'>ullu</span> <span class='ocrx_word' id='word_1_243' title='bbox 1385 3579 1386 3610; x_wconf 53' lang='grc'><strong>.</strong></span> 
     </span>
     <span class='ocr_line' id='line_1_30' title="bbox 335 3638 1386 3718; baseline -0.009 -18"><span class='ocrx_word' id='word_1_244' title='bbox 335 3641 470 3700; x_wconf 81' lang='lat' dir='ltr'>verbum</span> <span class='ocrx_word' id='word_1_245' title='bbox 487 3640 627 3718; x_wconf 88' lang='lat' dir='ltr'>proiecto</span> <span class='ocrx_word' id='word_1_246' title='bbox 646 3649 780 3706; x_wconf 84' lang='lat' dir='ltr'>tueatur,</span> <span class='ocrx_word' id='word_1_247' title='bbox 806 3639 970 3698; x_wconf 87' lang='lat' dir='ltr'>retinenda</span> <span class='ocrx_word' id='word_1_248' title='bbox 990 3638 1032 3700; x_wconf 85' lang='lat' dir='ltr'>est</span> <span class='ocrx_word' id='word_1_249' title='bbox 1049 3639 1203 3699; x_wconf 82' lang='lat' dir='ltr'>librorum</span> <span class='ocrx_word' id='word_1_250' title='bbox 1219 3647 1344 3696; x_wconf 79' lang='lat' dir='ltr'>veterum</span> <span class='ocrx_word' id='word_1_251' title='bbox 1385 3639 1386 3702; x_wconf 79' lang='lat' dir='ltr'>l</span> 
     </span>
     <span class='ocr_line' id='line_1_31' title="bbox 335 3731 1386 3820; baseline -0.009 -20"><span class='ocrx_word' id='word_1_252' title='bbox 335 3741 443 3803; x_wconf 84' lang='lat' dir='ltr'>lectio.</span> <span class='ocrx_word' id='word_1_253' title='bbox 481 3741 604 3800; x_wconf 85' lang='lat' dir='ltr'>l’linina</span> <span class='ocrx_word' id='word_1_254' title='bbox 619 3749 652 3817; x_wconf 77' lang='grc'><strong>4.</strong></span> <span class='ocrx_word' id='word_1_255' title='bbox 670 3753 727 3815; x_wconf 88' lang='grc' dir='ltr'><strong>5ο.</strong></span> <span class='ocrx_word' id='word_1_256' title='bbox 745 3738 766 3799; x_wconf 85' lang='grc'><strong>[.</strong></span> <span class='ocrx_word' id='word_1_257' title='bbox 786 3741 841 3802; x_wconf 86' lang='grc' dir='ltr'><strong>ι6.</strong></span> <span class='ocrx_word' id='word_1_258' title='bbox 866 3753 899 3800; x_wconf 86' lang='lat' dir='ltr'>et</span> <span class='ocrx_word' id='word_1_259' title='bbox 919 3740 1091 3806; x_wconf 78' lang='lat' dir='ltr'>Martianus</span> <span class='ocrx_word' id='word_1_260' title='bbox 1108 3741 1233 3820; x_wconf 83' lang='lat' dir='ltr'>Capella</span> <span class='ocrx_word' id='word_1_261' title='bbox 1253 3735 1302 3796; x_wconf 79' lang='lat' dir='ltr'>lto.</span> <span class='ocrx_word' id='word_1_262' title='bbox 1316 3731 1343 3792; x_wconf 84' lang='lat'>6.</span> <span class='ocrx_word' id='word_1_263' title='bbox 1385 3739 1386 3816; x_wconf 62' lang='lat' dir='ltr'>l</span> 
     </span>
     <span class='ocr_line' id='line_1_32' title="bbox 335 3832 1386 3929; baseline -0.01 -27"><span class='ocrx_word' id='word_1_264' title='bbox 335 3863 368 3924; x_wconf 90' lang='lat' dir='ltr'>p.</span> <span class='ocrx_word' id='word_1_265' title='bbox 389 3861 432 3903; x_wconf 88' lang='lat' dir='ltr'>m.</span> <span class='ocrx_word' id='word_1_266' title='bbox 454 3856 534 3916; x_wconf 68' lang='lat'>215.</span> <span class='ocrx_word' id='word_1_267' title='bbox 560 3843 687 3921; x_wconf 82' lang='lat' dir='ltr'>iimplex</span> <span class='ocrx_word' id='word_1_268' title='bbox 706 3855 850 3920; x_wconf 85' lang='lat' dir='ltr'>ponunt:</span> <span class='ocrx_word' id='word_1_269' title='bbox 882 3841 1058 3902; x_wconf 78' lang='lat' dir='ltr'>Britannia</span> <span class='ocrx_word' id='word_1_270' title='bbox 1081 3843 1163 3902; x_wconf 82' lang='lat' dir='ltr'>inter</span> <span class='ocrx_word' id='word_1_271' title='bbox 1174 3832 1343 3929; x_wconf 70' lang='lat' dir='ltr'>fiptentrio·</span> <span class='ocrx_word' id='word_1_272' title='bbox 1385 3835 1386 3862; x_wconf 82' lang='lat'>³</span> 
     </span>
     <span class='ocr_line' id='line_1_33' title="bbox 334 3939 1386 4023; baseline -0.007 -21"><span class='ocrx_word' id='word_1_273' title='bbox 334 3964 403 4002; x_wconf 86' lang='lat' dir='ltr'>nem</span> <span class='ocrx_word' id='word_1_274' title='bbox 426 3955 457 4003; x_wconf 79' lang='lat' dir='ltr'>et</span> <span class='ocrx_word' id='word_1_275' title='bbox 483 3941 670 4002; x_wconf 82' lang='lat' dir='ltr'>occidentem</span> <span class='ocrx_word' id='word_1_276' title='bbox 697 3943 789 4002; x_wconf 81' lang='lat' dir='ltr'>iacet.</span> <span class='ocrx_word' id='word_1_277' title='bbox 838 3939 921 4012; x_wconf 82' lang='lat' dir='ltr'>Sed,</span> <span class='ocrx_word' id='word_1_278' title='bbox 954 3944 1009 4023; x_wconf 88' lang='lat' dir='ltr'>qui</span> <span class='ocrx_word' id='word_1_279' title='bbox 1038 3943 1154 4002; x_wconf 84' lang='lat' dir='ltr'>lllelam</span> <span class='ocrx_word' id='word_1_280' title='bbox 1180 3955 1212 4002; x_wconf 87' lang='lat' dir='ltr'>et</span> <span class='ocrx_word' id='word_1_281' title='bbox 1235 3940 1281 3997; x_wconf 88' lang='lat' dir='ltr'>hic</span> <span class='ocrx_word' id='word_1_282' title='bbox 1302 3951 1343 3990; x_wconf 75' lang='lat' dir='ltr'>ex·</span> <span class='ocrx_word' id='word_1_283' title='bbox 1385 4003 1386 4006; x_wconf 8' lang='grc' dir='ltr'><strong>Ἴ</strong></span> 
     </span>
     <span class='ocr_line' id='line_1_34' title="bbox 334 4037 1341 4125; baseline -0.004 -23"><span class='ocrx_word' id='word_1_284' title='bbox 334 4041 466 4125; x_wconf 83' lang='lat' dir='ltr'>scriplit.</span> <span class='ocrx_word' id='word_1_285' title='bbox 492 4043 662 4104; x_wconf 85' lang='lat' dir='ltr'>lornandes</span> <span class='ocrx_word' id='word_1_286' title='bbox 679 4043 718 4102; x_wconf 86' lang='lat' dir='ltr'>de</span> <span class='ocrx_word' id='word_1_287' title='bbox 734 4043 799 4105; x_wconf 78' lang='lat' dir='ltr'>reli.</span> <span class='ocrx_word' id='word_1_288' title='bbox 818 4043 889 4103; x_wconf 88' lang='lat' dir='ltr'>Get.</span> <span class='ocrx_word' id='word_1_289' title='bbox 904 4063 970 4124; x_wconf 87' lang='lat' dir='ltr'>cap.</span> <span class='ocrx_word' id='word_1_290' title='bbox 992 4059 1024 4105; x_wconf 68' lang='grc' dir='ltr'><strong>Ω.</strong></span> <span class='ocrx_word' id='word_1_291' title='bbox 1051 4045 1082 4103; x_wconf 69' lang='lat' dir='ltr'>iil</span> <span class='ocrx_word' id='word_1_292' title='bbox 1101 4041 1200 4125; x_wconf 85' lang='lat' dir='ltr'>ipsum</span> <span class='ocrx_word' id='word_1_293' title='bbox 1216 4037 1341 4100; x_wconf 76' lang='lat' dir='ltr'>verbum·</span> 
     </span>
     <span class='ocr_line' id='line_1_35' title="bbox 286 4135 1342 4227; baseline -0.007 -21"><span class='ocrx_word' id='word_1_294' title='bbox 286 4135 300 4154; x_wconf 50' lang='lat'><strong>⁸</strong></span> <span class='ocrx_word' id='word_1_295' title='bbox 332 4147 483 4224; x_wconf 85' lang='lat' dir='ltr'>proiecto,</span> <span class='ocrx_word' id='word_1_296' title='bbox 504 4144 657 4216; x_wconf 77' lang='lat' dir='ltr'>reddidit.</span> <span class='ocrx_word' id='word_1_297' title='bbox 696 4139 796 4206; x_wconf 84' lang='lat' dir='ltr'>Polllt</span> <span class='ocrx_word' id='word_1_298' title='bbox 812 4157 845 4205; x_wconf 86' lang='lat' dir='ltr'>et</span> <span class='ocrx_word' id='word_1_299' title='bbox 859 4157 1006 4226; x_wconf 78' lang='lat' dir='ltr'>porrecto</span> <span class='ocrx_word' id='word_1_300' title='bbox 1022 4145 1156 4227; x_wconf 84' lang='lat' dir='ltr'>probari,</span> <span class='ocrx_word' id='word_1_301' title='bbox 1181 4161 1242 4224; x_wconf 86' lang='lat' dir='ltr'>quo</span> <span class='ocrx_word' id='word_1_302' title='bbox 1259 4135 1342 4200; x_wconf 78' lang='lat' dir='ltr'>verbo</span> 
     </span>
    </p>
   </div>
   <div class='ocr_carea' id='block_1_5' title="bbox 0 0 1425 4932">
    <p class='ocr_par' dir='ltr' id='par_1_5' title="bbox 0 0 1425 4932">
     <span class='ocr_line' id='line_1_36' title="bbox 0 0 1425 4932; baseline 0 0"><span class='ocrx_word' id='word_1_303' title='bbox 0 0 1425 4932; x_wconf 95' lang='lat' dir='ltr'> </span> 
     </span>
    </p>
   </div>
  </div>
 </body>
</html>
