2836 4940
290 461 351 522 206
585 463 829 522 POMPONII
872 467 1034 522 Macae

290 639 399 718 inepte
429 637 505 698 haec
525 636 608 700 Mala
637 637 699 700 line
724 649 861 724 negante
884 641 1035 722 particula
1059 639 1219 702 indicavit
1243 639 1330 700 nulla

291 737 441 819 sphaerici
462 753 569 800 rnotns
588 741 708 802 ratione
731 741 854 812 habita,
880 743 914 802 in
931 763 991 824 qua
1007 741 1071 804 iola
1090 743 1264 822 explicatio
1285 741 1330 802 rei

292 839 345 900 fita
370 839 422 900 est.
483 841 575 902 Abest
607 857 711 902 tamen
745 843 796 904 illa
821 865 838 902 a
860 843 947 906 libris
972 843 1131 905 veteribus
1158 843 1326 904 omnibus.

293 942 437 1003 (lmniuo
457 953 563 1002 autem
587 942 643 1004 hae
664 945 831 1024 particulae
851 947 952 1007 modo
972 946 1181 1006 intruduntur
1197 956 1328 1014 temere,

292 1043 392 1106 modo
413 1043 617 1106 omittuntur.
669 1043 719 1106 Cf.
744 1046 933 1108 Garatoniue
949 1049 986 1108 ad
1010 1047 1112 1110 Cicer.
1135 1047 1176 1107 da
1197 1047 1328 1128 provin·

292 1147 348 1206 ciia
365 1141 481 1206 consul.
500 1163 526 1204 c.
545 1155 579 1222 8.
616 1145 854 1208 Drakenborch.
879 1149 917 1208 ad
936 1148 1067 1208 Livium
1085 1164 1143 1212 21.
1159 1165 1193 1224 9.
1219 1168 1250 1208 1.
1277 1149 1329 1226 qui

294 1261 400 1306 tamen
417 1258 508 1306 caute
525 1247 559 1305 in
580 1247 711 1328 ancipiti
733 1247 790 1310 hac
811 1249 1003 1310 emendandi
1024 1250 1147 1310 ratione
1167 1247 1329 1330 agendum

294 1347 354 1410 elle
377 1360 461 1407 recte
488 1363 614 1418 mouet.
655 1363 687 1408 et
716 1351 771 1430 qui
802 1349 909 1430 plures
933 1351 1079 1412 nominat
1110 1349 1265 1430 dmtzen.
1291 1349 1327 1408 ad

295 1447 401 1512 Aurel.
427 1445 544 1510 Victor.
561 1449 600 1508 de
623 1447 712 1534 Orig.
732 1451 826 1512 (ient.
851 1453 948 1513 liorn.
966 1472 993 1514 c.
1015 1465 1047 1526 7.
1065 1463 1145 1512 extr.
1197 1450 1329 1531 Quaeri·

295 1565 363 1618 tur.
389 1569 429 1608 an
450 1547 536 1608 senlu
559 1551 731 1614 commodo
746 1551 845 1614 abelle
864 1553 916 1614 hic
934 1547 1041 1634 polilt.
1092 1551 1229 1612 Omittit
1250 1553 1330 1631 liap-

296 1653 368 1735 piua
381 1663 414 1713 et
428 1652 564 1730 explicat
583 1655 616 1712 in
636 1653 757 1713 indice:
784 1652 838 1721 lol.
861 1655 917 1734 qui
935 1673 1012 1714 mox
1028 1653 1235 1735 perlongum
1255 1665 1331 1712 tem·

295 1755 382 1836 poria
403 1751 535 1833 ipatiurn
555 1753 589 1812 in
608 1753 773 1815 horizonte
795 1753 932 1836 conspici
954 1756 1085 1835 nequit;
1112 1768 1185 1814 tum
1209 1753 1332 1814 conluli

296 1855 385 1917 iubat
402 1855 553 1914 Eumenii
576 1875 724 1938 panegyr.
748 1857 779 1916 in
794 1856 1039 1918 Constantinum
1053 1875 1121 1936 cap.
1142 1873 1177 1933 9.
1210 1853 1271 1914 ubi
1291 1869 1331 1915 ta·

296 1975 372 2016 men
390 1954 449 2015 est:
484 1945 539 2044 sol
560 1945 643 2044 ipsa,
679 1958 734 2036 qui
756 1954 846 2016 uobis
867 1955 994 2017 videtur
1019 1955 1171 2024 occidere,
1206 1953 1254 2015 thr·
1276 1955 1330 2015 od·

295 2069 387 2136 paret
407 2057 583 2134 praeterire.
607 2075 714 2136 aquo,
738 2073 775 2116 ut
796 2057 834 2118 ab
854 2057 917 2138 ipsa
934 2058 1036 2119 ll'lelae
1055 2059 1239 2117 narratione
1259 2059 1330 2117 alie·

295 2177 334 2218 na
352 2157 479 2216 videtur
499 2157 550 2215 illa
567 2158 749 2236 explicatio,
774 2161 893 2239 quippe
914 2161 969 2239 qui
990 2158 1111 2220 caulam
1128 2155 1252 2226 adfert,
1278 2178 1329 2219 cur

296 2273 405 2318 noctae
431 2257 489 2316 smt
521 2257 631 2318 brevea
655 2277 787 2338 eamque
821 2263 854 2318 in
883 2254 1168 2334 solia‘breviffima
1193 2258 1329 2320 absentia

295 2359 399 2442 ponit.
455 2357 616 2417 Nimirum
640 2358 715 2420 haec
736 2361 774 2420 ad
797 2362 900 2420 noctis
923 2361 1110 2421 brevitatem
1135 2362 1234 2433 unice
1255 2359 1329 2422 rele-

296 2473 420 2522 runtur.
459 2461 546 2520 Tum
565 2457 678 2520 inierit
701 2482 790 2530 mox,
823 2463 908 2542 quod
933 2463 1016 2522 lllele
1040 2463 1182 2544 ignorat,
1211 2461 1327 2523 necatl

296 2583 364 2624 rem
402 2563 618 2644 explicandam
648 2565 794 2642 pertinet.
856 2567 1000 2623 Attamen
1035 2565 1132 2624 etiam
1165 2561 1328 2644 Goropiru

298 2665 439 2726 Beronua
456 2665 488 2722 in
510 2662 683 2745 originibus
698 2664 926 2744 tintwerpianis
945 2664 1000 2726 lib.
1017 2679 1049 2737 7.
1071 2684 1103 2744 p.
1118 2663 1207 2740 693.
1231 2668 1329 2747 magia

299 2769 430 2826 certiora
448 2766 525 2825 haec
540 2776 646 2844 putat.
670 2765 688 2820 li
706 2765 813 2826 omilla
828 2765 996 2847 negatione
1014 2765 1171 2848 legantur.
1209 2763 1329 2826 Contra

300 2867 425 2928 Karalio
447 2869 479 2925 in
503 2865 675 2926 lllemoiree
707 2895 755 2908 ·-
788 2867 827 2926 de
851 2859 935 2926 Paris
957 2868 997 2926 T.
1019 2876 1080 2943 45.
1109 2884 1141 2946 p.
1165 2873 1227 2946 [μ.
1260 2887 1328 2926 earn

299 2971 385 3029 addit
405 2969 529 3048 locique
547 2963 667 3026 lenium
690 2967 728 3026 sic
744 2967 891 3048 exponit:
926 2967 970 3028 Le
993 2964 1082 3029 loleil
1103 2966 1149 3042 ἐγ
1167 2967 1280 3026 lerant
1298 2981 1329 3027 et

298 3071 347 3148 s'y.
368 3068 523 3128 conchant
547 3089 562 3128 a
584 3068 666 3127 deux
691 3070 798 3148 points
820 3069 864 3127 du
885 3068 945 3128 ciel
965 3063 1026 3128 tr'es
1048 3065 1168 3129 voifina
1190 3067 1266 3128 l’un
1289 3069 1328 3126 de

299 3171 413 3230 l'autra
441 3204 480 3212 -
510 3183 679 3250 putatque.
711 3167 930 3250 Pomponium
952 3165 1090 3228 secutum
1114 3168 1247 3246 quidem
1270 3167 1328 3229 elle

298 3270 438 3350 Pytlreae
452 3271 673 3336 narrationem.
701 3268 751 3330 led
770 3268 897 3336 auxilie.
923 3283 955 3330 et
973 3269 1011 3328 sic
1026 3266 1153 3328 Thulen
1170 3270 1253 3330 ultra
1273 3271 1329 3330 cir·

300 3375 406 3435 culum
432 3371 571 3451 polarem
596 3369 740 3451 poluiffe.
804 3370 947 3432 Omnino
974 3384 1081 3430 autem
1108 3383 1246 3447 quatuor
1278 3371 1327 3430 hic

301 3473 470 3535 sententiae
490 3491 507 3532 a
524 3471 607 3533 Mela
622 3469 793 3534 subiunctis
813 3471 905 3532 causta
922 3468 1121 3532 adferuntur:
1161 3469 1194 3553 r)
1218 3487 1327 3534 noctes

299 3575 371 3637 lunt
394 3567 606 3640 brevill'rmae.
631 3575 719 3654 quod
740 3571 784 3635 iol
805 3573 898 3655 longe
916 3573 1049 3645 occidit;
1085 3568 1120 3650 2)
1139 3585 1253 3635 noctes
1273 3593 1326 3654 per

300 3677 441 3738 hiemem
464 3673 534 3734 lunt
555 3672 718 3746 obscurae,
742 3689 777 3734 ut
793 3677 826 3734 in
843 3674 911 3734 aliis
929 3673 1129 3758 regionibua3
1158 3675 1196 3758 5)
1219 3689 1326 3735 noctes

301 3775 372 3840 lunt
388 3777 497 3839 aestate
513 3777 651 3846 lucidae.
677 3777 762 3856 qnod
779 3789 847 3834 turn
864 3775 957 3836 altiua
976 3773 1019 3835 iol
1039 3773 1204 3846 evehitur,
1232 3791 1265 3836 et
1282 3777 1327 3836 ri·
1409 3789 1410 3798 ¹

301 3881 373 3942 cino
390 3877 552 3960 splendore
568 3879 710 3960 proxima
728 3875 871 3950 illustrat;
893 3877 933 3959 4)
947 3877 1024 3936 circa
1042 3873 1207 3938 [olllitium
1221 3877 1327 3937 nullae

303 3979 372 4042 lunt
399 3994 518 4043 noctes.
569 3981 618 4040 Ex
642 3979 756 4060 quibua
781 3977 874 4039 cantia
900 3977 1140 4038 considerandae
1169 3979 1222 4038 hic
1249 3975 1328 4044 lunt.

301 4103 379 4162 quae
409 4083 593 4162 explicant.·
624 4099 678 4140 cur
704 4081 808 4142 nullae
833 4094 864 4139 et
891 4099 947 4138 cur
975 4079 1086 4139 breves
1117 4076 1176 4138 fint
1207 4093 1328 4140 noctes.
1409 4079 1410 4112 l

301 4183 409 4244 Nullae
426 4181 484 4244 elle
504 4183 594 4252 dicit,
620 4183 691 4264 qpia
712 4181 756 4244 lol
781 4177 972 4242 manifestior
994 4181 1135 4264 prodeat.
1162 4198 1221 4240 nec
1244 4194 1328 4241 totus
