2880 4940
367 361 456 419 Lm
485 362 538 418 111·
583 361 688 420 cvm
732 360 758 433 t·
781 370 811 438 t-
833 344 874 432 e'
1076 365 1141 438 ata

94 555 177 620 ane
203 537 328 600 codices
356 536 538 618 repudiant.
588 535 701 599 Aoene
729 537 910 620 impliciter
943 534 984 598 de
1017 535 1138 600 calamo

95 641 235 724 intelligi
276 639 382 702 debet.
448 639 486 698 in
522 637 606 720 sequ.
641 637 732 722 Prag.
767 638 863 700 habet
900 629 1050 730 nascendi
1078 657 1139 722 pro

95 731 263 831 vescerrdi‚·
295 741 404 824 paullo
420 737 554 802 inierint
568 730 650 830 sunt
672 740 705 798 irr
728 739 856 838 quibus,
887 753 922 802 et
942 757 1016 802 cum
1037 733 1137 804 Vatic.

21 894 26 904 .
90 841 253 914 Errdoxii,
279 856 316 904 ut
338 839 427 926 supra
446 842 568 904 Aeneae
589 840 731 920 Sylvius.

16 1081 18 1112 ι
169 1036 312 1137 visus)
361 1045 414 1109 Sic
430 1063 544 1108 omnes
558 1045 624 1108 mei
639 1045 780 1118 rodina.
803 1058 931 1108 tantum
947 1046 1038 1130 Prag.
1056 1043 1137 1108 adeo

16 1185 18 1188 -
92 1139 200 1240 orfus,
230 1145 281 1208 sed
298 1145 393 1210 Parii.
409 1161 443 1226 3.
466 1139 558 1238 usus,
584 1149 632 1208 uti
646 1147 742 1210 exstet
756 1150 791 1209 in
810 1147 884 1211 edd.
902 1166 933 1212 t.
952 1163 983 1210 o.
1004 1161 1037 1226 5.
1051 1157 1086 1230 4.
1101 1159 1137 1224 5.

15 1311 17 1320 ,
95 1251 131 1315 6.
158 1265 190 1326 7·
214 1260 247 1326 8·
270 1265 305 1334 9·
334 1269 390 1312 ro.
413 1269 469 1312 ιι.
498 1265 553 1312 ro.
581 1263 637 1328 15·
668 1252 806 1328 1416.
835 1261 890 1326 ιθ.
922 1267 976 1330 ¹9·
997 1265 1056 1311 21.
1077 1265 1134 1314 22.

15 1391 17 1424 ;
94 1360 157 1428 nst.
183 1361 241 1427 25.
265 1351 424 1420 Vadirnie.
448 1349 651 1422 Oiirarianie,
673 1351 815 1426 Schotti3
841 1353 985 1420 Videtur,
1008 1345 1136 1413 Vossiue

15 1495 18 1530 r
92 1453 210 1534 reliqui
242 1441 333 1542 visus
366 1470 439 1514 cum
471 1452 636 1514 codicibus
668 1465 803 1534 apteque
829 1453 867 1513 ad
893 1473 981 1525 rem3
1021 1451 1138 1534 probat

14 1597 19 1634 .‚
95 1555 194 1616 etiam
218 1552 415 1616 ciacconius.
469 1554 521 1616 Sic
541 1554 728 1616 invittatus
750 1567 782 1616 et
806 1549 980 1644 inusitatus
1005 1551 1137 1616 miscen-

14 1701 21 1734 2
93 1667 166 1727 rur,
194 1653 234 1716 de
246 1671 311 1736 quo
328 1653 490 1717 Drakenb.
506 1655 543 1716 ad
562 1655 634 1717 Liv.
650 1663 685 1734 4,
703 1667 762 1734 53,
784 1673 814 1719 r.
832 1670 866 1718 et
881 1667 915 1733 5,
934 1667 991 1734 55,
1009 1663 1046 1734 4.
1083 1651 1137 1718 ci.

14 1802 20 1840 ,
93 1771 132 1820 et
153 1757 271 1840 laeger.
294 1757 332 1818 ad
358 1755 484 1818 Nazarii
510 1775 662 1840 panegyr.
688 1777 754 1839 cap.
778 1765 836 1834 25.
858 1757 903 1819 in.
954 1755 1029 1818 Post
1051 1754 1134 1839 Lipi.

96 1857 270 1940 mirumque
289 1858 322 1918 in
345 1856 491 1930 madunt
535 1857 717 1920 vindobon.
738 1869 770 1920 et
787 1851 946 1946 flammas
968 1855 1138 1930 ardentior

93 1956 181 2041 Lipi.
205 1957 320 2018 addere
339 1977 397 2042 pro
414 1956 538 2022 obdere.
581 1961 670 2020 Tum
689 1960 788 2022 Vatic.
806 1961 926 2020 noterit
946 1971 979 2020 et
994 1957 1117 2020 licuerit
1123 1977 1138 2031 ,¹

96 2059 184 2124 Gud.
200 2061 304 2120 noceri
325 2062 464 2121 maxime
479 2061 599 2122 licuerit
606 2081 619 2134 ,·
643 2061 736 2145 Prag.
753 2081 860 2122 nocere
880 2061 1025 2121 ruaximo
1046 2059 1137 2122 licue-

92 2163 159 2234 rit,·
198 2159 305 2224 Cibin.
345 2162 468 2224 licuerit
492 2161 609 2235 etiam3
652 2159 750 2226 Parii.
777 2180 810 2227 r.
836 2177 871 2226 u.
898 2161 1006 2225 Havn.
1033 2161 1139 2226 noceri

12 2325 14 2358 r
93 2261 235 2325 maxime
258 2259 395 2328 libuerit.

262 2467 293 2545 ς.
321 2475 355 2548 5.
407 2467 558 2532 litoris
566 2467 588 2552 )
626 2467 679 2532 Sic
696 2486 808 2532 omnee
824 2467 950 2532 cotim
967 2481 1002 2530 et
1022 2465 1137 2530 editio·

92 2587 172 2642 πως
192 2583 316 2652 praeter
335 2579 390 2647 ¹5·
408 2585 467 2636 no.
486 2585 545 2651 23.
568 2573 601 2632 in
616 2571 731 2652 quibus
745 2571 861 2654 legitur
875 2566 1053 2640 tetrardus,-
1077 2582 1135 2645 17.

95 2691 174 2734 com
191 2671 259 2732 aliie
272 2671 391 2734 redidit
411 2671 539 2734 littoris.
592 2671 666 2734 Post
684 2672 768 2734 Gud.
786 2683 919 2744 narrata
942 2667 1026 2752 Lipi.
1050 2667 1137 2732 Reh-

93 2773 196 2858 diger.
217 2764 387 2865 ityrsutas,
412 2773 462 2832 uti
480 2771 573 2846 [olen
607 2773 718 2836 Cibin.
739 2773 811 2850 (hic
827 2779 924 2834 etiam
942 2773 1056 2853 coytu)
1080 2771 1137 2832 Va·

93 2875 194 2936 cicani
212 2887 245 2936 et
260 2863 401 2957 optirnor
417 2875 594 2945 Leidenie,
621 2876 738 2956 opinor
760 2873 842 2936 Voii.
865 2895 893 2937 r.
914 2872 988 2934 teiie
1005 2871 1137 2934 Ouden-

95 2975 214 3058 dorpio
236 2976 275 3038 ad
297 2977 430 3038 sueton.
447 2977 527 3062 Aug.
550 2997 577 3038 c.
597 2991 655 3038 ar.
678 2995 809 3045 marum,
835 2975 876 3038 de
894 2995 956 3056 qua
970 2972 1073 3035 forma
1094 2971 1135 3038 cf.

93 3097 176 3160 quae
194 3077 239 3138 ibi
258 3077 311 3138 ilie
328 3075 482 3140 disseruit.
533 3078 686 3158 iieiiqoae
702 3077 892 3139 variationes
909 3077 944 3136 in
958 3075 1017 3137 hac
1037 3093 1138 3136 narra·

95 3181 203 3250 tione,
239 3178 378 3242 ieviorer
401 3179 550 3260 quidem.
577 3179 654 3240 hae:
698 3177 790 3262 Prag.
817 3191 847 3238 et
870 3177 995 3261 quidem
1019 3187 1139 3260 prout

94 3279 273 3364 quaeritant,-
305 3279 445 3340 Vindob.
469 3291 506 3340 ut
530 3299 629 3362 quaet
658 3280 750 3364 Prag.
767 3281 816 3340 uis
836 3299 894 3360 pro
919 3283 996 3352 vix,-
1028 3278 1138 3342 Cibin.

97 3382 252 3442 contineri
274 3400 337 3442 non
359 3380 558 3444 reluctentur.
600 3381 754 3444 Schottue
777 3379 938 3462 adposuit:
964 3391 1141 3460 receptae

97 3483 266 3544 contineri.
292 3499 499 3544 rzecrrvcrte.
552 3481 787 3564 Curquaedem
803 3495 959 3563 poterant.
984 3483 1141 3564 quaedam

99 3603 168 3647 non
188 3595 354 3665 poterant,
378 3583 401 3644 ir
421 3602 534 3646 omnee
554 3597 644 3645 erant
661 3583 776 3666 asperia
796 3582 964 3666 effecitque
985 3583 1140 3654 moribur.

96 3699 137 3746 ut
154 3685 251 3767 paulo
270 3697 343 3745 unte
365 3683 469 3746 dixirt
519 3687 650 3748 Rectior
665 3705 740 3770 ergo
756 3685 861 3754 lectio,
887 3699 923 3746 ut
937 3697 1053 3766 captae
1069 3705 1140 3746 cen·

100 3788 197 3849 tinert'
217 3799 277 3847 etc.
315 3803 516 3850 rrrtrrrnvr.
567 3787 632 3850 Pro
650 3786 782 3848 includit
804 3785 992 3848 Ciacconiue
1008 3787 1142 3848 coniicit

99 3885 239 3958 clandit,
274 3900 307 3947 et
327 3905 386 3970 pro
410 3877 553 3977 hirsutas
573 3908 612 3950 ex
635 3889 739 3951 Solini
763 3905 830 3970 cap.
853 3889 911 3948 nit.
939 3889 991 3948 cui
1016 3899 1142 3970 poterat

98 3989 215 4052 addere
229 3987 313 4049 Plio.
332 4003 365 4066 7,
384 3989 443 4068 36.
460 3986 481 4050 i.
500 4001 558 4066 δι.
578 3989 691 4052 hirtos.
728 3988 846 4049 Parum
863 3985 959 4050 refert
974 4001 1029 4050 aut
1043 3988 1143 4062 nihi1;

99 4088 235 4153 includit
251 4089 348 4156 etiem
363 4091 467 4176 aptius
484 4089 543 4154 est:
566 4091 663 4154 idem
677 4090 774 4154 etiem
791 4087 949 4176 qrtaedom
965 4091 1143 4156 redundare
