2752 4944
318 433 406 494 ΗΒ.
434 437 473 492 11.
516 435 550 494 0.
574 437 625 492 111.
667 433 770 506 §.rot
1007 447 1067 516 259

68 607 227 672 bbrariomm
249 609 369 672 incuria
390 601 458 696 [uti
480 609 514 670 iu
530 607 689 672 Martiano
704 609 831 692 Capella
845 607 902 676 lib.
919 611 952 676 6.
970 631 1003 693 p.
1018 633 1065 676 m.

71 729 127 790 too.
157 713 188 772 ln
204 712 308 774 Plinio
321 712 504 772 ilarduinua
520 731 558 772 ex
574 711 666 776 MSS.
683 713 805 774 addidit
820 707 870 800 D]
895 715 1064 794 praeteriit.

68 811 217 895 tegendum
232 815 330 897 igitur
344 815 377 874 in
393 811 501 876 Plinio
521 803 666 900 poffnnm
687 835 716 876 o.
746 807 819 900 [D]
873 816 991 876 Verum
1012 835 1063 878 ex·

67 917 205 991 perdamne
227 914 382 984 exactius.
409 935 449 976 an
469 915 543 976 baec
565 913 661 976 verba
682 915 859 998 Pomponii
881 917 944 978 alio
963 919 1064 1002 magia

66 1017 215 1092 pertineant.
267 1015 352 1076 Natu
367 1030 493 1080 auctore
510 1017 701 1094 Thucydide
719 1017 775 1080 lib.
794 1035 826 1082 o.
853 1011 900 1102 [c.
922 1011 1002 1104 86.]
1026 1037 1064 1082 ot

67 1113 123 1178 inu
136 1117 341 1186 Corinthiaci.
368 1117 447 1187 five.
473 1131 509 1177 nt
532 1115 595 1198 iple
617 1121 779 1188 nominat.
810 1109 947 1209 Crisoei.
974 1119 1062 1201 quod

65 1212 223 1298 Pomponius
248 1221 344 1302 paulo
364 1233 436 1280 ante
452 1221 561 1280 Ptlu'on
582 1223 724 1289 vocarit.
757 1219 876 1300 lentem
894 1219 936 1282 eil
952 1219 1063 1284 stadio·

65 1333 120 1380 mm·
162 1321 248 1406 Quae
271 1341 346 1382 cum
377 1323 506 1404 propina
531 1322 680 1382 accedant
707 1323 745 1382 ad
769 1323 983 1384 millenarium
1004 1341 1063 1382 nu·

65 1437 164 1492 unum.
188 1425 340 1484 videntur
355 1423 440 1482 utto
458 1424 566 1504 potina
587 1425 772 1494 convenire,
798 1443 892 1505 quam
910 1423 956 1484 ori
976 1421 1062 1484 tinne

65 1519 201 1594 Ambracii.
233 1541 329 1606 atque
356 1523 431 1586 illuc
450 1523 510 1586 elle
538 1511 770 1594 transferenda,
806 1539 843 1584 ut
865 1521 987 1584 lortaffe
1008 1523 1061 1584 hic

65 1623 146 1698 poitur
160 1627 192 1686 lit
205 1627 328 1688 alienor
347 1645 516 1697 nnmerum
551 1625 615 1686 illic
635 1625 828 1688 desideretur
846 1627 1002 1708 propone,
1029 1637 1062 1686 et

64 1719 194 1804 legendum
217 1729 255 1788 lit
274 1729 346 1788 hic:
382 1725 528 1820 angustis
542 1719 699 1816 faucibus
725 1729 965 1809 quingentorum
988 1715 1062 1816 pos·

62 1813 140 1908 [turm
173 1831 254 1890 illic:
290 1827 424 1918 angrrflo
446 1851 497 1890 ore
516 1841 547 1890 et
568 1827 654 1910 quod
684 1829 786 1890 minut
810 1827 894 1888 mille
921 1821 1061 1916 poffibus

65 1941 156 2000 putot,
179 1931 293 1992 latiore
308 1923 434 2019 fronte,
460 1943 520 1994 etc.
563 1948 764 1992 rturrauva.
816 1929 900 2014 Lege
922 1941 957 1988 ut
978 1947 1061 2010 quae

66 2041 102 2102 pto
124 2043 147 2090 et
173 2055 267 2112 ortae,
303 2031 373 2102 vet,
408 2045 445 2094 ut
481 2035 584 2094 minus
622 2031 705 2090 mille
742 2025 881 2120 paffibus
913 2041 1061 2108 pateant.

66 2125 142 2192 Strabo
164 2133 215 2196 lib.
242 2149 277 2204 7.
305 2130 360 2194 fol.
388 2144 467 2212 ιω.
510 2149 721 2194 craecontva.
783 2132 910 2194 Plinint
937 2129 1001 2209 [4‚
1027 2145 1059 2210 5.

67 2221 133 2311 [t]
152 2233 206 2295 boc
229 2233 364 2316 spatium
386 2235 498 2296 tribuit
516 2253 583 2296 non
607 2233 685 2296 ollio
706 2233 790 2294 liunt
807 2230 980 2300 Ambracii.
1009 2231 1062 2294 led

66 2321 167 2395 butilnu
184 2335 265 2398 sunm
281 2336 489 2398 Corinthiaci.
542 2338 650 2416 ltaque
670 2335 835 2396 Pintianua
853 2333 961 2394 ‹imnia
984 2331 1061 2394 haec

67 2433 130 2492 rerba
147 2437 201 2498 alio
223 2436 433 2521 tranopoluitt
469 2458 542 2500 cum
567 2451 599 2498 et
624 2457 662 2498 ex
684 2433 841 2498 Strabone
864 2449 897 2496 et
921 2433 1060 2514 Polybio

68 2535 226 2599 manilallnrn
264 2539 319 2608 fit.
359 2537 463 2602 laucet
500 2539 582 2600 liuor
615 2537 774 2600 Ambracii
811 2535 883 2616 plue
912 2547 1059 2616 quatuor.

68 2635 140 2696 ninus
158 2659 231 2701 vero
258 2643 400 2722 quinque
419 2641 519 2704 stadii·
541 2653 658 2722 patere.
710 2639 771 2700 Sed
797 2637 881 2698 lllela
902 2637 1060 2718 antiquio·

66 2733 161 2800 retine
184 2739 329 2823 leqnutua
354 2742 397 2804 eil
418 2757 573 2804 auctorer.
641 2740 724 2802 Fieri
754 2757 832 2800 vero
860 2739 985 2819 potuit,
1022 2749 1061 2796 ut

65 2843 254 2904 coronalibus
286 2843 372 2914 ottii.
407 2847 566 2924 utrimque
595 2861 677 2922 pene
713 2841 952 2906 concurrentia.
986 2857 1060 2900 cura

64 2951 143 3017 trgum
165 2943 399 3026 Epiroticorum
424 2945 623 3008 excreverint
646 2941 827 3022 fretumque
855 2939 1058 3022 angustariut.

65 3033 130 3114 Quod
151 3043 168 3101 fi
188 3047 258 3127 quia
279 3047 434 3108 existimet
455 3049 560 3129 potina
580 3043 687 3106 erralle
707 3043 759 3104 hic
779 3041 913 3110 lllelam,
941 3053 973 3104 et
995 3039 1058 3102 boc

65 3153 156 3219 l²¹⁰q11e
177 3167 229 3226 per
252 3169 305 3210 me
326 3149 411 3210 licet.
463 3151 574 3231 Longe
593 3161 675 3208 certe
701 3143 917 3228 ignoscibillor
941 3141 983 3202 ell
1005 3141 1058 3202 hic

65 3253 129 3308 anor.
147 3267 234 3326 quam
252 3251 289 3319 ir,
315 3269 410 3332 quem
429 3248 603 3312 committit
618 3245 742 3316 Strabo,
768 3263 841 3306 cunr
864 3243 941 3304 dicit
958 3241 1058 3304 ambi·

64 3347 110 3400 iun
124 3343 193 3408 burn
208 3352 366 3414 Ambracii
381 3351 440 3413 elle
456 3363 670 3412 trecentorum
688 3347 869 3408 lladiorum.
903 3343 1059 3422 Polybius

64 3443 123 3502 ‘ssim
141 3448 319 3514 certiffinnte
339 3453 422 3514 testie
442 3453 567 3536 prodit.
600 3463 718 3510 tantam
741 3447 801 3508 elle
822 3447 1059 3528 longitudinem

64 3539 120 3614 ²5⁰⁸·
149 3549 345 3616 latitudinem
375 3575 451 3616 vero
486 3553 657 3614 stadiorum
688 3563 832 3610 centnm.
885 3546 1060 3624 Polybium

65 3635 173 3722 sequutus
188 3653 245 3714 elle
263 3657 392 3716 videtur
412 3657 555 3722 Pliniua.
582 3653 670 3714 cuine
687 3649 781 3710 verba
799 3667 860 3730 ope
878 3648 949 3708 libri
972 3659 1059 3708 rete·

65 3742 137 3808 ritiu
156 3749 220 3814 lunt
240 3756 447 3818 restituenda:
487 3753 672 3818 Ambracius
686 3749 781 3840 finus
805 3751 891 3812 DCC
911 3739 1058 3833 poffuurn

65 3831 190 3924 lours.
219 3857 432 3940 longimano
455 3857 602 3920 xxxvn
626 3853 725 3914 mun
746 3843 911 3938 passuum,
945 3849 1057 3910 toou-

65 3939 121 4008 linis
140 3953 194 4016 llll
219 3959 329 4022 nrillia.
389 3961 457 4022 Nili
478 3961 582 4042 itaque
605 3975 665 4018 noe
686 3952 770 4014 fallat
797 3951 892 4012 lectio
920 3950 1057 4032 vulgata·

66 4051 121 4119 l¹¹⁰d
141 4067 237 4118 tamen
260 4062 314 4122 vix
335 4075 431 4142 puto,
462 4061 555 4123 valde
575 4059 729 4142 exiguum
752 4051 827 4114 lecit
847 4053 934 4110 hunc
955 4049 1056 4112 linum

65 4141 157 4228 sutho,
188 4164 274 4240 quod
305 4167 428 4246 optime
453 4164 602 4248 colligere
634 4155 777 4240 poliunt.
811 4155 866 4236 qui
893 4171 958 4212 non
988 4151 1057 4210 lunt

645 4261 723 4322 lto
