2894 4948
285 437 350 502 ete
587 427 832 486 uomomr
870 426 1036 484 uncte

283 601 378 685 plura
397 597 567 686 proposuit
582 597 739 664 Geinerue
755 601 789 662 iu
810 597 957 664 thesaure
968 601 1013 688 ³1..
1031 601 1068 664 L.
1092 599 1148 664 iub
1161 599 1196 663 b.
1211 622 1248 664 v.
1288 599 1337 664 ite

193 739 203 756 ·
287 721 367 764 veru
385 705 528 765 Auienus
544 723 578 765 v.
594 711 683 782 495.
709 700 820 784 Tybris
837 702 1000 764 Ronraues
1021 703 1104 764 lares
1121 694 1217 793 lapsu
1241 725 1336 782 pree·

285 802 401 866 denubit
430 805 569 866 aiumue.
646 803 748 864 Malui
780 804 878 888 igitur
912 804 995 866 benc
1023 823 1138 866 recem
1168 823 1337 874 revocare,

285 925 383 988 quaer
407 902 505 968 voffit
530 905 701 967 lectionem
722 906 862 988 accipere
882 905 922 967 eb
943 904 1001 966 uiu
1029 905 1156 991 linguae
1182 909 1337 976 alienam,

284 1009 344 1072 etst
365 1008 461 1091 paule
479 1007 662 1068 audaciuea
679 1005 817 1088 prosaico
832 1019 959 1069 auctore
975 1009 1017 1068 ite
1033 1007 1155 1068 dictum
1171 1009 1336 1078 videatur.

284 1130 382 1192 quem
405 1121 512 1170 tttuen
534 1109 731 1192 poeticarum
755 1105 929 1172 ferrearum
950 1108 1087 1170 studium
1102 1108 1244 1174 excuset.
1298 1112 1337 1170 in

287 1210 432 1294 sequenti
454 1229 533 1272 rece
553 1230 621 1272 mos
641 1210 786 1271 aberrent
806 1211 967 1274 editione·
985 1211 1159 1294 quaedam
1185 1213 1224 1275 6.
1245 1226 1282 1290 7.
1299 1223 1335 1290 a.

287 1333 363 1376 mex
382 1310 447 1406 ιβ,·
483 1325 542 1392 3ο.
563 1323 623 1391 32.
644 1331 735 1373 mens
757 1308 812 1403 ιβ.

273 1510 276 1542 '
363 1537 481 1600 quam
512 1513 653 1596 aeris)
703 1513 826 1578 Omnes
842 1517 909 1578 mei
924 1515 1051 1578 codice·
1066 1529 1100 1577 et
1114 1529 1246 1578 veteree
1269 1513 1335 1578 edi·

286 1619 393 1682 tiouee
416 1617 534 1680 hubent
553 1636 650 1700 qrtam
674 1613 774 1707 perfis
797 1615 840 1710 ιβ
848 1638 861 1689 ,·
898 1617 1007 1678 iudea
1030 1618 1164 1687 Vineto.
1191 1619 1333 1678 Scbntte

282 1733 320 1782 et
338 1715 446 1782 vossio
466 1719 580 1798 reliqui
596 1717 734 1780 editores
757 1717 933 1799 pesuerunt
951 1738 1045 1800 quern
1061 1721 1155 1780 ueris.
1189 1737 1334 1780 uzecuv·

285 1841 363 1884 curt.
423 1819 566 1904 Cestigo:
601 1817 690 1898 apud
715 1821 774 1880 itus
802 1819 875 1897 plus
900 1820 988 1890 ιιιιί,
1020 1841 1116 1900 quem
1142 1823 1229 1879 aeris
1252 1816 1332 1907 [pru

257 1921 260 1928 ’
283 1942 382 2008 quam
402 1916 526 2012 Persis]
548 1917 592 2010 est
612 1939 651 1982 ex
668 1919 835 1982 Herodoto
852 1919 903 1998 [3.
923 1923 996 2002 25]
1018 1935 1053 1983 et
1073 1921 1133 1990 bie.
1157 1941 1241 2002 quae
1257 1941 1331 2004 pre·

284 2027 373 2086 tinue
394 2021 577 2105 sequuntur.
611 2039 811 2084 eturrnuve.
865 2023 946 2084 Aliae
966 2021 1055 2100 apud
1075 2023 1135 2083 ires
1154 2023 1330 2102 piuseun',

284 2147 382 2210 quem
405 2126 489 2186 aeris
512 2122 573 2215 fi.
607 2143 703 2204 quem
733 2123 911 2185 lectionem
941 2125 1130 2186 confirmant
1154 2124 1254 2185 verbe
1279 2126 1332 2184 ed·

280 2229 393 2288 ¹iuncttt
414 2223 483 2286 ideo
505 2223 592 2308 quod
612 2227 715 2286 rrrt'rrus
735 2223 796 2316 est,
821 2221 989 2315 pretiefius
1008 2217 1143 2316 censent,
1168 2243 1203 2286 et
1228 2227 1331 2287 Hero·

285 2329 381 2391 detur
404 2325 460 2390 lib.
492 2346 521 2389 t.
554 2321 603 2414 [c.
627 2319 673 2412 1.]
705 2343 917 2388 crecceurve.
982 2325 1151 2390 Cortieutit
1183 2330 1220 2388 iu
1247 2326 1330 2390 benc

284 2429 547 2493 emendationem
564 2427 737 2490 Turnebus
755 2423 908 2490 adversar.
924 2428 958 2498 6,
979 2443 1035 2502 17.
1059 2428 1092 2488 in
1110 2447 1211 2509 eeqne
1226 2442 1260 2490 et
1276 2430 1330 2490 aiii

284 2533 528 2612 adquieverunt.
582 2529 731 2598 Accedit,
760 2529 847 2610 quod
870 2529 953 2590 nibil
979 2531 1138 2604 eiuemudi
1162 2532 1203 2591 de
1227 2530 1328 2594 Perfie

283 2633 388 2696 nester
406 2631 537 2715 adtigit,
561 2631 648 2712 quud
664 2627 816 2712 respicere
832 2628 886 2690 hic
903 2625 1010 2711 poffit.
1061 2631 1202 2692 Maxime
1221 2646 1330 2695 temen

283 2739 442 2800 evincunt
464 2730 642 2816 sequentie,
674 2732 709 2792 in
730 2730 847 2814 quibuc
873 2729 983 2795 Cibiu.
1007 2722 1132 2825 censent
1153 2729 1330 2826 pretiosius

283 2849 318 2900 et
340 2833 459 2899 uincla.

448 3042 479 3118 ς.
507 3053 540 3102 tt.
585 3037 684 3121 quia
709 3048 754 3098 ut
779 3035 911 3119 libet)
949 3039 1002 3102 Sic
1019 3037 1144 3100 cedicet
1158 3039 1225 3099 mei
1242 3041 1327 3117 (tan-

283 3155 353 3203 tum
368 3153 399 3202 et
412 3139 496 3202 rbeii
510 3141 543 3200 in
562 3139 683 3216 Cibin.)
703 3153 736 3200 et
754 3140 913 3200 editionee
929 3138 1087 3210 vetustam
1119 3153 1246 3200 tentum
1266 3139 1329 3201 Pe-

283 3243 335 3306 ris.
352 3263 381 3307 t.
401 3254 433 3302 ιι
445 3261 527 3324 quae
539 3253 576 3300 ut
592 3239 676 3302 libet.
709 3240 793 3301 Edd.
810 3241 931 3322 priore·
946 3243 1025 3324 quie
1040 3253 1076 3300 ut
1090 3237 1184 3312 Ιίὸιις
1208 3239 1327 3302 Sebet·
1429 3301 1430 3306 ,

271 3360 335 3407 ¹tue
349 3339 461 3428 quibus
475 3339 570 3413 libem
594 3342 708 3423 reliqui
725 3343 802 3424 quie
819 3339 955 3405 utlibet.
982 3359 1189 3404 uzecuvcne.
1232 3343 1324 3426 Lego

282 3459 315 3508 ιι
339 3441 527 3528 quibuslibet
549 3433 634 3532 vesei
657 3439 838 3504 uolentibus
862 3441 945 3504 lieet.
1010 3437 1094 3504 Nem
1120 3443 1230 3524 inepte
1256 3459 1327 3505 eret

279 3547 379 3616 tatic.
406 3545 449 3608 ob
472 3545 506 3604 id
529 3547 635 3606 vocari
654 3534 791 3634 rrteuserrr
810 3542 906 3614 Solle,
930 3545 1018 3625 quod
1034 3543 1219 3606 veientibus
1240 3543 1327 3606 vesci

280 3650 396 3712 liceret.
450 3645 527 3707 Non
542 3647 630 3706 enim
651 3665 687 3707 ea
707 3647 829 3706 ratione
847 3645 887 3706 iic
902 3646 985 3707 dicte
1005 3645 1065 3716 eti,
1096 3643 1146 3708 ied
1165 3648 1260 3725 quia.
1287 3661 1326 3708 ut

281 3751 430 3835 protinue
453 3746 575 3816 subdit,
605 3767 659 3818 ee,
689 3766 768 3826 quae
790 3743 899 3827 passim
928 3759 1181 3830 apponerentur,
1218 3747 1325 3810 videri

282 3852 405 3914 velient
425 3847 505 3910 nasci
530 3845 663 3909 subinde
682 3849 857 3919 divinitue;
890 3850 977 3928 qued
992 3847 1031 3910 rb
1049 3849 1235 3916 Herodoto.
1263 3849 1324 3928 [5‚

288 3953 366 4032 ι8.]
395 3965 430 4012 ut
447 3952 597 4034 pleraque
619 3951 741 4018 omnia.
766 3947 958 4012 desumturu.
1009 3949 1149 4011 Proinde
1170 3951 1259 4031 quud
1281 3949 1323 4010 ie·

282 4057 408 4138 quitur,
441 4064 473 4112 et
492 4071 573 4134 quae
594 4043 706 4141 peffim
727 4047 879 4139 eppufita
890 4043 989 4140 suut,
1016 4054 1131 4112 rectiue
1151 4053 1322 4136 legeretur,

281 4155 384 4242 qued.
418 4175 500 4238 quae
524 4146 637 4244 peffim
663 4149 826 4246 epptfite.
871 4171 1082 4228 urit'rteuve„
1130 4155 1204 4238 Ego
1241 4155 1325 4216 nihii
1358 4178 1360 4182 ·
