2848 4942
318 455 358 502 αα
608 441 854 504 toncourt
896 444 1060 501 unctu

323 615 535 683 scribendum
556 637 625 679 non
648 617 782 690 Cerone,
814 615 865 679 sed
882 606 1090 706 Cherronesus
1106 636 1145 678 ex
1160 613 1379 686 Ptolemaeo,

328 715 384 806 [5.
405 715 460 806 6.]
488 720 653 792 Strabone,
679 715 735 805 [7.
758 743 789 804 p.
806 741 850 780 m.
872 734 955 798 215.
977 718 998 779 s.
1020 715 1124 805 308.]
1151 719 1267 780 Plinio.
1310 713 1379 803 [4,

327 819 384 883 26.
411 819 432 882 l.
462 814 536 906 tm]
588 821 637 883 At>
665 821 830 890 Heraclea,
863 822 977 901 inquit,
1011 811 1203 910 Cherroneso
1229 819 1382 878 Portha-

327 925 412 982 nium
437 924 695 998 promontorium.
749 925 819 984 Erit
840 923 937 1006 igitur
951 920 1054 982 sensus
1071 921 1260 1001 Pomponii,
1302 919 1380 980 rluo

327 1023 375 1084 ibi
402 1021 461 1084 elle
489 1026 725 1104 promontoria,
755 1025 889 1085 alterum
924 1023 1003 1083 Criu
1030 1035 1190 1098 metopon,
1225 1022 1380 1082 alterum

327 1125 541 1194 Parthenion,
581 1128 633 1185 cui
666 1125 822 1206 oppidum
860 1126 980 1186 adiacet
1017 1114 1237 1212 Cherronesus.
1283 1140 1380 1182 aaa·

328 1243 445 1286 orave.
507 1225 631 1288 Notum
653 1226 713 1294 eil,
750 1225 830 1287 hanc
852 1227 1003 1286 Tauricae
1026 1225 1189 1285 civitatem
1214 1221 1379 1306 Χέρσωνα

329 1327 446 1386 dictam
473 1323 562 1388 luisse
588 1347 605 1388 a
631 1327 810 1410 posterioris
836 1327 907 1388 aevi
936 1325 1108 1387 Graeculis.
1162 1325 1380 1405 Antiquioreo

207 1433 211 1442 '
330 1439 436 1488 tanton
456 1441 519 1488 tam
538 1428 659 1498 Graeci,
692 1445 786 1510 quam
811 1429 916 1488 Latini
939 1427 1114 1488 constanter
1135 1423 1379 1487 Chersonesum

330 1541 457 1589 vocant.
511 1531 548 1588 ln
573 1531 648 1591 actie
669 1531 702 1592 S.
726 1529 902 1590 clemente
931 1527 1034 1609 Papae
1057 1521 1198 1590 Cherson
1223 1527 1380 1588 similiter

329 1642 463 1690 vocatur
485 1629 560 1692 urbe
581 1630 645 1691 illa.
697 1633 831 1699 Verum,
861 1643 900 1690 ut
927 1630 1036 1696 detur,
1073 1641 1138 1688 acta
1159 1629 1211 1688 illa
1231 1627 1292 1689 else
1319 1647 1380 1688 ve·

330 1726 504 1798 iustissima,
525 1751 591 1790 non
608 1745 713 1792 tamen
729 1733 832 1811 priora
848 1729 920 1790 sunt
934 1750 1014 1792 aevo
1032 1731 1240 1800 Diocletiani;
1265 1747 1381 1790 merae

332 1832 421 1892 eninr
443 1832 612 1891 continent
632 1831 770 1894 sabellos.
823 1831 905 1892 Nam
928 1833 1014 1912 quod
1031 1832 1095 1892 illic
1116 1831 1232 1891 dicitur
1246 1833 1278 1893 S.
1299 1829 1379 1892 Cle·

332 1951 424 1992 mene
448 1933 637 1992 inexilium
666 1932 725 1994 elle
752 1933 859 1994 missus
883 1953 898 1992 a
925 1934 1060 1994 Traiano
1086 1933 1299 2012 Imperatore,
1340 1931 1378 1990 id

333 2027 525 2094 falsissimum
546 2033 605 2102 est,
638 2053 711 2094 curn
737 2037 841 2116 primo
863 2034 931 2093 'siti
956 2033 1158 2114 imperatorie
1183 2053 1268 2094 anno
1293 2033 1378 2092 illuc

332 2134 488 2217 relegatus
508 2132 561 2213 su,
593 2146 630 2194 ut
650 2153 710 2196 noa
732 2135 805 2194 alibi
831 2134 1036 2196 ostendimus.
1074 2153 1213 2196 vocure.
1274 2133 1379 2196 Cher·

334 2255 409 2294 rone
431 2237 569 2314 denique
594 2235 691 2302 edidi,
725 2257 792 2298 non
818 2226 1035 2324 Cherronesus,
1067 2256 1170 2316 quum
1194 2246 1226 2295 et
1242 2229 1377 2296 Voffiua

335 2333 386 2394 vel
409 2335 441 2394 id
464 2334 623 2396 testaretur
642 2336 684 2426 ele
702 2337 838 2418 antiquio
857 2337 1022 2417 plerisque,
1049 2355 1129 2416 quoe
1151 2337 1243 2406 vidit,
1270 2335 1378 2398 Cocli·

336 2433 434 2505 cibor,
461 2437 513 2496 vel
532 2431 696 2527 Chersone,
722 2451 755 2498 et
772 2437 952 2498 Holsteniuo
974 2459 1006 2518 p.
1024 2447 1085 2515 49.
1113 2439 1247 2498 eandem
1269 2438 1375 2498 sidem

336 2535 485 2619 signaret,
522 2537 579 2596 nili
600 2541 684 2618 quod
711 2539 842 2606 Ceroue,
876 2557 935 2598 nec
957 2538 1043 2598 aliud
1063 2538 1145 2597 milti
1164 2539 1339 2598 dictaretur
1357 2557 1376 2596 a

328 2637 436 2698 'tribue
460 2636 551 2699 MSS.
575 2640 609 2700 in
632 2639 748 2720 quibua
775 2639 909 2700 Medios.
935 2639 1099 2700 Gerrhone.
1152 2639 1200 2699 lta
1222 2639 1378 2699 alludunt

258 2806 260 2810 ,
337 2739 401 2798 huc
423 2757 546 2800 omnee.
585 2761 609 2801 t.
635 2759 843 2802 ottouortvo.
906 2740 1086 2800 Holsteniue
1109 2759 1135 2801 c.
1157 2740 1178 2798 l.
1201 2753 1291 2820 putat
1316 2739 1376 2802 Ce-

339 2859 412 2898 rone
430 2841 492 2922 legi
516 2859 574 2921 pro
594 2833 742 2930 Chersorr.
793 2841 836 2903 At
853 2859 951 2902 nemo
970 2853 1117 2901 veterum
1134 2855 1299 2901 auctorum
1318 2839 1376 2900 vel

340 2939 527 3000 Cherronem
544 2943 594 3002 vel
612 2933 798 3032 Chersonern
814 2953 915 3012 vocat,
941 2959 1053 3002 omues
1075 2933 1298 3032 Cherronesum
1321 2939 1376 3002 vel

342 3033 574 3129 Chersonesum,
602 3045 641 3102 de
662 3063 726 3122 quo
746 3043 814 3105 Vol.
837 3061 867 3104 a.
919 3043 971 3103 Sic
989 3042 1112 3102 Plinius
1132 3043 1228 3102 etiem
1250 3053 1286 3120 sp,
1313 3044 1373 3104 26.

340 3138 361 3200 s.
386 3159 439 3200 ιε.
466 3143 522 3202 ubi
540 3143 624 3202 hunc
640 3157 774 3202 tractum
792 3142 995 3224 persequitur,
1015 3142 1135 3222 semper
1152 3141 1256 3204 scribit
1278 3143 1376 3206 Cher·

340 3233 482 3330 terrester,
509 3256 542 3302 et
560 3257 669 3303 contre
686 3245 859 3306 lornandee
875 3243 915 3306 de
930 3243 1025 3304 rebus
1043 3243 1114 3304 Get.
1137 3263 1163 3305 c.
1182 3255 1215 3320 5.
1243 3243 1301 3304 ubi
1321 3243 1376 3304 ali·

340 3357 420 3424 quot
441 3344 533 3402 urbes
556 3343 710 3413 recenset,
738 3335 903 3434 Chersone.
961 3345 1108 3404 Eundem
1133 3357 1239 3405 autem
1263 3345 1375 3406 locum

341 3443 479 3525 intelligi
501 3441 555 3502 sub
575 3459 705 3524 utraque
727 3441 844 3514 sonna,
876 3445 969 3506 ‹tocet
989 3446 1181 3524 comparatio
1197 3445 1317 3506 Arriani
1341 3446 1376 3503 iu

341 3545 464 3630 periplo
480 3545 578 3606 l’onti
600 3565 631 3626 p.
649 3561 707 3608 20.
730 3543 830 3606 lluds.
856 3557 888 3605 et
905 3545 1067 3624 Anonymi
1085 3546 1118 3604 in
1135 3547 1255 3628 periplo
1272 3545 1374 3608 Ponti

342 3667 375 3728 p.
393 3661 426 3720 7.
453 3641 552 3706 Huds.
610 3645 667 3708 llle
693 3647 781 3708 enini
808 3645 1059 3716 Cherronesum,
1099 3645 1151 3707 hic
1175 3645 1374 3710 Chersonem

344 3749 416 3808 ooo
443 3745 546 3806 sladiie
580 3764 596 3805 a
622 3745 781 3808 Cercinite
815 3745 922 3808 ditiore
955 3748 1109 3809 adfirmat.
1180 3747 1373 3810 Posteriores

343 3865 461 3928 nempe
485 3837 670 3935 Chersonern
690 3859 814 3918 vocant,
843 3869 908 3908 non
926 3842 1149 3938 Cherronesum
1171 3862 1225 3908 aut
1243 3837 1373 3938 Cherso-

344 3939 461 4038 nesum.
497 3945 629 4006 Librarii
646 3949 742 4031 igitur
758 3947 888 4030 priscam
907 3947 1055 4018 sornam,
1079 3963 1113 4008 ut
1127 3947 1266 4029 ipsorum
1282 3946 1374 4010 aetati

345 4048 631 4119 accommodarent,
661 4051 880 4121 immutarunt,
912 4063 968 4111 aut
986 4049 1096 4110 ultima
1118 4047 1230 4128 syllaba
1248 4050 1372 4116 excidit,

346 4145 404 4210 nist
425 4149 522 4210 etiam
539 4147 593 4211 hic
619 4163 703 4214 recte
726 4149 827 4235 potell
853 4150 1013 4222 adhiberi,
1047 4151 1131 4233 quod
1153 4151 1315 4230 Salmasius
1335 4147 1372 4212 ad
