2788 4942
310 435 372 496 602
609 437 855 497 POMPONII
896 439 1063 496 Mente

309 611 451 696 reposuit
468 611 605 684 Caralis,
628 625 661 675 et
675 613 715 676 sic
732 615 794 676 viri
811 613 899 677 docti
913 616 946 675 in
964 617 1059 676 Livio
1070 629 1126 694 23.
1143 625 1200 699 4ο.
1216 617 1260 677 iu.
1284 613 1334 674 ubi

311 717 389 778 olim
407 719 501 778 etiam
517 715 611 778 slabat
628 715 765 778 Galeris.
805 697 931 779 E‘odem
954 737 1032 779 vero
1051 731 1209 800 praeterea
1223 717 1336 776 ducunt

310 818 388 880 aliae
417 819 561 880 nominis
591 817 835 901 depravationes
866 819 900 880 in
927 805 1089 901 p'olleriori
1114 821 1252 881 maxime
1276 819 1336 878 eius

310 933 417 1004 porte,
444 921 545 982 veluti
563 913 737 1006 Ko'psiodtr
758 922 790 982 in
811 919 976 1004 Stephano
993 919 1013 986 s.
1032 943 1065 986 v.
1088 916 1234 993 Zo'daou
1260 913 1339 1005 Κάρ·

308 1018 401 1098 velta
419 1023 452 1082 in
470 1019 619 1084 Pausania
644 1043 697 1092 ιο,
722 1039 774 1096 ι7,
791 1037 824 1100 5.
850 1035 883 1084 et
899 1023 1058 1106 Procopio
1078 1025 1117 1086 de
1138 1025 1176 1086 B.
1193 1023 1289 1086 Goth.
1306 1033 1336 1098 tp.

313 1135 369 1204 24.
397 1123 454 1184 nbi
468 1137 574 1184 tamen
591 1145 630 1186 ex
645 1123 726 1186 Cod.
740 1125 842 1210 Regio
858 1145 931 1186 vera
949 1124 1097 1209 scriptura
1117 1139 1256 1194 notatur,
1279 1141 1335 1204 quo

309 1229 407 1288 etiam
444 1223 587 1286 referunt
619 1227 682 1286 viri
713 1227 800 1288 docti
822 1217 952 1314 'Apodte
981 1229 1015 1288 in
1042 1229 1149 1291 Dione
1170 1239 1230 1307 48.
1248 1223 1334 1303 goi.

308 1323 460 1414 Κάλαρις
478 1329 610 1410 quidem
634 1327 696 1389 stne
720 1329 926 1410 discrepantia
949 1331 1065 1414 legitur
1087 1331 1120 1392 in
1143 1329 1287 1392 Diodoro
1306 1337 1334 1404 5.

315 1445 370 1510 15.
399 1428 450 1490 sed
466 1449 538 1492 cum
561 1429 595 1490 in
611 1429 734 1492 Corstca
755 1431 807 1491 illa
831 1431 1030 1502 conlocetur,
1064 1432 1122 1493 alia
1139 1451 1179 1494 ex
1194 1443 1279 1513 parte
1298 1428 1335 1488 ibi

307 1545 475 1622 peccatum
496 1531 556 1592 elle
577 1545 673 1614 patet.
732 1534 845 1594 Veram
867 1533 954 1594 illam
977 1531 1164 1616 scripturam
1186 1531 1254 1594 satis
1274 1543 1335 1612 apte

308 1631 475 1696 confirmat
490 1647 523 1695 et
538 1653 656 1695 numus
678 1633 761 1716 apud
777 1633 941 1696 Goltzium
958 1637 992 1694 in
1010 1633 1101 1698 inscr.
1117 1637 1176 1698 Gr.
1191 1633 1270 1694 Tab.
1287 1643 1333 1708 ιθ.

306 1737 361 1820 fig.
379 1749 412 1815 5.
434 1757 465 1819 p.
483 1749 568 1815 292.
595 1735 629 1795 in
650 1755 714 1816 quo
733 1730 926 1822 liopodrrwn
949 1735 1081 1820 legitur,
1108 1739 1295 1819 productus,
1316 1731 1332 1790 il

306 1839 375 1899 eius
398 1840 477 1900 ratio
503 1839 541 1898 ud
573 1837 708 1898 noslram
732 1837 845 1899 urbem
867 1837 1036 1910 constaret,
1072 1839 1111 1900 de
1133 1859 1198 1920 quo
1219 1837 1333 1898 monuit

306 1939 430 2001 Eckhel
464 1940 498 1998 in
531 1939 673 2000 doctrina
706 1959 834 2002 numos.
857 1939 895 2002 P.
921 1959 951 2003 1.
972 1941 1010 2004 V.
1031 1957 1061 2003 t.
1085 1961 1117 2023 p.
1148 1957 1233 2015 271.
1280 1935 1332 2000 Sed

304 2042 405 2124 plura,
430 2039 450 2100 fi
472 2041 543 2120 quie
559 2059 646 2100 nunc
667 2041 831 2120 desideret,
858 2042 980 2102 dabunt
997 2041 1171 2106 Cluverius
1191 2045 1224 2102 in
1245 2037 1331 2102 Sardi·

303 2143 357 2204 nia
372 2155 437 2206 aut.
457 2162 489 2224 p.
507 2151 593 2224 490.
628 2141 753 2204 Duker.
771 2145 810 2204 ad
829 2143 913 2206 Flor.
935 2161 965 2213 2.
983 2147 1016 2215 6,
1037 2157 1094 2223 55.
1133 2142 1329 2220 Oudendorp.

304 2246 342 2306 ad
361 2245 502 2304 Hirtium
522 2245 562 2304 de
576 2243 613 2304 B.
630 2241 694 2305 afr.
713 2263 740 2306 c.
761 2257 821 2324 98.
848 2245 914 2316 nbi,
940 2259 977 2306 ut
990 2248 1024 2306 in
1042 2247 1109 2308 aliis
1127 2241 1251 2328 paffitn.
1275 2242 1330 2322 plu·

303 2347 376 2408 ralis
397 2343 579 2428 praefertur,
605 2358 637 2406 et
659 2345 825 2410 Drakenb.
846 2347 883 2408 ad
907 2348 1040 2408 Livium
1057 2368 1084 2410 c.
1103 2348 1124 2410 l.
1155 2349 1211 2429 qui
1229 2347 1330 2420 Donja·

303 2449 386 2510 tium
411 2451 451 2510 de
474 2447 568 2508 altera
595 2445 740 2530 scriptura
764 2449 847 2510 male
874 2469 913 2510 ex
936 2450 1104 2511 recentiori
1131 2449 1329 2530 adpellatione

302 2565 501 2635 pugnantem
523 2549 659 2630 repellit.
711 2551 769 2610 Hie
786 2551 881 2636 igitur
896 2551 990 2612 causre
1005 2565 1113 2613 motus
1134 2547 1259 2632 reposui
1278 2547 1329 2606 Co·

303 2653 390 2724 ralis,
417 2653 526 2714 Vineti
546 2653 642 2712 etiam
664 2653 810 2733 exemplo
829 2652 1043 2714 confirmatus.
1093 2652 1161 2714 Hic
1184 2663 1328 2735 praeterea

300 2776 319 2817 a
341 2773 420 2818 voce
443 2753 479 2817 V
477 2751 577 2815 rhium
595 2773 661 2835 cap.
678 2751 736 2833 64.
758 2753 882 2836 incipit.

380 2955 518 3038 Sulci)
550 2957 697 3036 Vatic.3.
712 2956 834 3030 suiten
864 2956 947 3040 Lips.
962 2947 1082 3048 sensti,·
1112 2958 1203 3019 Sulci
1225 2953 1327 3036 reliqui

302 3079 415 3122 omnes
438 3072 471 3120 et
491 3059 650 3120 editiones
675 3060 713 3119 ad
733 3061 929 3128 vedianum,
960 3062 1016 3140 qui
1034 3060 1122 3121 dedit
1146 3059 1268 3128 Sulcius,
1299 3067 1326 3116 et

300 3164 377 3224 hinc
401 3177 457 3224 21.
486 3176 542 3223 22.
561 3169 619 3238 24.
640 3171 697 3236 25.
721 3161 920 3241 omninoque
937 3159 1101 3242 sequentes
1121 3163 1278 3223 editiones
1293 3155 1326 3216 ad

299 3267 326 3327 l.
345 3261 567 3333 Gronovium,
593 3280 688 3342 aquo
703 3261 788 3322 Sulci
800 3276 984 3322 revocatum
1001 3261 1105 3323 rediit.
1133 3275 1325 3324 rzscuvcatr.

299 3363 413 3430 Strabo
427 3363 497 3441 [lib.
515 3375 548 3440 5.
564 3385 597 3445 p.
612 3383 655 3424 m.
672 3374 750 3439 155.
763 3361 781 3426 s.
793 3365 893 3445 224]
909 3362 1059 3446 adspirate
1074 3361 1205 3435 Susclzi3
1227 3361 1325 3427 Ptole·

300 3485 409 3530 maeus
428 3465 477 3543 [5.
489 3463 538 3544 3.]
555 3465 618 3526 stne
633 3463 840 3546 adspiratione
850 3465 951 3536 Seluk
973 3465 1098 3527 Plinius
1114 3466 1163 3544 [3.
1185 3479 1238 3542 15.
1251 3461 1269 3523 s.
1280 3461 1323 3538 7.]

300 3571 405 3642 Satan
430 3565 595 3630 Pausanias
618 3559 699 3651 [ιο.
723 3581 775 3640 ι7,
793 3560 847 3651 5.]
876 3567 973 3647 sylei.
1000 3565 1053 3628 etsi
1072 3569 1161 3629 ineo
1183 3559 1322 3626 mendose

300 3672 404 3754 Syilns
426 3657 623 3757 [Σύλλους]
648 3686 706 3748 pro
730 3667 839 3750 Syscus
860 3665 1006 3750 scriptum
1024 3669 1120 3754 leges.
1172 3667 1231 3730 Sed
1255 3681 1323 3746 quo·

298 3776 386 3836 niam
418 3771 495 3832 haec
530 3769 673 3831 Corsicae
698 3783 730 3830 et
756 3769 917 3831 Sardiniae
940 3771 1049 3832 relatio
1076 3773 1119 3834 ita
1145 3765 1271 3831 consule
1293 3775 1322 3824 et

297 3873 492 3961 praepostere
517 3869 623 3954 scripta
645 3869 696 3941 esi,
722 3884 758 3930 nt
779 3872 894 3941 neutri,
925 3873 1013 3953 quod
1038 3871 1129 3934 suum
1152 3873 1204 3944 est,
1231 3866 1320 3928 reddi·

298 3993 369 4040 tum
390 3975 551 4042 videatur,
585 3971 687 4032 visum
704 3972 746 4034 est
765 3971 961 4043 faciendum,
987 3987 1023 4033 ut
1039 3973 1239 4042 subiicerem.
1264 3985 1318 4050 q11⁰

298 4093 390 4166 pacto
415 4075 535 4138 restitui
564 4072 687 4138 sortasse
716 4077 751 4136 iu
780 4072 1070 4160 integrum‘poffit.
1121 4071 1318 4142 scribendum
