2814 4946
326 435 417 496 ΗΒ.
447 441 483 494 Π.
535 437 568 496 C.
589 439 656 498 vit.
699 437 724 508 i.
753 459 799 496 rt.
826 453 875 500 ια.
1055 445 1116 515 54ι

77 629 108 692 p.
128 623 213 691 333.
231 609 252 674 i.
268 621 355 693 437.
382 627 414 676 et
431 634 469 676 ex
489 633 528 676 eo
545 613 729 674 Eustathius
746 613 784 674 ad
802 611 985 674 Homerum
1007 611 1116 692 Odyff.

81 724 247 792 15,402.
272 737 305 798 p.
327 715 497 794 533.Bas.
531 731 563 778 et
584 715 622 776 ed
648 713 781 795 Dionys.
805 735 838 776 v.
861 727 945 792 525.
976 713 1119 796 itemque
1196 779 1199 784 ,

76 813 256 896 Stephanus
280 817 313 880 h.
336 839 369 880 r.
394 837 461 878 non
484 819 581 880 rideo
605 831 728 887 tomen,
762 808 927 898 quomodo
947 815 978 876 id
1000 817 1119 898 snnpii·

76 917 152 977 citer
176 919 341 980 adfirmare
369 921 513 1002 potuerit
535 919 666 990 Strabo,
704 939 780 980 cum
804 917 959 979 subiectus
981 917 1118 978 Homeri

74 1017 162 1080 locut
182 1017 293 1099 Odyff.
314 1041 326 1080 t
334 1033 368 1098 5,
390 1031 475 1098 402.
500 1021 693 1082 contrarium
711 1018 830 1080 adserat
846 1019 877 1079 in
897 1018 1003 1080 rerbir
1024 1019 1119 1104 νῆσος
1216 1083 1220 1091 ,

75 1117 192 1206 Συρίῃ.
246 1122 438 1184 Producitur
463 1135 569 1184 tamen
595 1123 628 1182 iu
663 1120 792 1182 asmatio
819 1121 902 1202 apud
936 1121 1118 1202 Diogenem

75 1221 179 1282 Laert.
204 1221 262 1286 lib.
286 1221 352 1286 t.f.
386 1224 442 1284 ubi
467 1223 507 1286 cf.
533 1225 717 1308 Menogius,
748 1227 826 1282 item
849 1223 931 1304 apud
959 1221 1117 1282 Ovidium

76 1322 211 1386 Metam.
242 1337 296 1403 13.
327 1339 408 1401 175.
448 1327 481 1385 in
510 1345 574 1406 quo
606 1339 712 1386 tamen
743 1325 804 1408 leg.
833 1323 961 1384 videtur
989 1323 1116 1406 Scyron,
1147 1330 1152 1338 ’

74 1445 170 1503 quatu
194 1429 280 1508 cepit
298 1426 435 1488 Achilles
457 1425 612 1510 (Homer.
632 1427 668 1488 li.
687 1445 719 1505 9.
739 1421 845 1506 664.)
868 1425 1003 1490 adiutus.
1031 1425 1118 1506 quod

75 1525 216 1586 Ouidius
241 1529 365 1598 innuit,
401 1547 496 1610 opera
522 1525 649 1606 Vlyffir.
703 1528 807 1608 Atque
835 1527 875 1586 ita
905 1546 943 1587 ex
969 1525 1117 1586 codicum
1238 1591 1242 1600 .

75 1627 205 1689 indicii·
226 1629 309 1710 apud
335 1631 476 1690 eundem
501 1627 634 1692 Metam.
654 1645 686 1702 7,
710 1629 793 1710 464.
820 1629 882 1710 legi
903 1623 1013 1708 puffit:
1046 1627 1119 1688 rto·

75 1743 254 1812 renternque
273 1731 385 1815 Syron,
409 1731 563 1812 Sipkrtort,
588 1729 779 1814 planamque
800 1729 965 1810 Seriphon.

154 1931 290 1994 Tenos
298 1933 316 2014 )
364 1933 511 1996 Vindob.
534 1933 705 2016 Rehdiger.
737 1931 844 1996 Cibin.
874 1929 961 1994 voff.
981 1949 1016 1994 t.
1042 1929 1118 1990 The·

77 2053 150 2106 nos,·
176 2035 230 2094 aiii
251 2055 325 2096 curn
341 2035 536 2096 editionibus
552 2035 689 2116 antiquio
711 2033 827 2106 Tenos,-
850 2047 945 2096 recte.
981 2035 1033 2096 Sic
1050 2034 1118 2112 qui·

77 2136 147 2194 dam
164 2155 225 2218 pro
239 2137 356 2197 Naxos
373 2138 448 2196 (lant
463 2129 582 2228 Nasos,
608 2137 655 2196 uti
676 2135 791 2197 Venet.
815 2133 895 2216 Lips.
917 2133 1000 2194 Gnd.
1025 2133 1117 2217 Prag.

76 2235 180 2300 Vatic.
207 2251 240 2316 3.
292 2239 355 2298 Pro
378 2238 498 2310 Delos,
525 2237 651 2299 Andros
681 2237 771 2320 Prog.
802 2227 1031 2326 Polosortdror‚
1059 2233 1117 2296 Pa·

75 2336 124 2398 ris.
152 2357 183 2400 2.
206 2331 450 2430 Dolosoudros,·
477 2339 594 2402 Venet.
619 2337 668 2400 D.
689 2337 817 2400 Iudror.
869 2339 955 2398 'i'tun
971 2335 1114 2400 Vindob.

75 2441 130 2520 qur'
154 2442 191 2500 in
215 2439 340 2512 orhenn
379 2439 483 2502 Votic.
510 2455 541 2520 3.
567 2438 660 2502 Paris.
688 2455 720 2502 2.
748 2441 809 2501 hoe
833 2440 906 2520 qnia
932 2440 962 2498 iu
994 2436 1117 2508 urinum

76 2539 222 2603 vindob.
247 2541 400 2614 ciclades,·
432 2543 523 2626 Prag.
546 2541 704 2614 cicladum
729 2541 902 2624 Rehdiger.
923 2539 1113 2598 Vindobou.

77 2640 160 2702 dicte
173 2633 278 2733 snum
309 2644 462 2724 posterius
484 2643 619 2705 verbum
640 2643 794 2703 adiiciunt
816 2643 910 2702 etiarn
931 2643 1002 2700 eriri.
1025 2659 1053 2700 ι.
1082 2653 1114 2700 2.

79 2755 109 2821 3.
133 2753 169 2824 4.
196 2758 229 2804 et
248 2745 386 2824 reliquae
401 2746 438 2806 ad
455 2757 514 2822 42.
540 2765 613 2806 curn
631 2745 860 2806 Reiuoitiinuiu.
907 2741 978 2802 Pon
995 2740 1116 2820 expulit

76 2845 111 2905 Δ.
131 2845 319 2906 Gronovius
342 2849 374 2906 in
399 2847 448 2907 ed.
468 2857 527 2927 44.
551 2847 738 2926 monuitque
759 2843 858 2904 mette
879 2843 955 2902 iliud
974 2862 990 2901 a
1008 2841 1116 2900 melio·

77 2945 162 3007 ribus
187 2947 321 3008 iussus.
375 2949 424 3007 Ex
447 2949 527 3008 meio
551 2963 674 3028 praeter
696 2959 962 3006 commemorator
980 2955 1010 3002 et
1035 2939 1115 3002 forte

78 3045 198 3108 Venet.
234 3048 340 3108 Havn.
373 3063 406 3110 et
435 3049 618 3110 Porifieuseo
656 3049 768 3128 reliqui
805 3047 901 3106 etiam
933 3045 1114 3128 repudiant.

76 3147 267 3210 Redundaro
286 3149 349 3210 iam
370 3149 449 3210 olim
473 3165 638 3212 notaverat
658 3149 857 3212 Ciacconiue.

244 3353 273 3428 §.
304 3365 360 3414 ια.
413 3352 544 3432 Super·
569 3351 663 3436 ens)
713 3351 821 3416 Cibin.
850 3349 1004 3414 substituit
1021 3341 1119 3442 stum

77 3441 207 3541 Asyom.
249 3451 321 3514 Post
339 3447 380 3516 ro*
397 3453 429 3514 iu
446 3455 552 3514 omitit
569 3457 620 3518 ed.
637 3473 693 3520 tt.
729 3455 881 3516 Ceterum
904 3453 942 3516 ab
962 3454 1012 3516 hio
1031 3451 1117 3514 voci·

78 3551 137 3614 bue
158 3572 225 3635 cop.
242 3565 301 3632 58.
326 3555 441 3637 incipit
462 3555 611 3621 Vinetue.

154 3755 412 3838 Samonium)
464 3761 510 3820 lto
543 3759 639 3821 exstat
671 3759 705 3820 in
744 3757 867 3822 Mssos
900 3755 1051 3819 omnibur
1083 3767 1117 3816 et

79 3857 274 3919 editionibus
289 3861 416 3938 primis,
440 3881 500 3920 nec
514 3861 604 3922 aliter
619 3861 738 3944 legitur
752 3863 784 3920 in
803 3857 958 3922 Strabone
980 3857 1036 3917 lib.
1060 3877 1113 3918 ιο.

77 3979 107 4040 p.
125 3979 168 4018 tn.
190 3972 273 4036 327.
292 3957 312 4021 s.
328 3969 413 4040 474.
458 3963 623 4024 Salmasius
645 3977 751 4024 tamen
773 3963 810 4022 ad
828 3959 1026 4042 Stephanum
1046 3956 1065 4020 i.
1083 3977 1115 4020 r.

77 4055 246 4146 Enipeum
271 4063 304 4120 in
326 4075 461 4142 utroque
484 4067 633 4126 emendat
650 4065 863 4132 Soiumninm,
891 4063 939 4122 uti
961 4063 1058 4121 otiam
1076 4079 1115 4120 ex

78 4161 182 4234 Mela,
215 4163 325 4226 minuo
351 4175 459 4226 tamen
480 4183 572 4238 rere,
606 4164 702 4228 refert
725 4165 932 4228 Weussenitn
954 4164 993 4226 td
1013 4164 1115 4224 Lucae
